2243 3425
197 520 311 539 Notandum.

196 1650 226 1669 Ad
239 1650 313 1674 opposi-

233 1676 278 1692 tum.

328 203 383 231 604

326 280 404 309 addit
424 279 528 316 aliquid
552 286 637 315 supra
653 277 820 314 potentiam3
836 275 996 309 dicendum,
1012 274 1085 311 quod
1104 274 1172 303 illud

326 335 379 355 non
395 331 436 355 est
452 333 567 359 verum⁷
590 323 770 360 intelligendo
792 323 826 351 de
850 322 992 350 additione
1014 321 1172 355 essentiali,

326 373 449 402 maxime
472 373 517 400 ubi
540 371 662 409 potentia
684 374 724 399 est
747 369 868 398 habilis¹
892 376 942 406 per
964 377 993 398 se
1016 369 1113 406 ipsam.

404 421 430 448 Ξ).
453 420 491 448 Ad
513 418 582 447 illud
604 418 680 455 quod
702 417 848 451 obiicitur,
871 416 946 454 quod
968 416 1059 445 omnis
1081 419 1174 453 poten-

326 468 361 495 tia
384 467 461 495 addit
482 473 568 502 supra
597 464 797 493 substantiam:
821 471 887 500 ergo
917 466 984 496 etc.;
1006 463 1174 495 dicendum,

326 514 400 550 quod
422 521 475 541 non
499 515 539 540 cst
561 511 667 546 simile,
699 519 750 548 pro
781 518 814 539 eo
836 510 911 547 quod
932 509 1064 546 facultas
1085 517 1175 538 essen-

325 560 415 588 tialior
437 562 527 596 potest.
548 567 609 588 esse
630 558 784 595 potentiae,
806 565 891 595 quam
913 558 948 586 sit
966 557 1097 594 potentia
1112 557 1176 585 sub-

325 607 441 636 stantiae
450 618 456 641 3
478 605 660 634 nihilominus
683 609 775 633 tamen
790 605 885 642 aliqua
899 599 1022 641 potentia
1037 608 1087 639 est,
1103 612 1175 641 quae

324 654 359 682 ad
382 654 456 682 idem
478 661 566 689 genus
588 652 672 681 habet
694 652 790 681 reduci
813 660 876 681 cum
910 652 1081 686 substantia,
1103 652 1175 681 sicut

325 701 451 729 habitum
474 701 525 729 fuit
546 708 632 737 supra
644 700 661 728 ’ἦ

404 747 428 776 3.
452 747 490 776 Ad
513 747 583 776 illud
605 746 681 783 quod
702 746 848 780 obiicitur,
871 746 945 783 quod
962 746 1082 775 liberum
1105 746 1176 775 arbi-

325 794 410 822 trium
432 793 525 831 aliquo
548 793 631 822 modo
663 793 802 821 contrahit
833 793 970 821 rationem
992 796 1019 821 et
1050 793 1175 821 volunta-

324 845 396 876 tem:
418 841 588 875 dicendum,
609 841 685 878 quod
709 841 761 869 hoc
783 848 838 869 non
861 844 903 869 est
924 848 974 877 per
995 840 1175 869 additionem

324 889 444 918 alicuius
465 888 601 923 absoluti,
624 889 671 917 sed
705 891 820 926 propter
853 887 1112 916 concomitantiam
1135 896 1176 916 ra-

324 937 406 965 tionis
428 940 455 965 et
476 936 643 970 voluntatis,
666 943 738 973 quae
771 935 855 964 simul
878 938 1051 964 concurrunt
1072 935 1107 964 ad
1130 935 1175 964 do-

324 984 443 1012 minium
465 983 546 1012 liberi
567 983 692 1017 arbitrii;
711 991 765 1011 non
789 986 881 1011 tamen
902 990 931 1011 se
953 983 1175 1011 concomitantur

327 1031 353 1058 in
368 1030 552 1068 productione
574 1030 727 1059 cuiuslibet
742 1034 822 1059 actus
836 1030 953 1067 proprii.
976 1030 1085 1067 Aliquid
1100 1030 1174 1058 enim

325 1077 433 1115 appetit
461 1078 616 1115 appetitus,
650 1078 723 1106 circa
755 1077 830 1114 quod
853 1085 907 1105 non
931 1080 972 1105 est
994 1076 1174 1111 deliberatio,

1011 195 1264 225 SENTENTIARUM
1286 195 1345 223 LlB.
1368 196 1394 223 ll.

1231 276 1258 302 et
1279 273 1385 311 aliquid
1415 273 1550 302 novimas
1581 276 1609 302 et
1640 273 1782 303 credimus
1803 274 1863 303 'esse
1885 282 2000 308 verum,
2023 275 2081 304 sive

1231 321 1360 349 voluntas
1383 321 1449 349 velit
1470 321 1598 355 credere,
1620 321 1679 349 sive
1700 329 1763 349 non.

1310 368 1336 396 li.
1360 368 1397 397 Ad
1420 368 1552 396 ultimum
1584 368 1638 396 iam
1671 371 1746 405 patet
1767 369 1926 406 responsio,
1948 369 2079 406 quoniam

1232 414 1302 443 illud
1334 422 1389 443 non
1421 414 1563 444 concludit
1594 415 1773 443 additionem
1795 415 1914 445 alicuius
1940 415 2082 453 qualitatis

1232 470 1320 491 novae
1342 469 1428 499 super
1458 462 1614 496 rationem,
1637 462 1685 491 sed
1708 462 1799 491 solum
1821 463 2080 491 concomitantiam
2095 468 2210 488 Notandum.

1232 509 1398 544 voluntatis,
1421 509 1553 547 quoniam
1575 509 1634 538 sine
1654 509 1798 539 voluntate
1824 510 1894 538 ratio
1917 510 2005 539 libera
2027 518 2082 539 non

1232 559 1320 590 esset,
1341 564 1392 585 nec
1413 557 1496 585 etiam
1519 564 1534 585 e
1555 564 1699 586 converso.
1715 557 1741 585 Si
1757 560 1851 586 autem
1866 557 1934 586 istae
1950 557 2023 586 [luae
2038 565 2083 594 po-

1232 603 1334 632 tentiae
1355 607 1496 641 ponantur
1518 604 1545 632 in
1567 604 1661 642 aliquo
1686 608 1947 642 quantumcumque
1976 604 2082 639 nudae,

1233 658 1345 679 necesse
1367 654 1408 679 est
1434 651 1461 679 in
1485 658 1517 680 eo
1539 659 1643 688 ponere
1664 651 1773 680 arbitrii
1796 651 1969 686 libertatem;
1995 654 2022 680 et
2044 651 2082 680 sic

1233 698 1347 735 planum
1365 701 1422 733 est,
1444 699 1519 736 quod
1541 698 1662 728 liberum
1684 699 1851 733 arbitrium,
1869 699 1919 728 etsi
1943 699 2016 728 dicat
2037 699 2083 728 ha-

1233 746 1323 775 bitum
1353 746 1582 783 complectentem
1609 747 1745 775 rationem
1767 750 1794 775 et
1818 747 2005 781 voluntatem,
2027 754 2084 775 non

1233 796 1327 821 tamen
1349 792 1413 821 (licii
1437 792 1563 821 habitum
1586 793 1812 827 accidentalem,
1835 793 1907 822 sicut
1929 793 2017 831 gratia
2038 793 2084 822 vel

1233 839 1340 874 virtus,
1362 839 1448 868 immo
1463 839 1556 877 potius
1577 839 1643 868 dicit
1672 839 1785 868 illarum
1807 840 1930 869 duarum
1951 841 2084 878 potentia-

1234 894 1299 914 rum
1321 886 1477 915 dominium
1498 886 1639 915 naturale
1653 890 1785 924 respectu
1799 887 1859 916 eius
1874 890 1962 922 actus,
1978 887 2025 925 qui
2042 890 2084 916 est

1233 933 1337 971 eliyere
1365 934 1424 962 sive
1455 934 1624 963 consentire.
1648 934 1678 962 Et
1707 937 1856 971 propterea
1881 935 1973 964 Sancti
1995 935 2084 972 magis

1233 985 1333 1010 vocant
1354 981 1475 1010 liberum
1491 981 1641 1010 arbitrium
1655 980 1830 1019 facultatem
1846 982 1889 1011 vel
1905 985 2083 1019 potestatem,

1234 1037 1318 1066 quam
1341 1032 1440 1058 vocent
1461 1028 1672 1063 stabilitateiffl,
1696 1029 1873 1058 ostendentes
1895 1029 2083 1059 differentiam

1233 1076 1294 1106 eius
1316 1076 1351 1105 ad
1373 1076 1442 1105 alios
1464 1076 1578 1105 habitus
1599 1076 1716 1105 animae.

1090 1176 1253 1213 QUAESTIO
1276 1177 1298 1205 V
1300 1176 1317 1204 l.

607 1263 711 1291 Utrum
733 1262 818 1291 liberi?
838 1263 962 1291 arbitrii
981 1263 1113 1299 facultas
1130 1263 1200 1291 insit
1213 1262 1413 1300 principalius
1434 1263 1564 1296 rationi,
1586 1271 1627 1291 au
1649 1262 1802 1291 voluntati.

403 1362 487 1391 Sexto
508 1365 535 1391 et
556 1362 656 1391 ultimo
678 1365 719 1391 est
740 1362 882 1399 quaestio,
904 1370 968 1391 cuin
992 1362 1113 1390 liberum
1135 1370 1176 1390 ar-

324 1409 440 1438 bitrium
461 1410 495 1438 sit
519 1409 630 1438 habitus
653 1410 711 1438 sive
741 1409 859 1438 facultas
882 1409 1008 1438 residens
1027 1417 1113 1446 penes
1135 1417 1177 1437 ra-

324 1457 427 1485 tionem
449 1460 476 1485 et
498 1457 671 1485 voluntatem
694 1457 877 1491 coniunctum
899 1464 985 1493 penes
1007 1464 1091 1493 quam
1115 1456 1177 1484 ista-

328 1512 391 1533 rum
420 1505 610 1542 potentiarum
633 1504 816 1542 principalius
838 1504 918 1533 nobis
940 1504 1012 1532 insit.
1043 1504 1073 1532 Et
1102 1504 1177 1542 quod

328 1551 510 1588 principalius
532 1552 597 1581 insit
619 1559 704 1589 penes
725 1552 878 1585 rationem,
901 1551 1025 1580 videtur:

407 1600 430 1627 i.
454 1599 544 1627 Primo
566 1607 615 1637 per
633 1600 721 1636 ipsam
737 1599 978 1633 nominationem,
994 1607 1050 1636 qua
1073 1599 1176 1627 dicitur

326 1654 386 1675 esse
409 1645 532 1674 liberum
554 1646 725 1675 arbitrium.
748 1647 773 1675 Si
806 1646 881 1675 enim
903 1646 1073 1675 atliectivum
1099 1646 1177 1683 ponit

327 1701 386 1721 rem
409 1701 488 1722 suam
511 1693 584 1722 circa
605 1702 689 1722 suum
712 1694 934 1728 substantivum,
951 1697 977 1722 et
993 1693 1177 1731 principalius

327 1740 429 1769 dicitur
451 1740 558 1777 aliquid
586 1740 620 1769 (le
650 1741 760 1778 aliquo,
783 1741 858 1778 quod
888 1741 991 1769 dicitur
1021 1741 1177 1770 secundum

327 1787 558 1822 abstractionem,
590 1796 675 1825 quam
701 1788 775 1825 quod
798 1788 901 1817 dicitur
925 1788 1081 1817 secundum
1116 1796 1178 1817 con-

327 1835 511 1868 cretionem&
534 1838 560 1864 et
580 1835 694 1864 habitus
716 1835 762 1864 ille
784 1835 945 1864 nominatur
968 1835 1132 1864 arbitrium
1147 1835 1178 1864 li-

328 1881 445 1915 berum,
469 1890 523 1910 non
546 1882 664 1910 libertas
685 1882 869 1917 arbitraria„
892 1883 1042 1911 arbitrium
1065 1891 1131 1912 vero
1149 1890 1178 1912 se

327 1932 402 1958 tenet
434 1937 469 1958 ex
492 1933 570 1966 parte
593 1930 721 1958 rationis:
745 1930 857 1958 videtur
878 1938 945 1967 ergo
968 1934 1018 1959 etc.

410 1978 435 2004 ᾖ.
458 1976 539 2011 item,
557 1976 762 2014 Philosophus5
783 1977 861 2009 dicit.
888 1977 962 2014 quod
989 1977 1088 2005 «ratio
1115 1980 1179 2005 nata

327 2027 369 2052 est
391 2031 488 2061 regere
511 2024 678 2052 irascibilem
701 2027 728 2052 et
753 2024 999 2061 concupiscibilem
1010 2035 1023 2050 »
1031 2035 1038 2058 3
1063 2024 1111 2052 sed
1135 2032 1179 2052 vo-

328 2070 421 2099 luntas
443 2071 567 2100 consistit
588 2071 615 2099 in
638 2071 692 2099 illis
714 2071 825 2099 duabus
848 2071 969 2105 viribus,
992 2071 1096 2100 scilicet
1118 2079 1179 2099 con-

328 2118 483 2155 cupiscibili
513 2121 539 2147 et
571 2118 717 2147 irascibili:
751 2126 818 2155 ergo
841 2118 911 2147 ratio
934 2122 997 2147 nata
1018 2122 1059 2147 est
1082 2126 1179 2155 regere

328 2166 516 2200 voluntatem3
539 2166 587 2195 sed
611 2166 729 2195 liberum
753 2166 902 2195 arbitrium
918 2169 960 2195 est
976 2167 1064 2203 magis
1080 2173 1179 2202 regens

328 2221 412 2250 quam
435 2216 558 2242 rectum:
582 2221 648 2250 ergo
671 2213 759 2250 magis
779 2221 808 2242 se
839 2216 912 2242 tenet
932 2221 968 2242 ex
990 2217 1069 2251 parte
1091 2213 1180 2241 ratio-

327 2260 374 2287 nis
396 2268 480 2297 quam
505 2260 664 2288 voluntatis.
688 2259 722 2288 Si
736 2264 767 2288 tit
783 2260 883 2295 dicas,
903 2260 977 2297 quod
994 2260 1180 2297 Philosophus

328 2307 456 2344 intelligit
478 2307 512 2336 de
536 2307 666 2336 irascibili
689 2310 716 2336 ct
748 2307 957 2344 concupiscibili
981 2308 1101 2341 brutali⁷
1124 2316 1177 2344 non

327 2354 362 2383 de
385 2354 439 2384 illa,
463 2354 490 2382 in
523 2362 578 2392 qua
610 2354 735 2383 consistit
766 2354 912 2388 voluntas;
934 2359 1031 2384 contra
1053 2355 1105 2383 hoc
1137 2358 1179 2383 est

391 2507 396 2521 ¹
416 2508 471 2530 Edsl.
491 2515 543 2530 cum
562 2514 606 2531 non
632 2510 710 2536 [mucis
733 2509 801 2531 codd.
819 2508 959 2537 liabi'lnalis,
985 2512 1085 2532 nostram
1105 2509 1178 2531 lectio-

328 2553 379 2569 uoui
406 2547 531 2569 (lct‘cndunt
556 2548 623 2570 codd.
654 2548 670 2570 Α
698 2548 723 2576 (a
751 2549 852 2571 secundo
881 2551 964 2575 intuiti)
991 2549 1114 2571 DEFlll
1129 2548 1178 2570 MN

328 2586 342 2607 Ρ
356 2586 373 2607 Υ
385 2592 418 2608 aa.

390 2625 398 2638 ‘2
417 2625 470 2647 Dist.
490 2625 525 2647 Qi.
545 2632 566 2654 p.
586 2626 600 2648 l.
618 2633 636 2647 a.
664 2627 684 2648 2.
703 2633 724 2655 q.
749 2627 764 2648 Ι.
784 2628 804 2648 in
829 2633 892 2655 corp.
918 2630 940 2649 ct
957 2626 985 2648 ad
1004 2627 1024 2648 8.
1042 2639 1073 2642 -
1093 2627 1179 2649 Versus

328 2663 415 2685 initium
436 2664 502 2686 solut.
522 2670 563 2692 pro
582 2665 659 2687 omnis
678 2666 725 2687 Vnt.
746 2671 799 2687 cuin
817 2665 853 2687 cd.
873 2665 885 2687 4
904 2671 1026 2693 perpurum
1045 2665 1154 2688 hominis.

390 2701 399 2716 3
418 2703 466 2724 Vnt.
486 2710 539 2725 cum
558 2703 594 2725 etl.
612 2704 623 2725 i.
642 2703 755 2727 habitum.

391 2740 399 2754 “¹
417 2740 461 2763 Cir.
479 2748 549 2770 supra
568 2749 620 2771 pag.
641 2743 697 2771 472,
717 2748 767 2766 notu
787 2745 807 2765 (5.

392 2780 401 2794 5
418 2780 477 2802 Libr.
497 2782 523 2803 V.
542 2782 621 2809 Topic.
640 2788 658 2804 c.
683 2783 703 2804 l:
721 2782 852 2806 Rationalis
876 2784 997 2811 proprium
1018 2783 1077 2812 [cst]
1096 2783 1180 2811 princi-

330 2824 384 2845 pare
402 2819 430 2841 ad
449 2821 626 2848 eunomiiscibile
644 2824 665 2843 et
683 2821 807 2850 irascibile,
826 2829 853 2845 co
871 2822 935 2851 quod
954 2822 1009 2845 illud
1027 2822 1122 2851 quidem
1140 2823 1180 2844 im-

330 2860 409 2885 porat,
428 2859 483 2881 hoct-
506 2863 581 2882 autem
600 2864 686 2888 porciu.
711 2861 771 2884 Libr.
791 2863 805 2884 l.
824 2863 893 2884 Etliic.
918 2869 936 2885 c.
955 2863 993 2884 ult.
1012 2866 1033 2884 et
1051 2863 1084 2884 lll.
1103 2868 1122 2884 c.
1141 2862 1179 2884 ult.

330 2896 419 2918 Ariston
437 2897 514 2926 (locor,
528 2902 615 2926 partem
629 2901 830 2928 concupiscibilem
845 2901 928 2923 deberi*
942 2901 1036 2924 obedire
1049 2904 1070 2924 ct
1082 2902 1180 2929 imperio

331 2935 423 2957 rationis
445 2936 617 2965 obtemperare3
643 2943 665 2961 ot
690 2939 745 2961 ibid.
769 2940 796 2961 X.
823 2946 842 2962 c.
869 2940 894 2968 7,
918 2941 1056 2963 intellectum
1074 2946 1125 2962 esse
1142 2939 1179 2968 id,

335 2974 420 3002 «quod
439 2981 493 2996 sano
516 2976 643 2998 secundum
662 2980 766 3000 naturam
790 2979 881 3001 videtur
905 2980 1058 3007 principatum
1077 2979 1181 3001 obtinere

331 3016 351 3035 ct
366 3014 496 3041 praesidere
515 3016 676 3044 notionemque
689 3017 773 3039 habero
786 3018 814 3039 ‹lc
827 3019 928 3041 honestis
940 3022 960 3041 et
979 3019 1063 3041 divinis
1076 3019 1146 3041 robus
1160 3027 1179 3041 ».

1234 1362 1293 1399 ipsa
1317 1362 1409 1390 littera
1420 1362 1436 1389 “2
1460 1362 1567 1390 Dicitur
1589 1362 1678 1396 enim,
1695 1362 1770 1399 quod
1792 1362 1914 1391 liberum
1936 1362 2085 1391 arbitrium

1239 1421 1250 1433 α
1263 1413 1304 1438 est
1327 1409 1447 1438 liberum
1470 1409 1504 1438 de
1527 1409 1669 1438 voluntate
1704 1409 1886 1438 titillenmnn:
1911 1410 1933 1438 si
1955 1417 2021 1447 ergo
2044 1410 2086 1437 in-

1234 1456 1362 1485 dicantis
1383 1460 1424 1485 est
1447 1464 1543 1493 regere
1566 1456 1730 1491 iudicatum,
1753 1460 1827 1493 patet
1848 1459 1898 1485 etc.

1314 1503 1340 1532 3.
1363 1504 1445 1538 item,
1467 1504 1539 1532 facto
1570 1504 1670 1532 ultimo
1697 1504 1800 1532 iudicio
1822 1504 1952 1538 rationis,
1975 1512 2086 1541 semper

1235 1551 1364 1579 voluntas
1386 1553 1515 1579 movetur
1537 1550 1693 1579 secundum
1709 1550 1792 1579 illud:
1809 1558 1875 1587 ergo
1890 1550 1912 1579 si
1929 1550 1980 1579 hoc
1996 1551 2087 1587 praeit

1235 1602 1367 1635 tanquam
1391 1598 1546 1631 indicans,
1569 1601 1596 1627 et
1618 1598 1687 1627 illud
1712 1598 1840 1635 sequitur
1858 1602 1990 1635 tanquam
2013 1598 2088 1627 incli-

1235 1649 1352 1679 catam,
1382 1653 1445 1674 cuin
1481 1645 1594 1674 libertas
1627 1646 1715 1682 magis
1749 1645 1870 1674 resideat
1898 1653 1983 1682 penes
2016 1645 2086 1674 illud

1235 1693 1311 1730 quod
1334 1693 1423 1730 praeit
1455 1696 1481 1722 et
1515 1693 1649 1730 imperat.
1682 1701 1766 1730 quam
1795 1701 1879 1729 penes
1912 1693 1982 1722 illud
2012 1693 2087 1730 quod

1236 1741 1363 1777 sequitur
1386 1744 1413 1769 et
1434 1740 1540 1769 obedit:
1557 1740 1684 1774 videtur,
1708 1740 1783 1777 quod
1800 1740 1922 1769 liberum
1937 1740 2087 1769 arbitrium

1236 1788 1300 1825 plus
1322 1795 1351 1816 se
1373 1791 1448 1816 tenet
1469 1795 1505 1816 ex
1528 1791 1607 1824 parte
1628 1787 1757 1816 rationis
1778 1796 1863 1825 quam
1887 1787 2046 1816 voluntatis.

1315 1836 1340 1863 [ι.
1372 1835 1454 1869 lieni,
1488 1834 1608 1863 liberum
1641 1835 1791 1864 arbitrium
1823 1843 1855 1864 eo
1886 1836 1944 1872 ipso
1966 1835 2087 1863 liberum

1236 1886 1293 1917 est,
1315 1891 1370 1920 quo
1392 1885 1482 1920 potest
1504 1891 1533 1911 se
1556 1883 1648 1919 ipsum
1673 1883 1842 1920 restringere
1868 1886 1895 1911 et
1917 1882 2087 1919 reprimere;

1237 1930 1284 1958 sed
1309 1930 1447 1967 repressio
1468 1933 1547 1958 actus
1569 1929 1646 1958 voliti
1670 1933 1782 1958 nonest
1804 1930 1855 1958 nisi
1879 1937 1928 1966 per
1951 1929 2087 1958 iudicium

1237 1977 1366 2011 rationis,
1389 1977 1463 2014 quia⁷
1486 1977 1538 2005 nisi
1561 1984 1681 2006 examen
1698 1977 1814 2005 rationis
1829 1977 2004 2009 interveniat,
2020 1984 2089 2005 sem-

1237 2031 1286 2060 per
1308 2023 1436 2052 voluntas
1458 2023 1586 2060 sequitur
1608 2025 1745 2060 impetum
1777 2023 1949 2052 affectionis:
1971 2031 2038 2060 ergo
2061 2023 2089 2051 li-

1236 2070 1330 2099 bertas
1352 2071 1440 2107 magis
1461 2074 1503 2099 est
1524 2078 1609 2107 penes
1624 2071 1769 2099 rationem
1785 2079 1869 2108 quam
1886 2071 2058 2099 voluntatem
2070 2071 2088 2097 ⁷.

1316 2118 1368 2146 SED
1389 2126 1517 2146 contrua:
1543 2119 1566 2145 l.
1588 2118 1719 2146 Liberum
1742 2118 1891 2146 arbitrium
1913 2125 1946 2146 eo
1969 2118 2028 2154 ipso
2050 2117 2224 2158 (li-Fundamean

1237 2165 1310 2193 citur
1332 2165 1470 2199 liberum,
1491 2165 1557 2202 quia
1579 2165 1704 2194 immune
1726 2168 1767 2194 est
1789 2173 1804 2193 a
1827 2165 1999 2193 coactione&
2022 2172 2088 2202 ergo

1238 2220 1322 2249 penes
1354 2211 1424 2240 illud
1458 2212 1581 2241 maxime
1613 2216 1654 2241 est
1677 2212 1798 2241 liberum
1820 2212 1990 2246 arbitrium,
2013 2212 2088 2249 quod

1239 2259 1326 2297 magis
1348 2259 1494 2295 elongatur
1516 2267 1532 2287 a
1554 2263 1655 2288 natura
1677 2259 1841 2293 coact101iis;
1863 2262 1890 2288 et
1912 2259 1975 2288 talis
1997 2263 2090 2296 poten-

1238 2307 1275 2335 tia
1297 2310 1338 2335 esi
1370 2307 1429 2344 ipsa
1464 2306 1615 2340 voluutas,
1649 2315 1702 2335 non
1726 2307 1812 2339 ratim
1846 2306 1873 2334 in
1896 2306 1992 2335 multis
2014 2306 2088 2335 enim

1238 2354 1371 2391 contingit
1394 2354 1529 2383 rationem
1545 2354 1614 2392 cogi,
1631 2362 1684 2382 uon
1700 2354 1739 2383 sic
1754 2354 1939 2383 voluntatem:
1956 2362 2022 2391 ergo
2037 2358 2087 2384 etc.

1237 2508 1297 2530 Libr.
1322 2508 1335 2530 Ι.
1355 2507 1416 2529 ΡοΙῖι.
1431 2515 1449 2529 ‹·.
1469 2507 1489 2529 3.
1508 2508 1540 2533 (c.
1555 2507 1585 2534 2.)
1603 2507 1645 2529 ait:
1663 2507 1718 2528 Nam
1740 2508 1831 2529 animus
1849 2506 1943 2535 quidem
1965 2508 1986 2528 in
2005 2513 2090 2534 corpus

1236 2547 1379 2570 dominicum
1399 2547 1492 2575 [herile]
1512 2546 1579 2569 habet
1597 2547 1733 2574 imperiuniq
1754 2552 1818 2568 niens
1845 2552 1900 2568 vero
1922 2547 1943 2568 iu
1962 2547 2089 2574 appetitum

1237 2587 1303 2609 cixilo
1321 2591 1343 2609 et
1360 2588 1462 2614 rognum
1487 2587 1507 2608 in
1527 2586 1613 2614 quibus
1636 2586 1723 2607 clarum
1742 2588 1776 2608 cst
1793 2585 1921 2608 secundum
1939 2589 2045 2608 naturam
2069 2588 2091 2607 et

1237 2626 1355 2649 utilitatem
1381 2626 1488 2653 imperari
1514 2625 1543 2647 :ib
1569 2626 1645 2647 animo
1672 2625 1775 2653 corpori,
1793 2628 1814 2647 ct
1837 2625 1866 2647 ab
1884 2631 1909 2647 ca
1937 2629 2012 2653 parte,
2030 2631 2090 2654 quae

1238 2664 1307 2687 habet
1320 2666 1442 2693 rationein⁷
1456 2666 1475 2687 ei
1490 2665 1559 2692 parti,
1573 2670 1631 2692 quac
1650 2664 1753 2686 subiacet
1766 2663 1938 2692 perturbationi.
1960 2663 2003 2686 cn:
2022 2665 2089 2686 etiam

1238 2705 1259 2726 ll.
1284 2704 1359 2726 iiim-ai.
1378 2704 1473 2726 liudem.
1498 2710 1515 2726 c.
1536 2704 1556 2725 2.
1575 2704 1607 2729 (c.
1631 2704 1665 2731 i.).
1684 2716 1715 2718 —
1732 2703 1801 2725 Paulo
1819 2704 1913 2725 iuscrius
1936 2707 1988 2731 post
2008 2702 2090 2726 volien-

1238 2745 1306 2766 tutem
1327 2743 1375 2766 Vnt.
1394 2746 1415 2765 et
1433 2743 1485 2765 odd.
1505 2743 1531 2769 2,
1550 2743 1575 2770 3,
1594 2742 1606 2764 4
1625 2742 1713 2764 addunt
1730 2743 1751 2765 et
1770 2742 1893 2765 rationem,

1301 2782 1310 2797 ὅ
1329 2783 1440 2811 Magistri,
1458 2783 1494 2804 hic
1513 2788 1531 2804 c.
1554 2783 1571 2809 l,
1590 2781 1629 2804 ubi
1643 2783 1699 2804 hacc
1712 2782 1798 2804 Boethii
1818 2781 1918 2804 definitio
1936 2782 2041 2809 ast‘crtur,
2060 2781 2089 2804 de

1237 2829 1282 2850 qua
1301 2823 1340 2845 cfr.
1359 2823 1427 2844 ctiam
1445 2828 1514 2850 supro
1534 2828 1586 2850 pag.
1605 2821 1657 2849 595,
1677 2825 1728 2844 nota
1747 2822 1768 2844 3.

1300 2862 1309 2876 ⁷
1327 2861 1382 2884 Cod.
1402 2868 1426 2884 cc
1444 2865 1464 2884 et
1483 2861 1518 2884 ed.
1541 2862 1546 2882 l
1569 2867 1643 2890 qnam
1660 2866 1730 2890 penes
1747 2860 1900 2884 voluntatem.
1919 2861 1940 2882 ln
1960 2861 2022 2882 initio
2039 2866 2087 2888 arg.

1239 2901 1299 2923 idom
1323 2901 1374 2924 cod.
1396 2907 1421 2923 cc
1444 2907 1496 2923 cum
1519 2901 1601 2923 eadem
1625 2900 1662 2923 ed.
1693 2901 1698 2922 i
1730 2900 1846 2922 substituit
1866 2899 1930 2930 quod
1951 2900 2025 2928 potest
2046 2905 2088 2927 pro

1238 2946 1284 2970 quo
1298 2941 1381 2970 potest.
1400 2940 1469 2962 Paulo
1492 2940 1587 2962 inferius
1605 2942 1655 2968 post
1674 2939 1790 2969 repressio
1814 2940 1882 2962 arins
1903 2938 1953 2961 cod.
1973 2938 1990 2960 O
2007 2937 2088 2960 substi-

1239 2981 1281 3002 tuit
1298 2979 1427 3002 voluntatis
1445 2985 1487 3008 pro
1507 2979 1577 3002 voltis.

1301 3018 1311 3033 ²3
1328 3018 1372 3041 Cir.
1391 3020 1446 3041 insi-n
1467 3025 1488 3046 p.
1508 3019 1529 3040 ll.
1549 3019 1616 3041 huius
1635 3018 1685 3041 [list.
1704 3025 1725 3047 q.
1748 3019 1764 3040 l.
1783 3022 1803 3040 ct
1822 3018 1842 3039 3.
1860 3023 1908 3046 seq.
