2243 3425
19 694 137 716 Augustulus.

12 1514 128 1537 &ugus-tinus.

10 1643 90 1662 Dubium
105 1644 122 1662 4..

9 1772 125 1795 Augustinus.

905 183 1091 212 DlSTlNCTIO
1113 184 1167 213 XV.
1855 189 1906 218 371

153 256 229 286 liter,
256 257 302 283 sed
330 257 503 284 materialiter
533 261 595 285 tunc
624 259 694 285 sacta
719 260 816 292 fuisse,
844 267 914 294 quae
942 264 1003 294 post

152 307 201 334 per
221 300 349 334 temporis
378 308 517 327 accessum
547 301 694 328 formaliter
723 303 848 330 distincta
874 306 947 335 sunt,
974 306 1003 330 ut

152 342 260 372 herbae,
284 343 395 370 arbores
417 347 443 370 et
460 344 525 371 sorte
546 345 679 372 animalia.
700 345 793 372 Omnia
814 352 877 379 ergo
898 346 922 372 in
944 346 1002 380 ipso

153 387 282 420 temporis
303 387 378 413 initio
398 388 465 414 saeta
487 395 546 414 esse
575 388 684 420 dicunt,
711 388 758 414 sed
786 388 920 422 quaedam
946 390 1003 423 sor-

150 429 260 455 wzaltter
289 433 314 456 et
342 431 491 457 secuudum
511 430 622 466 species,
644 438 711 465 quas
731 431 831 458 habere
851 432 1001 463 cernimus,

151 475 179 498 ut
208 473 324 499 maiores
344 473 436 499 muudi
462 477 567 507 partes,
598 473 731 508 quaedam
760 481 824 500 vero
853 474 1001 501 materiali-

151 518 190 541 ter
219 519 359 542 [stltllmttn.
389 516 454 547 Sed,
486 519 514 542 ut
533 516 639 547 dicunt,
664 516 786 551 MoyseS,
806 516 920 551 loquens
940 517 1000 543 rudi

150 561 176 585 et
195 559 295 585 carnali
316 559 430 594 populo,
455 559 599 586 locutionis
625 559 734 586 modum
762 560 938 594 temperavit,
968 560 1000 587 de

149 602 204 628 Deo
233 602 345 636 loquens
371 610 386 629 a
415 602 496 628 simili
522 602 652 635 hominis,
676 603 722 637 qui
743 610 791 637 per
819 610 909 630 moras
940 606 1001 629 tem<

150 652 246 678 porum
267 652 349 679 opera
369 652 416 671 sua
446 645 562 679 perficit,
589 652 650 671 cum
671 646 729 679 ipse
749 645 828 672 sinml
848 653 896 672 sua
917 652 999 680 opera

150 688 250 714 lecerit.
280 687 355 714 Unde
383 688 561 721 Augustinus:
596 687 694 720 «Ideo,
715 689 818 722 inquit,
838 688 944 723 Moyses
964 688 1000 714 di-

148 730 226 756 visim
247 731 340 762 refert,
370 731 453 757 Deum
485 731 528 757 illa
549 738 632 764 opera
652 731 760 763 secisse,
790 731 852 765 quia
884 739 935 758 non
955 739 1000 766 po-

150 774 199 800 tuit
227 774 306 800 simul
336 774 369 800 ab
399 774 506 800 homine
532 774 584 800 diei
607 774 679 808 quod
700 781 714 800 a
734 775 789 801 Deo
813 775 891 801 simul
913 775 1000 809 potuit

150 816 205 843 lieri
218 828 241 842 u.
266 817 361 843 item:
400 817 513 843 «Potuit
541 817 663 843 dividere
696 817 836 851 Scriptura
871 818 998 852 loquendi

148 860 314 894 temporibus
345 860 417 894 quod
448 861 519 887 Deus
548 860 678 894 operandi
700 861 866 895 [emporibus
886 869 938 888 non
963 862 999 888 di-

149 903 244 930 visit».
273 903 311 929 Illi
341 904 387 937 qui
417 904 458 930 liis
478 904 684 930 auctoritatibus
710 907 736 930 et
764 904 823 931 aliis
842 905 997 932 huiusmodi

148 947 317 973 inhaerentes
337 947 443 978 dicunt,
463 950 579 981 quatuor
605 947 735 974 elementa
761 951 841 982 atque
867 948 935 974 caeli
961 948 999 975 lu-

147 990 259 1017 minaria
281 990 316 1017 ita
336 990 449 1016 formata
470 990 549 1016 simul
569 990 656 1021 esse1,
676 990 735 1017 illos
761 998 808 1017 sex
834 990 909 1024 dies,
930 999 998 1025 quos

147 1033 286 1067 Scriptura
306 1036 512 1064 commemorat,
531 1041 579 1060 sex
600 1040 691 1060 rerum
712 1041 824 1067 genera,
845 1034 871 1060 id
898 1038 939 1061 est
961 1034 998 1061 di-

146 1077 303 1103 stinctiones
323 1076 474 1111 appellant,
494 1084 564 1111 quae
595 1077 674 1104 simul
696 1077 782 1104 factae
802 1081 877 1110 sunt,
898 1078 995 1112 partim

144 1119 315 1154 formaliter,
335 1120 432 1154 partim
453 1119 607 1146 causaliter.

500 1206 561 1233 CAP.
582 1206 635 1233 VII.

274 1292 411 1325 Quomodo
432 1291 610 1327 ίφῑῐθίίριχρηαά
629 1292 664 1319 32⁴!
682 1292 788 1328 requies
808 1293 865 1321 Dei.

213 1379 267 1406 lam
296 1379 329 1405 de
358 1379 488 1413 septimae
518 1379 571 1405 diei
592 1379 684 1413 requie
705 1379 807 1413 aliquid
829 1388 876 1406 nos
903 1380 992 1415 eloqui

142 1426 255 1457 oportet.
275 1422 412 1457 Scriptum
432 1426 485 1453 est,
500 1422 563 1457 quia
578 1422 720 1457 complevit
732 1423 804 1449 Deus
818 1422 861 1449 coe
880 1423 991 1458 septeno

144 1474 210 1501 opus
224 1474 330 1493 statam...
344 1470 367 1492 et
380 1464 513 1500 requievit
526 1464 569 1491 die
582 1465 694 1500 septimo
709 1464 742 1492 ab
757 1465 884 1493 universo
896 1475 991 1501 opere,

140 1510 213 1544 qnod
228 1513 355 1544 pall-arcet
366 1509 384 1536 ².
403 1521 412 1531 ιι
423 1509 598 1543 RequieviSse
612 1509 712 1535 dicitur
726 1509 796 1535 Deus
810 1509 853 1536 die
867 1510 991 1544 septimo,

140 1560 192 1579 nou
212 1553 289 1587 quasi
310 1553 447 1586 operando
467 1552 567 1585 lassus,
587 1552 633 1579 sed
654 1552 688 1579 ab
709 1553 835 1579 universo
850 1560 933 1587 opere
953 1561 991 1580 re—

139 1596 257 1630 quievit,
286 1596 348 1630 quia
378 1602 474 1621 novam
501 1598 652 1622 creaturam
684 1595 771 1622 facere
801 1596 924 1622 cessavit.
945 1597 991 1623 Re-

139 1638 272 1674 quiescere
292 1639 361 1665 enim
377 1645 483 1665 cessare
497 1639 596 1665 dieitur
608 1638 616 1651 ³
626 1650 648 1665 n.
662 1639 739 1665 Unde
762 1639 787 1665 iu
808 1640 988 1674 Apocalypsi:

139 1682 201 1708 Non
230 1680 362 1707 hebebant
392 1680 509 1717 requiem
546 1681 679 1708 dicentia:
712 1684 841 1713 Sanctus,
862 1687 987 1714 sancitas,

137 1728 265 1755 semotus,
295 1724 320 1751 id
351 1728 402 1757 est,
431 1725 521 1752 dicere
552 1732 603 1751 non
633 1725 783 1752 cessabant.
813 1726 988 1760 Requievisse

139 1768 219 1801 igitur
240 1768 310 1794 Deus
330 1768 440 1799 dicitur,
470 1768 533 1802 quia
566 1769 704 1795 «cessavit
729 1776 742 1795 a
764 1769 892 1796 faciendis
912 1777 988 1804 gene>

136 1811 212 1837 ribus
231 1814 386 1843 creaturae,
407 1811 470 1845 quia
490 1811 559 1837 ultra
580 1819 649 1838 nova
675 1819 727 1838 non
748 1812 876 1839 condidit.
897 1813 986 1847 Usque

137 1862 207 1881 nunc
234 1857 336 1885 tamen,
364 1857 392 1880 ut
416 1854 521 1881 Veritas
551 1854 575 1880 in
605 1855 751 1889 Evangelio
780 1855 829 1886 ait,
858 1859 986 1889 operatur

135 1898 213 1924 Pater
233 1905 294 1924 cum
316 1897 398 1928 Filio,
424 1897 529 1924 scilicet
558 1897 818 1924 administrationem
839 1899 985 1925 eorundem

134 1947 275 1974 generum,
295 1947 365 1974 quae
386 1943 448 1966 tunc
468 1940 588 1966 instituta
608 1944 678 1967 sunt.
698 1940 832 1967 CreatoriS
845 1941 915 1967 enim
937 1941 987 1967 vir-

136 1987 178 2009 tus
197 1991 279 2010 causa
299 1982 461 2009 subsistendi
483 1987 523 2009 cst
548 1983 619 2009 omni
646 1986 795 2010 creaturae.
816 1984 891 2015 Quod
921 1992 984 2018 ergo

134 2027 248 2053 dicitur:
268 2027 349 2053 Pater
370 2035 443 2053 meus
463 2035 547 2062 usque
565 2026 645 2052 moclo
660 2031 805 2061 operatur,
825 2031 848 2053 et
861 2035 906 2062 eqo
929 2035 986 2062 ope-

135 2078 202 2102 t·ol·,·
222 2070 289 2096 illud
310 2071 451 2097 universae
471 2074 612 2097 creaturae
633 2071 787 2097 contitutam
817 2071 985 2098 administra-

135 2114 233 2140 tionem
254 2114 376 2140 ostendit.
398 2114 444 2140 Die
464 2121 527 2147 ergo
547 2114 662 2147 septimo
677 2113 823 2149 requievit,
839 2118 867 2141 ut
888 2122 983 2141 novam

133 2160 284 2183 creaturam
306 2157 418 2183 ulterius
438 2165 489 2183 non
511 2158 623 2189 faceret,
653 2158 731 2184 cuius
752 2159 863 2185 materia
886 2159 925 2185 vel
953 2159 984 2185 si<

134 2200 276 2227 militudo⁴
298 2208 349 2227 nou
370 2202 561 2235 praecesserit;
581 2202 628 2228 sed
651 2210 733 2237 usquc
751 2210 823 2228 neme
842 2206 983 2236 operatur,

134 2247 161 2270 ut
184 2243 256 2278 quod
277 2244 397 2271 condidit
417 2245 554 2271 continere
575 2249 599 2272 et
619 2245 770 2279 gubernare
790 2253 840 2272 non
862 2249 983 2272 cesset».

193 2599 198 2613 1
218 2599 270 2621 Post
286 2598 359 2622 semul
376 2604 439 2626 esse,
460 2598 540 2627 codd,
559 2602 654 2626 excepto
673 2598 723 2620 cod.
744 2599 772 2625 D,
791 2604 843 2621 cum
861 2598 914 2621 edd.
937 2598 977 2621 ad-

129 2638 186 2661 dunt
204 2644 248 2660 non
266 2638 325 2660 bene
343 2639 365 2661 et
381 2637 496 2660 ltctbttt'sse.

192 2678 200 2692 '2
218 2678 273 2699 Gen.
292 2678 316 2705 2,
336 2678 356 2699 2.

191 2716 200 2731 ³
217 2717 324 2744 August„
343 2717 378 2738 Ν.
397 2716 425 2739 de
443 2717 498 2739 Gen.
517 2716 545 2739 ad
564 2717 593 2739 lit.
607 2722 625 2739 c.
639 2717 660 2738 8.
679 2722 700 2738 n.
719 2716 755 2744 l5;
769 2722 817 2745 seq.
832 2716 895 2738 locus
907 2722 926 2738 e.
946 2717 977 2738 12.

129 2763 149 2778 n.
169 2757 212 2783 22,
230 2756 403 2783 sententialiter,
421 2756 462 2778 sed
479 2757 501 2778 in
519 2756 598 2778 Glossa
616 2755 666 2778 ord.
684 2755 713 2777 ad
726 2756 786 2777 huns:
805 2755 881 2777 locum
894 2761 977 2783 magna

127 2802 155 2818 ex
171 2798 235 2823 parte
253 2795 281 2817 ad
294 2795 400 2817 verbum.
414 2795 488 2817 Locus
505 2796 575 2823 Apoe.
596 2798 630 2817 est
643 2794 671 2823 t,
685 2795 705 2816 8.
718 2807 749 2810 —
761 2795 864 2823 Sequens
884 2794 948 2816 locus
960 2801 977 2817 5.

129 2834 260 2862 scripturae
277 2836 312 2865 est
328 2834 386 2856 loen.
405 2833 434 2861 ὅ,
456 2833 489 2856 17.
508 2834 622 2862 Vulgata:
641 2833 705 2855 Pater
722 2839 788 2855 meus
806 2839 880 2861 usque
906 2833 977 2855 modo

127 2877 243 2901 operatur,
261 2876 283 2895 et
300 2879 344 2901 ego
361 2879 452 2901 operor.

189 2911 198 2926 4
216 2912 256 2934 Hie
274 2912 324 2935 cod.
342 2912 386 2934 list.
413 2915 520 2935 annotat:
546 2911 681 2935 Similitudo
708 2918 753 2934 non
780 2915 813 2934 est
838 2911 868 2933 ibi
895 2913 976 2934 necin

127 2952 213 2974 Glossa.

189 2991 199 3005 5
216 2991 294 3014 Glossa
313 2991 428 3014 ordinaria
446 2991 475 3014 ad
493 2992 547 3014 Gen.
562 2992 586 3019 ⁵2,
602 2992 621 3013 Ξ.
635 3004 664 3006 -
677 2991 699 3013 S.
711 2991 807 3019 August⁴
821 2990 866 3015 (lV.
880 2990 908 3013 de
921 2991 975 3012 Gen.

1411 263 1471 291 cip,
1492 265 1554 292 Vlll.

1063 348 1199 379 Quomodo
1227 349 1415 384 accipiendum
1446 350 1497 382 sit,
1530 351 1602 386 quod
1633 351 1734 379 (licitur
1753 353 1824 379 Dete-5
1844 361 1911 379 com-

1128 391 1215 425 plesse
1235 400 1301 427 opus
1320 401 1401 419 smcm
1429 393 1540 429 septem
1570 394 1630 426 die,
1659 403 1719 422 cum
1749 400 1811 423 tunc
1839 396 1910 432 quie-

1131 439 1207 461 cerac.

1131 520 1182 547 Sed
1203 522 1355 555 quaeritur,
1375 523 1511 557 quomodo
1531 525 1645 559 septimo
1660 525 1703 553 die
1717 526 1824 553 dicatur
1837 527 1908 554 Deus

1059 563 1208 597 complesse
1228 572 1297 599 opus
1316 573 1408 597 suum,
1434 574 1495 593 cum
1520 567 1553 594 ab
1583 569 1654 595 omni
1683 577 1765 603 opere
1795 570 1838 596 illo
1865 570 1909 597 die

1058 606 1223 640 requieverit
1248 615 1297 634 nec
1323 609 1433 643 aliquod
1458 618 1542 644 genus
1570 619 1669 638 novum
1690 620 1780 639 rerum
1807 614 1907 641 fecerit.

1064 649 1148 676 «Alia
1175 650 1312 677 translatio
1333 651 1425 678 babet:
1457 652 1662 680 Consummuoa't
1682 656 1753 682 Deus
1772 655 1815 682 dte
1834 661 1908 683 sema

1058 700 1140 727 opera
1159 701 1232 725 ειμι,-
1253 701 1322 728 quae
1342 695 1409 721 nihil
1438 697 1603 730 quaestionis
1622 698 1712 730 atl'ert,
1733 700 1796 733 quia
1825 700 1906 726 mani-

1058 735 1123 762 festa
1143 740 1204 762 sunt
1224 744 1293 771 quae
1314 738 1339 764 in
1360 745 1392 764 eo
1406 738 1475 765 sacta
1494 740 1573 765 sunt5
1586 752 1595 763 »
1615 744 1640 767 et
1654 742 1772 768 omnium
1787 750 1909 769 consum-

1058 779 1139 805 matio
1166 787 1197 806 eo
1223 780 1267 806 die
1296 781 1414 814 perfecta
1444 785 1496 813 est,
1522 783 1592 809 sicut
1616 783 1755 818 Scriptura
1776 786 1908 820 ostendit,

1057 829 1118 848 cum
1140 823 1190 848 ait:
1216 822 1287 849 Vidit
1307 824 1377 850 Deus
1407 829 1518 856 maneta,
1549 834 1616 861 qaae
1643 828 1756 861 secet-(tc,
1780 833 1803 855 et
1830 834 1908 856 eron!

1058 864 1136 891 valde
1157 865 1260 893 boizo».

1420 938 1480 966 Cn).
1501 940 1543 966 lx.

1085 1023 1222 1055 Quomodo
1242 1024 1336 1051 omme
1355 1033 1371 1051 (t
1392 1026 1445 1052 Deo
1464 1026 1534 1061 facta
1555 1025 1684 1054 (licentior
1705 1027 1782 1055 valde
1802 1029 1879 1056 bona.

1131 1102 1243 1130 «Omnia
1255 1103 1365 1137 quidem
1378 1105 1534 1131 naturaliter
1546 1105 1615 1132 bona
1631 1110 1707 1133 erant
1720 1107 1811 1141 nilque
1827 1108 1851 1134 in
1863 1109 1905 1135 sni
1915 1114 2036 1137 Augustinus-

1054 1149 1149 1172 natura
1168 1146 1224 1173 vitii
1239 1147 1373 1174 habenda.
1389 1148 1420 1173 Et
1434 1151 1496 1175 sunt
1509 1148 1587 1182 bona,
1602 1157 1671 1184 quae
1691 1151 1812 1177 condidit
1825 1152 1903 1183 Deus,

1054 1189 1134 1215 etiam
1154 1189 1282 1225 3ιή9ιιία,·
1301 1190 1388 1217 semul
1406 1198 1469 1217 vero
1490 1192 1615 1219 universa
1636 1193 1714 1220 valde
1737 1194 1819 1226 bona,
1840 1195 1904 1229 quia

1054 1239 1086 1258 ex
1107 1232 1232 1259 omuibus
1261 1234 1382 1260 consistit
1404 1234 1587 1261 universitatis
1616 1235 1783 1263 admirabilis
1804 1237 1903 1271 pulcri-

1054 1276 1154 1306 tudo»,
1179 1277 1225 1302 «in
1247 1284 1300 1311 qua
1321 1277 1400 1304 etiam
1422 1278 1487 1304 illud
1507 1278 1580 1312 quod
1593 1279 1693 1305 malum
1708 1279 1815 1311 dicitur,
1835 1280 1903 1307 bene

1052 1319 1203 1346 ordinatum
1225 1323 1251 1346 et
1270 1320 1329 1347 loco
1349 1328 1398 1347 suo
1419 1322 1544 1355 positum,
1559 1323 1718 1349 eminentius
1732 1324 1903 1350 commendat

1052 1362 1136 1394 bona,
1150 1366 1179 1389 ut
1191 1364 1275 1397 magis
1294 1364 1420 1398 placeant
1433 1367 1458 1391 et
1471 1364 1650 1392 laudabiliora
1664 1366 1728 1397 sint,
1749 1366 1813 1393 dum
1832 1374 1904 1393 com-

1051 1409 1181 1439 parantur
1209 1406 1342 1433 malis⁴³1›.
1371 1407 1452 1434 Sexto
1481 1415 1544 1442 ergo
1570 1408 1613 1435 die
1633 1409 1702 1436 facta
1723 1412 1762 1436 est
1782 1410 1900 1437 omnium

1051 1456 1164 1483 operum
1184 1451 1389 1477 consummatio.
1408 1466 1444 1470 —
1462 1451 1524 1477 Ideo
1545 1452 1692 1485 praemissa
1717 1453 1803 1479 oritur
1822 1460 1902 1487 quae-

1049 1493 1109 1524 stio,
1129 1493 1265 1527 quomodo
1294 1493 1399 1520 dicatur
1428 1494 1499 1521 Deus
1519 1494 1562 1521 die
1589 1495 1705 1529 septimo
1731 1503 1800 1530 opus
1820 1504 1899 1523 suum

1049 1536 1212 1570 complesse,
1241 1537 1313 1571 quod
1347 1537 1500 1564 «Hebraica
1530 1538 1630 1565 veritas
1659 1538 1759 1570 habet,
1790 1539 1814 1565 in
1844 1547 1898 1574 quo

1049 1582 1136 1605 tamen
1159 1579 1224 1606 nihil
1245 1587 1344 1606 novum
1365 1588 1472 1607 creasse
1492 1580 1607 1613 dicitur,
1628 1582 1677 1608 nisi
1700 1582 1765 1608 forte
1794 1582 1899 1609 dicatur

1048 1622 1091 1648 die
1111 1623 1225 1656 septimo
1254 1623 1433 1657 complevisse
1462 1631 1530 1658 opus
1550 1632 1643 1657 suum,
1664 1626 1727 1659 quia
1749 1626 1836 1659 ipsum
1856 1625 1900 1653 be-

1048 1665 1150 1692 nedixit
1171 1669 1196 1692 et
1215 1666 1428 1699 sanctificavit»,
1448 1668 1518 1694 sicut
1547 1667 1655 1694 subiicit
1677 1668 1831 1703 Scriptura:
1852 1669 1900 1695 Be-

1046 1708 1153 1735 netlt'm'c
1172 1708 1228 1735 rhet·
1245 1709 1357 1744 septimo
1371 1714 1394 1736 et
1406 1710 1584 1745 stozcca'ficaea't
1603 1711 1692 1738 illum.
1718 1723 1728 1734 «
1740 1711 1813 1746 Opus
1827 1712 1897 1738 enim

1046 1756 1086 1778 est
1105 1752 1257 1788 benedictio
1287 1757 1312 1779 et
1338 1754 1530 1786 sanctificatio,
1560 1755 1629 1781 sicut
1649 1754 1773 1781 Salomon
1794 1755 1896 1789 aliquid

1046 1796 1136 1829 operis
1157 1796 1226 1829 tecit,
1247 1804 1308 1823 cum
1331 1797 1459 1831 templum
1480 1797 1635 1824 dedicavit⁷
1648 1809 1671 1825 ι»,

1414 1868 1475 1895 (Ἀρ.
1496 1869 1526 1895 X.

1232 1955 1269 1981 De
1288 1954 1499 1989 sanctificatione
1518 1955 1628 1990 septimi
1645 1955 1708 1982 (liei.

1115 2029 1192 2055 Illum
1212 2033 1301 2056 autem
1322 2030 1392 2056 diem
1413 2030 1596 2058 sanctificasse
1617 2034 1642 2057 et
1663 2031 1834 2058 benedixisse
1854 2031 1894 2057 di-
1907 2032 1988 2051 Dubium
2006 2034 2023 2051 55-

1043 2072 1127 2104 citur,
1148 2073 1211 2107 quia
1232 2074 1345 2107 mystica
1367 2081 1431 2107 prae
1458 2074 1555 2100 ceteris
1585 2074 1772 2101 benedictione
1793 2078 1818 2101 et
1837 2082 1894 2101 sau-

1043 2116 1204 2143 ctiiicatione
1225 2124 1285 2143 eum
1306 2117 1423 2143 donavit.
1446 2117 1520 2143 Unde
1542 2118 1566 2143 in
1596 2118 1665 2151 Lege
1678 2117 1687 2130 ³
1707 2118 1819 2144 dicitur:
1840 2118 1892 2145 Me-

1041 2163 1130 2186 mento
1159 2159 1327 2195 sanctificare
1353 2159 1425 2186 diem
1452 2159 1564 2187 sabbati.
1594 2161 1626 2187 Et
1656 2161 1716 2187 inde
1737 2164 1793 2192 cst,
1819 2161 1890 2195 quod

1042 2203 1209 2229 numerando
1238 2203 1295 2230 dies
1325 2211 1410 2237 usque
1440 2203 1472 2229 ad
1503 2204 1646 2238 septimum
1673 2204 1845 2238 procedimus
1866 2208 1889 2230 et
1904 2209 1987 2227 Dubium
2001 2210 2018 2227 «ἰ.

1042 2245 1172 2277 dicimus,
1192 2249 1294 2280 septem
1316 2254 1373 2273 esse
1400 2247 1469 2279 dies,
1498 2254 1612 2280 quorum
1634 2247 1792 2281 repetitione
1813 2254 1890 2273 ouum

1034 2599 1064 2621 ad
1082 2600 1112 2622 lit.
1130 2607 1148 2622 c.
1171 2600 1203 2621 10.
1224 2606 1244 2621 n.
1268 2600 1314 2628 20.)
1338 2600 1406 2628 legit:
1428 2600 1603 2623 Consummavit
1626 2601 1687 2624 Deus
1711 2603 1732 2624 in
1759 2602 1796 2625 die
1820 2604 1887 2626 serto

1037 2644 1107 2666 opera
1126 2645 1174 2661 sua.
1192 2639 1296 2668 Sequens
1319 2640 1383 2662 locus
1404 2646 1421 2662 5,
1441 2640 1571 2668 scripturae
1594 2644 1628 2663 est
1645 2642 1700 2664 Gen.
1727 2642 1748 2669 1,
1771 2642 1806 2664 31.

1099 2677 1109 2692 6
1126 2677 1230 2705 August„
1248 2678 1362 2701 Eucliirid.
1380 2685 1399 2701 c.
1422 2680 1453 2702 10.
1477 2680 1512 2707 ll,
1527 2681 1640 2703 nonnullis
1653 2687 1664 2702 a
1678 2681 1785 2709 Magistro
1795 2683 1886 2704 omissis

1036 2718 1058 2738 et
1074 2717 1173 2739 mutatis.
1192 2716 1235 2739 Cir.
1254 2717 1268 2739 l.
1287 2718 1347 2739 Sent.
1366 2717 1387 2740 d.
1406 2718 1483 2740 XLVt.
1501 2725 1520 2741 c.
1539 2719 1559 2741 5
1577 2731 1608 2735 —
1624 2719 1693 2742 Paulo
1706 2723 1756 2748 post
1769 2720 1819 2743 Vat.
1832 2727 1885 2743 cum

1035 2755 1088 2778 edd.
1108 2757 1134 2783 2,
1153 2756 1181 2784 3,
1200 2755 1212 2778 4
1223 2775 1228 2784 ,
1246 2756 1260 2778 7
1278 2760 1329 2779 aute
1347 2763 1447 2786 operum
1464 2759 1546 2780 omittit
1563 2758 1678 2782 onmium.

1098 2795 1107 2809 ⁷
1124 2795 1155 2817 Ex
1173 2796 1250 2817 Glossa
1269 2796 1318 2818 ord.
1337 2796 1366 2818 ad
1383 2797 1438 2819 Gen.
1458 2798 1481 2825 2,
1502 2798 1521 2819 2.
1540 2798 1572 2820 De
1590 2798 1711 2821 Salomone
1729 2800 1768 2821 csr.
1782 2799 1813 2822 lll.
1826 2800 1883 2827 Reg.

1036 2834 1056 2856 8.
1075 2834 1149 2856 Locus
1166 2840 1184 2857 s.
1202 2835 1333 2863 scripturae
1347 2854 1352 2863 ,
1371 2837 1410 2864 qui
1439 2836 1507 2864 paulo
1535 2840 1587 2859 ante
1616 2842 1827 2867 commemoratur,
1851 2842 1884 2862 est

1035 2874 1090 2895 Gen.
1110 2874 1135 2901 2,
1154 2874 1175 2895 3.

1097 2912 1106 2927 8
1124 2913 1193 2935 Exod.
1220 2914 1266 2941 20,
1293 2914 1313 2936 8.
1342 2914 1455 2943 Vulgata:
1486 2915 1616 2944 Memento,
1648 2919 1673 2938 ut
1702 2916 1763 2939 diem
1794 2917 1882 2940 sabbati

1034 2951 1169 2975 sanctifices.
