2243 3425
40 828 42 844 i

28 854 29 858 =
40 846 42 863 l

26 863 116 998 &stiones

43 908 120 928 ’.110111011-

29 999 33 1013 l

24 1915 114 2076 1111111-

30 2207 76 2225 =ritas
85 2207 117 2225 hu-

30 2235 57 2249 me
66 2233 117 2249 natu·

34 2254 117 2277 intelligi-

36 2282 57 2296 ex
64 2280 116 2302 parte

29 2301 79 2324 poi-is.

28 2347 36 2366 1
47 2350 115 2375 quaest.

29 2371 105 2390 nudent.

738 194 819 222 DIST.
843 195 918 223 XXX.
942 195 1013 223 ART.
1037 195 1076 223 111.
1099 195 1234 231 QUAEST.
1258 196 1284 224 [Ι.

136 274 164 300 01
184 271 266 305 unio,
287 271 413 299 eiusdem
436 274 553 300 naturae
575 272 606 301 fit
627 272 696 301 illud
719 273 764 301 cui
786 273 898 305 unitur.
914 276 941 302 et
956 273 984 301 il-

136 317 183 346 lud
207 317 281 355 quod
303 318 418 346 unitur:
445 326 511 355 ergo
534 319 556 348 si
578 319 630 347 hoc
651 319 716 348 facit
738 319 827 348 virtus
848 320 982 348 nutritiva

135 364 323 393 convertendo
350 365 531 399 alimentum,
561 366 687 398 videtur.
716 366 791 402 quod
820 374 870 403 per
892 367 981 403 ipsam

135 410 241 447 aliquid
263 410 297 439 de
319 411 450 440 alimento
471 411 498 439 in
521 411 666 440 veritatem
697 412 836 441 humanae
865 415 982 442 naturae

134 457 233 486 transit
244 457 260 485 ¹.

213 506 238 533 5.
261 505 343 539 item,
358 505 430 533 sicut
445 512 474 533 se
490 505 573 533 habet
587 506 747 541 generativa
769 506 802 534 ad
826 506 983 543 productio-

134 558 197 580 nem
219 551 306 588 prolis
328 551 386 580 sive
415 552 554 588 generati,
577 551 615 581 sic
638 560 666 581 se
688 552 772 581 habet
792 553 928 581 nutritiva
956 556 983 581 et

134 598 342 635 augmentativa
363 598 398 627 ad
420 598 617 635 perfectionem
636 603 664 628 et
679 599 919 628 conservationem
934 607 983 628 nu-

134 646 192 675 triti
213 649 240 674 et
260 645 446 682 augmentati:
467 653 533 683 ergo
548 646 570 675 si
586 645 692 683 aliquid
714 646 813 675 transit
835 646 862 674 in
884 645 982 674 verita-

133 694 188 721 tem
205 692 344 720 humanae
365 694 482 721 naturae
506 692 629 729 generati
651 692 791 721 mediante
812 693 981 729 generativa,

133 738 261 768 similiter
283 741 310 767 et
329 738 436 776 aliquid
465 739 594 767 transibit
616 739 643 768 in
666 740 812 768 veritatem
841 739 981 768 humanae

131 789 248 814 naturae
269 785 366 814 nutriti
388 786 529 815 mediante
550 786 685 815 nutritiva
711 789 738 815 et
763 786 980 823 augmentative..

212 833 257 862 Est
285 833 369 870 igitur
391 833 533 870 quaestio,
555 833 623 870 quid
646 833 681 862 sit
701 833 811 862 veritas
832 832 981 862 humanae

132 883 276 913 naturae,
299 882 326 908 et
347 887 419 916 quae
442 879 597 908 differentia
619 880 654 909 sit
676 880 747 909 inter
765 880 917 908 ueritatem
932 879 981 908 hu-

132 935 239 955 manae
265 930 395 955 naturae
416 930 443 955 et
464 935 584 955 carnem
605 927 767 956 secandum.
788 927 919 964 speciem.
950 927 980 955 Et

130 981 248 1008 rursus,
270 981 342 1011 quae
357 973 392 1002 sit
413 974 570 1003 differentia
592 974 663 1003 inter
685 982 804 1003 carnem
819 974 980 1002 secundum

131 1021 254 1058 speciem
274 1024 302 1049 et
322 1029 443 1049 carnem
462 1021 624 1049 secandam
645 1021 823 1054 materiam;
845 1025 871 1050 et
892 1029 980 1058 quare

131 1067 220 1105 magis
241 1067 351 1096 dicatur
373 1067 476 1096 veritas
499 1066 647 1096 humanae
668 1070 785 1096 naturae
807 1075 891 1105 quam
911 1068 980 1096 veri-

131 1117 173 1143 tas
194 1118 311 1143 naturae
333 1114 477 1143 asininae.
501 1114 571 1143 Haec
596 1114 689 1143 omnia
710 1114 804 1143 valent
825 1114 859 1143 ad
882 1114 980 1143 intelli-

131 1160 221 1198 genda
242 1168 274 1190 ea
300 1169 371 1198 quae
402 1160 535 1189 dicuntur
557 1160 583 1189 in
606 1160 744 1198 quart02.
768 1161 794 1189 in
817 1161 980 1198 quaestione

131 1207 165 1236 de
187 1208 400 1237 resurrectione.

445 1310 460 1330 c
468 1310 484 1331 0
493 1311 512 1330 Ν
521 1310 536 1330 c
545 1310 560 1330 L
569 1310 586 1330 U
595 1310 608 1331 s
617 1310 657 1331 10.

130 1396 253 1435 Aliquid
274 1397 470 1425 extrinsecum
490 1405 549 1425 non
571 1397 681 1425 transit
703 1397 733 1424 in
755 1397 906 1425 veritatem
929 1396 979 1424 hu-

207 1452 316 1472 manae
335 1447 465 1472 naturae
478 1443 624 1471 mediante
638 1452 722 1480 opere
737 1444 902 1477 nutritivae,
919 1443 980 1471 nisi

205 1495 296 1528 prout
317 1491 420 1519 veritas
442 1490 552 1519 dicitur
575 1490 665 1527 ὄζω-90.

209 1586 385 1614 RESPONDEo:
409 1584 580 1619 Dicendum,
602 1585 677 1622 quod
692 1588 803 1621 praeter
819 1584 977 1621 generalem

104 1644 117 1658 ·.
129 1632 325 1666 intentionem,
341 1639 397 1669 qua
419 1640 520 1659 verum
542 1631 678 1660 dividitur
699 1634 796 1660 contra
815 1629 978 1667 fal-sum—

106 1668 117 1686 ”
130 1679 286 1708 secundum
308 1687 392 1716 quani
415 1679 595 1708 intentionem
616 1686 662 1707 res
684 1686 751 1707 vera
773 1678 885 1712 dicitur,
907 1686 978 1715 quae

130 1726 215 1755 habet
235 1725 381 1755 materiam
403 1729 430 1755 et
451 1725 569 1754 formam
592 1729 619 1754 et
641 1729 734 1755 actum
750 1725 801 1754 sibi
817 1725 978 1754 convenien-

128 1777 183 1803 tem
201 1776 293 1802 —est
314 1776 341 1802 et
360 1773 415 1801 alia
437 1773 550 1801 intentio
572 1773 630 1802 veri
652 1772 775 1810 duplex,
797 1780 853 1809 qua
875 1771 979 1801 scilicet

128 1830 231 1850 oerum
252 1820 389 1850 dividitur
407 1823 504 1849 contra
515 1820 714 1857 permirtum,
730 1820 817 1849 altera
832 1828 907 1854 vero,
923 1828 979 1856 qua

128 1877 231 1897 verum
253 1868 389 1897 dividitur
405 1871 502 1896 contra
515 1876 635 1896 vanum.
653 1867 683 1896 Et
697 1868 789 1905 primo
805 1867 907 1896 horum
923 1875 979 1895 mo-

130 1915 232 1944 dorum
254 1914 356 1943 dicitur
385 1922 503 1947 rveram,
534 1914 609 1951 quod
632 1917 673 1943 est
691 1922 806 1951 purum
827 1917 854 1942 et
876 1914 978 1951 imper-

127 1963 263 1991 mioetnm.
286 1962 377 1990 Altero
400 1961 482 1990 modo
505 1961 607 1990 dicitur
630 1969 743 1995 verum,
765 1961 839 1998 quod
862 1965 903 1990 est
916 1970 978 1998 per-

129 2018 250 2038 manens
272 2012 299 2037 et
319 2008 415 2045 siacum
425 2008 442 2036 ³.
460 2025 498 2029 —
512 2008 581 2037 Cum
597 2016 663 2045 ergo
679 2008 834 2046 loquuntur
849 2011 978 2037 auctores

129 2057 163 2086 de
185 2057 309 2085 humana
330 2059 446 2089 natura,
468 2055 622 2092 loquuntur
644 2055 697 2084 suh
716 2055 853 2084 vocabulo
874 2055 978 2083 verita-

130 2104 180 2137 tis,
204 2105 334 2132 vocantes
355 2110 416 2132 eam
440 2110 550 2131 veram.
566 2101 623 2131 Non
639 2105 681 2131 est
695 2102 768 2131 enim
791 2102 868 2130 aliud
884 2102 977 2131 dicere

128 2150 279 2178 veritatem
308 2148 456 2178 humanae
483 2152 628 2182 naturae,
650 2156 734 2186 quam
756 2148 911 2177 humanam
934 2156 978 2177 na-

131 2200 223 2226 turam
253 2204 357 2225 veram.
384 2196 426 2224 Sic
448 2199 542 2225 autem
564 2199 664 2225 vocant
685 2203 760 2229 eam,
784 2195 928 2233 loquentes
943 2196 977 2224 de

130 2247 232 2273 natura
251 2243 375 2272 humana
396 2251 432 2272 ex
454 2246 534 2280 parte
555 2243 699 2280 corporis,
715 2251 766 2280 pro
781 2251 813 2271 00
829 2243 905 2280 quod
920 2251 978 2272 cor-

128 2298 182 2328 pus
203 2290 359 2319 humanum
381 2292 493 2327 praeter
515 2290 582 2321 hoc,
604 2289 680 2327 quod
705 2289 789 2318 habet
811 2290 928 2318 formam
951 2293 978 2318 et

129 2337 318 2375 operationem
340 2337 392 2365 sibi
415 2337 641 2371 convenientem,
664 2336 736 2365 sicut
750 2341 777 2365 et
791 2337 845 2365 alia
861 2344 978 2374 corpora

129 2384 282 2418 naturalia,
305 2383 389 2412 habet
411 2383 627 2411 ordinationem
648 2383 689 2411 acl
710 2382 977 2416 immortalitatem,

129 2434 156 2460 et
176 2431 214 2460 ita
235 2430 376 2468 quandam
400 2430 664 2467 impermioetionem
686 2430 713 2457 in
736 2430 803 2461 hoc,
826 2429 901 2466 quod
924 2437 977 2457 non

130 2481 219 2516 potest
247 2481 356 2506 tantum
386 2477 584 2511 transmutari,
613 2477 680 2513 quin
707 2476 819 2505 tandem
842 2476 978 2504 reddatur

129 2526 252 2559 animae,
282 2533 354 2562 quae
383 2525 474 2562 ipsum
498 2524 668 2558 vivificavit;
691 2524 775 2552 habet
797 2523 979 2552 nihilominus

129 2573 269 2610 quandam
284 2572 422 2609 fixionem
438 2572 496 2600 sive
512 2571 772 2608 incorruptionem„
790 2578 841 2607 pro
856 2579 888 2599 eo
903 2570 977 2607 quod

1833 197 1889 226 735

1040 281 1152 302 necesse
1174 277 1230 308 est,
1260 275 1352 311 ipsum
1374 274 1525 311 aliquando
1547 274 1607 303 fieri
1630 275 1787 304 immortale
1800 276 1818 303 ⁴¹.
1843 276 1890 304 Ra-

1040 321 1114 349 tione
1135 321 1219 357 igitur
1241 321 1424 351 ordinationis
1445 322 1481 351 ad
1503 322 1763 359 incorruptionem,
1779 331 1816 351 ex
1834 331 1889 360 qua

1040 367 1111 396 inest
1139 369 1248 405 corpori
1278 369 1401 397 humano
1423 377 1477 398 non
1501 372 1607 398 tantum
1631 370 1724 398 debita
1745 370 1888 407 operatio,

1039 414 1088 442 sed
1110 414 1193 443 etiam
1216 415 1415 452 impermixtio
1436 420 1463 445 et
1484 417 1624 453 quaedam
1639 417 1835 454 incorruptio,
1851 417 1889 446 di-

1040 461 1112 489 citur
1138 469 1240 498 corpus
1269 462 1425 490 humanum
1447 471 1559 491 oerum.
1583 463 1653 492 illud
1675 471 1741 500 ergo
1764 464 1889 500 praecise

1039 510 1066 535 et
1086 507 1199 544 proprie
1220 511 1262 536 est
1284 508 1318 537 de
1340 509 1456 538 veritate
1484 510 1625 538 humanae
1648 513 1783 544 naturae,
1812 510 1887 547 quod
1903 516 2016 535 Notandum-

1039 556 1080 582 est
1102 553 1262 583 ordinatum
1278 555 1311 583 ad
1329 555 1579 593 incorruptionem
1594 559 1621 585 et
1635 557 1887 586 resurrectionem.

1118 600 1228 637 Aliquid
1250 605 1344 630 autem
1366 603 1514 631 ordinatur
1529 603 1564 632 ad
1579 604 1824 632 resurrectionem
1839 604 1887 633 du·
1912 610 2017 636 Dupficiter

1899 633 1971 657 aliquid
1989 639 2018 651 or-

1039 646 1165 683 pliciter:
1196 647 1238 676 vel
1268 648 1303 676 de
1324 649 1509 683 necessitate,
1532 650 1576 679 vel
1597 651 1632 679 de
1654 659 1792 688 conyruo.
1816 651 1887 680 illud
1900 657 1976 675 dinatur
1993 657 2018 683 ³311

1038 696 1133 722 autem
1155 694 1302 723 ordinatur
1325 695 1351 723 in
1374 696 1453 725 nohis
1474 696 1509 725 ad
1531 698 1766 727 resurrectionem
1788 699 1823 727 de
1843 707 1888 727 ne-
1901 682 2022 722 affirmemu-

1039 740 1187 774 cessitate,
1209 741 1235 769 in
1259 750 1315 778 quo
1337 742 1463 771 consistit
1482 741 1710 779 fundamentum
1731 748 1757 773 01
1782 745 1887 774 fabrica

1039 787 1163 824 corporis
1192 788 1294 822 nostri,
1323 791 1350 817 et
1379 789 1431 818 hoo
1452 793 1494 818 est
1515 790 1585 819 illud
1608 791 1651 819 cui
1674 792 1765 828 primo
1794 793 1888 820 anima

1038 834 1144 863 unitur.
1168 835 1198 863 Et
1219 835 1273 864 tale
1295 839 1416 865 tractum
1438 839 1480 865 est
1494 844 1510 865 a
1526 838 1733 873 generantibus,
1749 841 1776 867 et
1790 839 1818 867 in
1834 839 1889 868 tale
1901 843 2027 862 Couclusi01-

1038 881 1107 909 nihil
1122 885 1213 918 potest
1227 882 1347 911 transire
1362 890 1447 920 opere
1462 883 1626 917 nutritivae,
1642 885 1797 914 secundum
1813 886 1888 922 quod

1038 928 1173 956 nutritiva
1187 932 1321 965 operatur
1336 933 1398 967 post
1412 930 1522 959 animae
1534 931 1676 960 unionem.
1688 948 1726 952 —
1737 931 1808 960 illud
1822 940 1888 961 vero

1038 975 1185 1004 ordinatur
1207 975 1234 1004 in
1256 976 1336 1005 nobis
1351 977 1386 1005 ad
1402 978 1636 1006 resurrectionem
1654 978 1688 1007 de
1704 987 1844 1015 conpr-uo,
1861 978 1888 1007 in

1037 1030 1093 1059 quo
1115 1023 1240 1051 consistit
1254 1023 1375 1053 fabricae
1391 1024 1478 1053 nostri
1494 1025 1620 1062 corporis
1634 1025 1887 1062 complementum;

1037 1073 1064 1098 et
1086 1070 1138 1098 hoc
1160 1073 1217 1104 est,
1239 1071 1314 1108 quod
1336 1070 1401 1099 facit
1422 1071 1457 1100 ad
1479 1071 1662 1108 quantitatem
1685 1073 1810 1109 corporis
1828 1080 1889 1110 per-

1037 1116 1108 1145 fecti.
1132 1117 1162 1145 Et
1184 1117 1222 1146 sic
1244 1117 1350 1154 aliquid
1379 1117 1414 1147 de
1442 1118 1574 1147 alimento
1595 1121 1686 1155 potest
1707 1119 1831 1148 converti
1860 1120 1887 1148 in
1901 1124 2000 1143 Conc1usw
2013 1124 2029 1142 2-

1038 1163 1183 1192 veritatem
1206 1163 1347 1193 hnmanae
1369 1167 1486 1193 naturae
1500 1165 1641 1194 mediante
1663 1166 1688 1194 vi
1711 1166 1846 1195 nutritiva
1861 1170 1888 1195 et

1036 1211 1260 1247 augmentativa,
1283 1219 1355 1248 quae
1376 1211 1543 1240 ordinantur
1564 1212 1599 1241 ad
1620 1213 1815 1250 complendam
1830 1221 1888 1242 cor-

1036 1257 1113 1294 poris
1134 1257 1285 1292 fabricam,
1308 1265 1379 1295 quae
1402 1258 1530 1287 inchoata
1544 1258 1597 1287 fuit
1611 1259 1751 1288 mediante
1766 1260 1793 1288 vi
1809 1267 1888 1297 gene-

1036 1304 1141 1338 rativa,
1163 1304 1207 1333 cui
1231 1304 1363 1341 competit
1384 1305 1511 1341 operari,
1526 1313 1675 1343 quousque
1690 1306 1783 1335 anima
1798 1307 1888 1336 infun-

1036 1350 1120 1379 datur
1133 1362 1139 1384 ;
1161 1354 1188 1379 01
1209 1359 1245 1380 ex
1269 1355 1335 1380 tunc
1350 1352 1478 1389 sequitur
1493 1353 1618 1389 operatio
1633 1354 1785 1382 nutritivae
1799 1358 1826 1383 et
1841 1362 1886 1383 au·

1036 1398 1221 1434 gmentativae
1233 1398 1268 1427 ad
1285 1398 1510 1427 conservandum
1522 1402 1549 1427 et
1561 1400 1759 1437 complendum
1775 1409 1885 1438 corpus.

1116 1444 1183 1473 Huic
1204 1448 1297 1474 autem
1329 1446 1411 1474 modo
1438 1446 1546 1475 dicendi
1569 1447 1738 1476 concordant
1759 1451 1815 1476 tam
1836 1457 1887 1477 na-
1912 1459 1985 1483 Duplex
1999 1464 2029 1477 ca-

1037 1492 1148 1520 turaies
1168 1491 1335 1529 philosophi
1348 1501 1433 1530 quam
1448 1493 1561 1522 medici.
1577 1494 1717 1523 Naturalis
1738 1495 1811 1523 enim
1827 1495 1886 1532 phi·
1895 1482 2027 1529 Ἔῂῗῇἒῖἶῖἶὲῗ

1036 1538 1169 1575 losoplius
1201 1539 1347 1576 distinguit
1376 1540 1402 1568 in
1431 1540 1543 1570 homine
1574 1541 1714 1578 duplicem
1754 1550 1884 1571 carnem:

1036 1593 1149 1614 carnem
1171 1586 1326 1615 secundum
1347 1587 1470 1623 speciem
1485 1591 1512 1616 et
1526 1596 1639 1616 carnem
1656 1589 1811 1617 secundum
1826 1598 1886 1618 ma-

1037 1633 1141 1661 teriam
1157 1632 1174 1660 5.
1199 1633 1229 1661 Et
1251 1638 1330 1662 vocat
1345 1641 1458 1663 carnem
1474 1635 1629 1664 secundum
1651 1636 1773 1672 speeiem
1796 1636 1886 1672 iliam,
1899 1638 2015 1681 gquggggtt-

1036 1688 1107 1717 quae
1138 1680 1221 1709 habet
1250 1681 1305 1709 vim
1335 1682 1454 1710 activam
1476 1685 1503 1711 et
1525 1683 1675 1719 potentiam
1706 1684 1885 1713 convertendi
1913 1675 1917 1679 ⁵
2015 1676 2018 1679 ⁵

1036 1726 1201 1755 alimentum
1231 1728 1256 1756 11]
1280 1728 1371 1756 carnis
1395 1731 1543 1763 naturam3
1566 1737 1677 1758 carnem
1702 1738 1768 1758 vero
1790 1738 1885 1759 secun-

1036 1774 1103 1802 dum
1126 1775 1283 1803 materiam
1314 1779 1392 1803 vocat
1418 1775 1510 1810 illam,
1532 1784 1604 1813 quae
1626 1777 1664 1805 sic
1686 1781 1728 1806 est
1749 1785 1832 1812 carn,
1854 1781 1884 1807 ut

1036 1824 1128 1849 tamen
1151 1829 1204 1849 non
1226 1822 1313 1858 possit
1341 1821 1418 1851 alind
1449 1823 1476 1851 in
1498 1830 1611 1851 carnem
1634 1827 1796 1853 convertere
1824 1832 1885 1862 pro-

1035 1868 1096 1904 pria
1118 1867 1230 1896 virtute.
1252 1868 1323 1897 Dicit
1344 1869 1426 1897 etiam
1444 1869 1463 1903 ⁶,
1485 1870 1561 1907 quod
1585 1870 1673 1899 virtus
1695 1870 1829 1899 nutritiva
1858 1875 1884 1900 et

1035 1916 1243 1952 augmentativa
1266 1924 1320 1944 non
1343 1917 1479 1946 convertit
1494 1917 1659 1946 alimentum
1675 1918 1702 1946 in
1717 1926 1829 1947 carnem
1845 1926 1885 1947 se-

1035 1962 1160 1991 cundum
1182 1963 1321 2000 spectem,
1338 1964 1386 1992 sed
1403 1964 1558 1993 secundum
1574 1965 1742 1998 materiam,
1765 1966 1838 2002 quia.
1861 1966 1883 1995 si

1034 2009 1115 2038 aliter
1137 2014 1223 2044 esset,
1247 2013 1311 2039 tunc
1333 2019 1477 2048 nunquam
1500 2014 1587 2040 staret
1608 2015 1803 2049 augmentum
1819 2020 1882 2041 cum

1034 2061 1184 2094 augmento
1213 2058 1286 2086 enim
1315 2058 1406 2087 carnis
1434 2062 1572 2087 cresceret
1594 2062 1620 2087 et
1643 2059 1732 2088 virtus
1753 2067 1883 2096 augmen-

1036 2104 1119 2132 tandi.
1143 2104 1196 2132 Hoc
1217 2108 1310 2133 autem
1335 2113 1388 2133 non
1410 2105 1449 2133 sic
1470 2108 1526 2139 est,
1546 2109 1573 2134 et
1596 2106 1632 2134 ita
1648 2114 1712 2134 caro
1727 2106 1882 2135 secundum

1034 2150 1157 2187 speciem
1179 2150 1268 2179 solum
1291 2154 1332 2179 est
1353 2159 1369 2179 a
1391 2152 1590 2188 generantibus
1611 2152 1670 2181 sive
1686 2152 1825 2181 mediante
1840 2160 1884 2189 ge—

1035 2197 1175 2231 nerativa,
1198 2197 1326 2234 quamvis
1348 2206 1413 2226 caro
1434 2198 1589 2227 secundum
1617 2199 1792 2232 materiam,
1815 2199 1883 2228 scili-

1035 2247 1078 2272 cet
1105 2255 1117 2269 «
1132 2251 1203 2280 quae
1225 2243 1288 2273 fluit
1309 2247 1336 2273 et
1355 2244 1489 2279 refluit»,
1504 2246 1591 2281 possit
1605 2253 1666 2274 esse
1683 2245 1820 2274 mediante
1835 2253 1884 2274 nu-

1036 2292 1137 2320 tritiva.
1154 2307 1192 2312 —-
1208 2291 1237 2320 Et
1258 2295 1300 2320 est
1321 2291 1484 2328 exemplum
1501 2292 1535 2320 de
1551 2292 1614 2321 vino
1629 2296 1760 2329 generato
1776 2293 1803 2321 in
1819 2293 1882 2327 vite,
1896 2302 2013 2325 Exemplum.

1036 2338 1110 2375 quod
1133 2338 1217 2366 habet
1238 2338 1388 2374 potentiam
1412 2338 1590 2367 convertendi
1613 2347 1733 2376 aquam;
1763 2339 1810 2367 sed
1837 2339 1883 2367 illa

1035 2392 1108 2421 aqua
1123 2392 1176 2412 non
1193 2384 1276 2413 habet
1291 2385 1441 2420 potentiam
1465 2385 1644 2414 convertendi
1667 2385 1749 2414 aliam
1765 2393 1867 2422 aquam
1876 2398 1882 2420 3

1036 2431 1101 2468 quia
1117 2431 1138 2459 si
1155 2432 1215 2463 hoc,
1233 2434 1297 2459 tnnc
1312 2439 1423 2468 semper
1438 2435 1531 2468 posset
1542 2432 1605 2469 quis
1616 2440 1756 2470 apponere
1771 2441 1883 2470 aquam,

1036 2481 1063 2506 et
1085 2480 1209 2505 maneret
1232 2477 1342 2511 vinum:
1364 2478 1416 2507 hoc
1437 2481 1530 2506 autem
1553 2486 1605 2506 non
1623 2479 1661 2507 sic
1676 2482 1732 2509 est.
1747 2480 1813 2516 quia
1828 2482 1884 2508 tan-

1037 2527 1095 2552 tum
1118 2527 1208 2560 potest
1230 2524 1293 2560 poni
1317 2524 1351 2552 de
1372 2532 1460 2561 aqua,
1489 2525 1562 2561 quod
1589 2525 1684 2553 vinum
1708 2526 1809 2554 amittit
1831 2527 1884 2554 vir-

1037 2573 1124 2598 tutem
1147 2578 1235 2599 suam.
1258 2570 1299 2599 Sir
1323 2574 1348 2599 et
1371 2572 1396 2599 in
1420 2572 1561 2608 proposito
1584 2572 1794 2609 intelligendum
1824 2577 1882 2606 est,

192 2716 197 2729 ¹
217 2716 261 2738 cfr.
280 2717 377 2742 Aristot.‚
402 2716 415 2737 1.
435 2716 462 2738 de
485 2716 587 2738 Generat.
611 2719 632 2737 et
656 2720 756 2744 corrupt.
781 2720 830 2738 text.
851 2716 886 2738 39.
911 2721 975 2744 seqq.

130 2755 161 2783 (c.
180 2755 223 2781 5,),
242 2755 281 2777 11111
299 2756 418 2783 astruitur,
436 2755 499 2784 quod
517 2755 572 2777 illud
590 2761 636 2784 quo
655 2761 708 2777 caro
725 2758 886 2783 augmentatur
898 2761 924 2777 ac
937 2762 975 2777 nu·

130 2795 204 2821 tritor,
228 2795 255 2816 sit
273 2800 325 2816 caro
348 2793 372 2816 in
388 2794 491 2823 potentia
510 2798 530 2816 et
554 2794 591 2816 liat
609 2800 662 2816 caro
680 2795 734 2816 octa
753 2800 764 2815 a
783 2799 850 2815 carne
868 2794 975 2815 exisivnte

130 2837 187 2855 actu.
206 2833 292 2855 ibidem
310 2833 364 2856 vide
380 2834 448 2855 etiam
472 2834 500 2855 de
517 2833 636 2861 relatione,
656 2839 714 2862 quac
738 2837 772 2855 cst
789 2834 846 2855 iliter
864 2834 977 2860 generati-

130 2878 182 2894 vam
201 2873 325 2899 potentiam
343 2876 364 2894 et
381 2873 577 2900 augmentativam
590 2875 611 2894 et
629 2872 772 2898 nutritii-am,
791 2871 818 2893 de
832 2877 877 2899 qua
895 2871 975 2898 triplici

131 2912 228 2938 potentia
246 2912 268 2933 111
286 2917 333 2940 seq.
352 2917 400 2939 arg.
418 2917 494 2933 sermo
512 2915 551 2934 est.

192 2950 201 2964 ‘³
219 2950 272 2973 Dist.
292 2950 327 2972 44.
346 2957 367 2978 p.
387 2950 399 2971 1,
418 2957 437 2972 a.
460 2951 477 2972 1.
496 2954 517 2972 01
534 2951 554 2972 2.

193 2988 203 3003 3
221 2989 250 3011 ne
269 2990 310 3011 hac
329 2989 413 3017 duplici
432 2990 522 3011 notione
541 2989 589 3011 reri
601 2990 639 3011 cl'r.
660 2989 672 3010 1.
691 2989 751 3010 Sciit.
769 2988 790 3010 (l.
811 2989 830 3009 8.
845 2994 865 3015 p.
886 2989 899 3009 1.
917 2994 936 3009 a.
959 2989 975 3009 l.

1034 2722 1056 2744 q.
1079 2717 1094 2737 1,
1110 2728 1140 2730 -
1158 2716 1329 2744 Aliquantulum
1348 2717 1455 2743 superius
1473 2720 1523 2744 post
1540 2716 1628 2746 clrzpleae
1647 2717 1696 2739 Vnt.
1715 2724 1767 2740 cum
1785 2718 1837 2743 edd.
1857 2719 1881 2747 3,

1035 2754 1047 2776 4
1069 2760 1119 2777 ima
1142 2760 1189 2783 qua
1206 2760 1290 2777 rerum
1308 2760 1350 2781 pro
1373 2760 1420 2784 (saa
1437 2754 1524 2778 scilicet
1545 2761 1640 2783 verum,
1661 2759 1682 2778 01
1708 2756 1758 2779 dein
1782 2758 1881 2780 nonnulli

1034 2793 1100 2816 codd.
1120 2799 1172 2815 cum
1191 2794 1226 2815 ed.
1250 2794 1254 2814 l
1277 2793 1312 2815 bis
1329 2793 1415 2816 dicitur
1432 2800 1474 2821 pro
1492 2793 1611 2817 dividitur.

1097 2832 1105 2845 ⁴²
1123 2832 1170 2853 Nou
1188 2833 1255 2859 pauci
1279 2832 1354 2860 codd.⁷
1373 2836 1397 2854 ut
1415 2832 1429 2853 F
1442 2833 1460 2854 l<
1475 2833 1492 2854 T
1508 2833 1525 2854 V
1539 2833 1567 2853 W
1581 2839 1606 2855 aa
1619 2839 1656 2861 00,
1682 2840 1734 2856 011111
1752 2835 1804 2857 cdd,
1833 2836 1849 2863 l,
1869 2836 1881 2857 2

1034 2870 1110 2900 ipsum
1128 2870 1255 2900 aliquando
1276 2870 1329 2900 fieri
1346 2871 1516 2899 immortalem„
1536 2878 1594 2900 quae
1617 2873 1681 2895 lectio
1700 2875 1812 2896 contextui
1836 2880 1880 2896 non

1034 2910 1092 2932 bene
1110 2909 1240 2937 respondet.

1097 2949 1106 2962 5
1124 2948 1167 2971 Cir.
1186 2955 1255 2976 supra
1275 2955 1328 2977 pag.
1346 2949 1399 2977 734,

1097 2987 1106 3001 ⁵
1124 2986 1179 3010 Con.
1198 2994 1222 3009 110
1242 2988 1309 3010 enon.

1419 2952 1468 2971 nota
1489 2950 1509 2971 3.
