2243 3425
787 229 870 257 DisT.
895 228 984 257 XXVI.
1006 228 1113 258 DUBIA.

72 313 147 341 gratia
165 314 297 339 comparata
315 310 344 333 ad
362 310 459 333 liberum
477 309 597 333 arbitrium
620 309 664 332 sub
687 310 773 331 ratione
790 307 922 337 recipientis

72 351 158 374 dicitur
175 351 246 379 gratia
265 356 382 380 operans,·
399 349 440 372 sed
457 355 598 379 cooperans,
622 348 751 371 secundum
773 347 836 376 quod
853 347 922 369 simul

74 390 173 413 liberum
186 389 306 412 arbitrium
317 392 426 417 operatur
439 395 491 411 cum
502 389 581 417 gratia.
600 388 670 410 Porro
683 388 752 416 paulo
764 387 858 409 inferius
868 387 923 414 legi-

74 433 123 452 tur:
144 437 154 449 «
168 430 189 451 ln
203 430 333 456 receptione
351 430 449 456 gratiae,
468 429 511 450 hoc
522 431 566 456 est,
584 427 677 456 quando
690 427 758 449 etiicit
774 425 920 449 voluntatem

74 467 173 496 bonam,
193 469 256 496 prior
274 471 308 490 est
329 468 387 490 actio
405 468 503 495 gratiae,
528 466 611 489 deinde
628 471 754 488 consensus
776 465 847 492 ipsius
865 463 922 486 arbi-

74 507 110 529 trii
127 513 167 529 scu
185 507 316 534 cooperatio
334 507 356 528 in
374 505 550 533 consentiendo,
568 507 591 527 et
612 504 664 527 ideo
686 504 758 532 gratia
781 503 864 525 dicitur
887 502 923 523 hic

74 552 183 576 operans.
202 546 247 568 Sed
271 546 369 568 liberum
387 545 507 568 arbitrium
531 544 613 567 dicitur
636 549 690 567 cum
712 542 793 572 qratia
814 540 921 571 operari,

74 585 166 614 quando
184 588 292 613 operatur
309 584 397 607 bonum
410 590 451 612 per
470 584 575 612 gratiam.
594 583 651 611 Quia
664 588 720 610 ergo
738 587 798 609 opus
810 581 898 602 elicitur
910 585 922 601 a

73 625 174 652 potentia
191 623 289 651 arbitrii,
308 625 356 651 ipsa
375 623 447 651 gratia
464 623 568 650 iuvante,
587 622 664 649 ipsum
687 620 784 642 liberum
803 619 923 641 arbitrium

73 663 156 685 dicitur
173 668 285 692 operans,
305 663 353 690 ipsa
371 668 428 684 vero
440 662 512 690 gratia
530 666 659 690 cooperans
676 659 739 682 velut
756 658 923 681 adminiculans

74 703 177 730 operanti
190 710 210 724 u.
224 714 254 717 —-
267 701 396 724 Doctrinam
409 701 431 723 S.
444 700 618 723 Bonaventurae
631 700 680 722 aliis
696 698 775 721 verbis
789 701 811 720 et
827 696 923 726 quibus-

72 740 127 763 dam
146 740 306 763 additamentis
317 740 415 768 explieat
426 739 531 762 Richard.
545 746 557 761 a
576 739 632 761 Med.
646 738 696 767 (hic
708 744 729 760 a.
743 737 824 759 unicus
839 742 861 764 q.
874 735 921 764 5.):

77 788 87 800 u
99 780 174 802 Gratia
193 783 271 802 movet
288 779 386 802 liberum
399 779 519 801 arbitrium
541 782 563 801 et
580 784 621 806 per
641 777 738 800 modum
756 775 873 806 efficientis
890 774 924 797 in-

72 818 238 842 strumentalis
260 822 281 841 et
303 825 345 847 per
363 818 459 841 modum
475 818 575 848 formae.
595 818 669 839 Primo
688 816 757 838 modo
775 817 854 838 movet
871 814 924 836 libe-

73 864 126 880 rum
144 858 263 881 arbitrium
276 859 297 880 in
310 859 400 881 instanti
413 864 468 880 suae
480 858 610 885 infusionis,
624 857 676 885 quia
689 857 711 878 in
724 856 760 877 illo
774 855 863 877 instanti
876 854 924 881 Spi-

73 899 131 920 ritus
148 899 170 920 S.
189 901 297 926 tanquam
314 896 446 927 principale
458 902 530 924 agens
547 902 588 924 per
605 901 671 918 suam
694 895 846 921 influentiam,
865 899 925 921 quae

73 940 107 960 est
124 938 207 966 gratia,
226 940 335 966 tanquam
358 943 400 965 per
416 935 598 959 instrumentum
615 935 716 958 efficiens
735 935 756 956 in
774 933 846 955 libero
864 932 925 955 arbi-

75 979 117 1000 trio
135 981 214 1000 causat
236 977 352 1006 quandam
376 977 534 999 excitationem
558 978 580 998 et
596 975 766 997 inclinationem
789 973 818 995 ad
835 972 924 994 bonum

73 1018 197 1040 voluntatis
214 1020 297 1039 actum.
316 1016 353 1038 llla
365 1019 441 1038 autem
455 1015 558 1037 excitatio
571 1014 607 1036 vel
624 1013 739 1035 inclinatio
753 1018 797 1034 non
815 1014 849 1034 est
861 1013 925 1033 actus

73 1056 178 1084 volendi,
197 1055 238 1078 sed
255 1054 375 1084 dispositio
393 1054 422 1077 ad
444 1054 507 1076 illum
525 1056 613 1081 actum,
630 1053 667 1075 vel
689 1051 793 1080 aliqualis
810 1050 924 1072 inchoatio

74 1096 133 1118 illius
145 1098 220 1123 actus;
240 1095 293 1123 quia
311 1095 333 1116 in
346 1093 457 1116 eliciendo
474 1095 551 1115 actum
568 1091 662 1114 volendi
676 1097 769 1119 semper
787 1092 925 1117 cooperatur

75 1135 172 1157 liberum
191 1134 319 1157 arbitrium.
341 1133 386 1155 Sed
410 1133 439 1155 ad
456 1131 605 1156 censendam
627 1131 688 1153 illam
711 1130 869 1152 excitationem
889 1127 925 1150 vel

74 1175 255 1201 inclinationem,
269 1179 328 1202 quae
340 1174 362 1194 in
375 1174 425 1201 ipso
438 1174 545 1194 causatur
557 1172 578 1193 in
592 1171 681 1193 instanti
694 1169 814 1191 infusionis
826 1169 925 1196 gratiae,

75 1213 173 1236 liberum
191 1212 311 1235 arbitrium
329 1215 362 1235 est
378 1210 500 1241 passivum
518 1214 614 1233 tantum.
627 1222 657 1226 —
674 1209 750 1231 Movet
767 1209 835 1230 etiam
853 1207 925 1235 gratia

74 1253 174 1276 liberum
196 1252 316 1275 arbitrium
341 1258 383 1279 per
405 1250 501 1273 modum
518 1249 624 1279 formae,
651 1249 672 1270 in
691 1251 804 1277 quantum
827 1246 926 1268 liberum

74 1292 195 1314 arbitrium
214 1298 256 1319 per
273 1291 371 1313 formam
389 1290 475 1318 gratiae
493 1291 568 1318 potest
590 1294 614 1311 se
632 1293 727 1310 movere
745 1289 767 1309 et
784 1287 875 1308 elevare
897 1284 926 1307 ad

75 1337 145 1359 opera
159 1329 282 1353 inertem-ia
298 1329 325 1352 de
342 1328 470 1358 condiano,
490 1328 575 1357 quibus
593 1327 693 1350 motibus
715 1333 739 1348 se
762 1331 857 1347 movere
878 1325 927 1346 sine

76 1372 148 1400 gratia
167 1377 210 1393 non
229 1372 340 1398 poterat»
362 1372 403 1391 ete.
417 1381 447 1384 -
459 1368 562 1390 Breviter
580 1367 636 1389 Petr.
654 1373 666 1388 a
685 1366 737 1388 Tar.
756 1366 807 1393 (hic
825 1371 846 1393 q.
861 1365 926 1386 unica

75 1418 94 1432 a.
113 1410 144 1438 7.)
163 1411 195 1432 sic
213 1410 371 1438 quaestionem
392 1408 472 1430 solvit:
494 1415 504 1427 «
517 1407 609 1429 Movere
633 1405 719 1434 aliquid
738 1405 858 1432 dupliciter
876 1409 927 1425 con-

78 1451 154 1478 tingit:
172 1452 211 1471 aut
222 1448 336 1478 effective,
354 1448 412 1470 sicut
425 1447 457 1469 sol
475 1449 554 1468 movet
564 1451 676 1473 vaporem
690 1443 803 1467 elevando
820 1449 926 1470 sursum,

74 1492 114 1512 aut
131 1487 273 1518 dispositive,
292 1488 351 1509 sicut
368 1486 460 1514 pondus
478 1486 527 1508 eius
544 1485 580 1507 vel
603 1485 683 1506 levitas
700 1485 778 1505 movet
798 1481 927 1504 inclinando

78 1530 162 1557 ipsum.
182 1528 257 1550 Primo
275 1526 345 1549 modo
364 1526 426 1548 Deus
443 1527 522 1547 movet
539 1523 636 1546 liberum
660 1523 792 1549 arbitrium,
812 1524 833 1543 et
850 1522 927 1548 ipsum

77 1568 176 1590 liberum
194 1567 314 1589 arbitrium
335 1572 360 1588 se
372 1566 457 1593 ipsum,
476 1565 547 1592 gratia
567 1563 695 1591 perfectum
709 1566 731 1584 et
744 1561 886 1583 habilitatum
899 1559 928 1581 ad

77 1614 101 1630 se
118 1606 268 1629 movendum.
287 1605 394 1627 Secundo
412 1603 482 1626 modo
499 1602 579 1633 qratia
597 1605 675 1625 movet
692 1602 768 1629 ipsum
779 1609 800 1622 ».
813 1612 843 1616 —
861 1599 928 1627 Quod

77 1648 148 1676 gratia
162 1645 290 1669 habitualis
303 1645 386 1667 habeat
397 1646 473 1666 actum
484 1644 505 1665 in
519 1644 594 1665 anima
604 1644 626 1664 et
637 1641 738 1672 effective
751 1643 773 1663 et
783 1638 926 1670 formaliter,

77 1687 144 1709 docet
155 1687 223 1708 etiam
242 1686 263 1707 S.
277 1685 359 1706 Thom.
379 1684 429 1711 (hic
446 1690 467 1712 q.
481 1683 547 1705 unica
565 1688 584 1704 a.
604 1681 624 1703 5.
638 1681 667 1704 ad
685 1681 711 1708 23
730 1681 751 1702 S.
771 1680 784 1702 1.
799 1679 821 1701 ll.
840 1686 862 1708 q.
879 1679 928 1700 111.

77 1732 97 1748 a.
110 1726 131 1748 2.
145 1726 166 1747 in
186 1725 230 1746 line
247 1726 334 1752 corp),
347 1722 387 1745 sed
405 1722 474 1750 paulo
487 1722 550 1744 aliter
563 1722 621 1743 lianc
639 1720 806 1743 distinctionem
825 1719 928 1746 explicat.

140 1764 246 1787 Ceterum
265 1763 366 1785 doctrina
388 1762 410 1784 S.
429 1762 603 1783 Bonaventurae
624 1761 646 1782 in
665 1760 707 1782 hac
723 1759 857 1788 quaestione
875 1764 929 1786 pro-

80 1805 152 1833 posita
165 1805 251 1832 optime
264 1803 372 1825 convenit
383 1807 436 1824 eum
454 1800 552 1823 decretis
564 1799 657 1822 Concilii
670 1799 796 1821 Tridentini
810 1798 879 1825 (Sess.
894 1798 928 1819 Vl.

79 1844 213 1872 praesertim
237 1849 255 1865 c.
275 1842 295 1863 5.
313 1845 335 1864 et
356 1847 405 1863 can.
424 1839 445 1862 4Α
464 1839 495 1868 5.)
514 1839 542 1862 de
560 1839 660 1861 efficacia
678 1839 777 1867 gratiae;
796 1839 867 1859 immo
885 1837 929 1859 dici

78 1886 163 1912 potest,
187 1888 239 1905 eam
261 1888 304 1904 non
331 1887 381 1903 esse
404 1881 445 1902 nisi
469 1879 587 1908 quandam
610 1879 775 1906 expositionem
802 1877 929 1899 verborum

79 1923 172 1946 Concilii
191 1921 323 1951 Arausicani
336 1920 359 1942 ΙΙ.
380 1920 414 1947 (a.
428 1919 503 1947 529.),
522 1925 533 1941 a
552 1918 667 1940 Bonifacio
680 1918 702 1939 ll.
721 1916 848 1939 confirmati
868 1916 929 1943 (can.

79 1963 126 1990 9.):
142 1970 151 1981 τι
165 1962 258 1989 Quoties
275 1960 335 1982 bona
348 1960 446 1987 agimus,
465 1958 525 1980 Deus
542 1957 566 1980 iit
579 1956 644 1980 nobis
662 1960 731 1985 atque
748 1955 885 1979 nobiscum.
907 1958 930 1977 ut

80 2007 216 2030 operemur,
234 2002 343 2028 operatur
356 2007 376 2020 n.

145 2041 167 2062 ll.
187 2039 377 2067 Cooperationem
396 2037 460 2059 liberi
478 2036 565 2059 arbitrii
583 2036 613 2058 ad
632 2040 697 2058 actus
714 2036 825 2058 salutares
842 2042 853 2057 a
872 2041 930 2057 saec.

80 2080 140 2103 XVl.
159 2079 243 2102 multae
269 2079 376 2100 haereses
398 2076 555 2099 diversimode
581 2079 705 2104 negarunt,
725 2081 824 2104 quarum
842 2080 932 2096 errores

82 2120 179 2142 decretis
197 2118 290 2141 Concilii
311 2116 437 2139 Tridentini
454 2120 476 2138 et
493 2116 644 2138 Summorum
667 2114 801 2137 Pontificum
825 2113 932 2136 condem-

82 2160 126 2181 nati
144 2160 203 2180 sunt.
222 2157 278 2179 Hinc
302 2156 405 2179 catholici
423 2156 523 2183 theologi
542 2154 571 2177 de
593 2154 693 2176 efficacia
720 2154 817 2182 gratiae,
836 2153 865 2175 de
882 2159 932 2175 coo-

80 2198 198 2226 peratione
216 2196 280 2219 liberi
308 2196 394 2218 arbitrii
418 2197 439 2217 et
458 2194 486 2217 de
503 2200 560 2216 vero
578 2200 646 2216 sensu
668 2193 785 2216 doctrinae
809 2193 830 2215 S.
854 2193 934 2221 Augu-

81 2238 132 2260 stini
150 2235 301 2266 specialiores
318 2238 340 2257 et
357 2235 495 2263 plerumque
512 2234 566 2256 satis
582 2234 697 2255 intricatas
710 2233 856 2262 quaestiones
874 2232 933 2254 insti-

82 2268 174 2300 tuerunt
186 2278 208 2298 et
223 2277 244 2297 in
263 2275 368 2303 plurimis
386 2274 449 2296 libris
466 2276 591 2296 tractarunt
607 2279 634 2295 eo
655 2272 764 2295 laudabili
777 2272 832 2299 tine,
846 2275 871 2294 ut
883 2278 934 2294 con-

82 2316 184 2339 cordiam
197 2316 284 2343 gratiac
296 2318 318 2336 et
330 2312 439 2337 libertatis
457 2313 605 2335 defenderent
617 2315 639 2335 et
650 2312 780 2335 evidentius
792 2311 934 2334 demonstra-

82 2359 138 2378 rent.
158 2356 179 2377 ln
198 2355 243 2377 fide
262 2354 356 2383 quidem
375 2353 514 2380 concordes,
533 2352 637 2375 diversas
660 2353 710 2374 vias
733 2351 934 2374 demonstrationis

84 2395 180 2423 ingressi
198 2397 257 2416 sunt.
276 2394 332 2415 Ilinc
351 2393 379 2415 de
396 2392 497 2420 ratione,
517 2398 562 2420 qua
580 2391 680 2414 efficat-ia
693 2391 779 2419 gratiae
793 2390 935 2412 connectitur

85 2440 138 2457 cuni
156 2439 269 2455 consensu
296 2432 430 2459 voluntatis,
449 2431 601 2459 gravissimae
618 2433 640 2452 et
656 2430 829 2458 spinosissimae
848 2432 935 2451 contro-

82 2474 172 2495 versiae
190 2474 281 2494 exortae
298 2474 364 2499 sunt,
383 2471 508 2499 praecipue
525 2470 584 2492 inter
607 2469 710 2492 celebres
727 2470 817 2492 scholas
835 2470 935 2492 duorum

1772 229 1828 258 647

980 307 1092 331 Ordinum
1111 308 1138 331 de
1156 308 1254 331 Ecclesia
1272 308 1359 336 optime
1376 308 1523 335 meritorum,
1541 308 1626 330 scilicet
1643 308 1665 329 S.
1684 308 1794 330 Dominici
1808 311 1830 331 et

979 349 1097 371 societatis
1115 349 1172 370 Iesu.
1190 349 1212 370 S.
1230 348 1301 370 Sedes
1319 350 1371 376 post
1388 348 1533 376 longissimas
1546 348 1712 376 disputationes
1723 351 1746 370 et
1757 349 1829 377 inqui-

979 388 1085 415 sitiones,
1106 387 1135 409 ab
1153 394 1189 409 an.
1210 387 1268 409 «1598
1281 388 1303 409 in
1317 389 1402 410 famosa
1420 387 1604 415 Congregatione
1622 387 1651 409 dc
1663 388 1751 410 auxiliis
1769 387 1830 410 habi-

979 429 1023 454 tas,
1044 427 1072 449 de
1090 427 1140 454 ipso
1158 425 1244 450 obiecto
1262 427 1432 449 controversiae
1450 427 1504 449 nihil
1522 427 1636 454 definivit,
1650 433 1691 449 nec
1703 426 1747 449 sub
1760 427 1829 450 Paulo

981 466 1020 493 V.,
1042 465 1136 494 quando
1159 466 1238 494 (1607)
1266 465 1419 494 Congregatio
1437 466 1465 488 de
1483 466 1570 488 auxiliis
1588 466 1697 489 dissoluta
1723 470 1769 494 cst,
1788 473 1830 490 nec

979 504 1023 526 sub
1036 504 1187 532 sequentibus
1205 505 1365 533 Pontificibus;
1379 506 1474 527 vetitum
1488 509 1563 528 tamen
1581 508 1629 534 est,
1648 512 1676 527 ne
1688 506 1740 534 quis
1753 506 1774 527 in
1787 507 1830 528 hac

980 544 1114 571 quaestione
1132 544 1247 566 tractanda
1266 547 1354 572 partem
1373 551 1428 567 suae
1446 545 1576 572 oppositam
1598 553 1607 564 α
1620 548 1659 568 aut
1676 544 1829 573 qualificaret,

980 584 1019 604 aut
1036 588 1131 604 censura
1150 583 1259 611 quapiam
1278 586 1398 605 notaret».
1418 583 1513 612 Insuper
1530 590 1542 606 a
1561 584 1629 606 Paulo
1654 585 1679 606 V.
1698 588 1720 606 et
1738 583 1829 606 Urbano

981 621 1036 643 Vlll.
1054 621 1197 649 prohibitum
1214 625 1255 650 est,
1273 622 1344 645 libros
1360 626 1382 645 et
1400 625 1507 646 tractatus
1519 623 1548 645 de
1560 623 1659 646 auoeiliis
1672 623 1756 651 edere;
1770 630 1830 652 quae

982 659 1106 688 probibitio
1133 663 1211 688 postea
1237 661 1403 684 consuetudine
1430 661 1539 690 derogata
1557 664 1597 684 est.
1624 662 1707 685 Ultimo
1724 662 1830 685 Clemens

982 699 1030 721 Xll.
1049 699 1072 727 (2
1090 698 1138 721 Oct.
1159 699 1228 727 1733)
1246 699 1337 722 decreta
1363 699 1486 723 Clementis
1504 701 1540 723 Xl.
1559 704 1581 723 et
1597 701 1711 724 Benedicti
1729 701 1785 730 Xlll,
1803 701 1833 724 ad

982 738 1099 767 quandam
1112 738 1269 761 defensionem
1283 739 1437 761 Thomisticae
1454 740 1546 762 scholae
1558 741 1613 768 lata,
1631 741 1768 769 comprobat
1785 742 1834 770 qui—

983 778 1036 800 dem
1054 781 1076 800 et
1093 777 1226 806 confirmat,
1245 778 1286 800 sed
1304 778 1383 801 addit:
1405 786 1414 798 α
1427 778 1549 806 Nolumus,
1568 782 1607 801 aut
1623 786 1664 807 per
1681 783 1781 809 nostras,
1794 783 1834 803 aut

984 824 1025 846 per
1043 818 1147 845 ipsorum
1173 817 1253 839 laudes
1280 817 1435 840 Tiiomisticae
1452 819 1544 840 scholae
1562 818 1660 847 delatas,
1678 826 1736 848 quas
1753 821 1833 843 iterato

982 859 1061 879 nostro
1084 856 1170 879 iudicio
1196 856 1378 885 comprobamus
1396 859 1418 879 et
1435 857 1612 886 confirmamus,
1631 859 1759 887 quidquam
1782 865 1834 882 esse

984 896 1112 918 detractum
1131 897 1212 918 ceteris
1229 896 1345 918 catholicis
1363 896 1459 924 scholis,
1478 896 1569 919 diversa
1582 897 1611 919 ab
1624 897 1706 919 eadem
1723 898 1746 919 in
1763 898 1834 926 expli-

985 935 1058 958 canda
1076 935 1167 958 divinae
1185 936 1272 964 gratiae
1289 936 1389 958 efficacia
1407 936 1573 964 sentientibus,
1587 943 1686 965 quarum
1698 938 1766 959 etiam
1778 944 1834 966 erga

982 976 1042 997 hanc
1059 975 1081 997 S.
1099 974 1182 997 Sedem
1201 975 1318 1003 praeclara
1336 978 1389 997 sunt
1406 975 1486 997 merita
1500 983 1520 997 ι).
1539 975 1642 1004 Denique.
1654 975 1740 998 ibidem
1753 982 1834 998 rursus

982 1014 1139 1042 interdicitur,
1167 1020 1195 1036 ne
1224 1016 1324 1036 «notam
1350 1017 1389 1036 aut
1415 1020 1537 1036 censuram
1563 1014 1663 1043 aliquam
1681 1016 1834 1043 theologicam

982 1054 1064 1076 iisdem
1081 1053 1165 1076 scholis
1177 1053 1269 1075 diversa
1282 1053 1432 1075 sentientibus
1444 1054 1536 1075 inurere
1546 1072 1551 1081 ‚
1564 1056 1603 1076 aut
1614 1060 1694 1076 earum
1711 1056 1834 1078 sententias

983 1095 1093 1116 conviciis
1110 1097 1132 1116 et
1150 1093 1294 1116 contumeliis
1311 1093 1425 1115 incessere
1438 1093 1548 1120 audeant,
1561 1093 1636 1116 donec
1647 1093 1676 1116 de
1688 1094 1770 1116 iisdem
1783 1101 1834 1117 con-

983 1134 1101 1156 troversiis
1119 1134 1175 1155 haec
1194 1139 1212 1154 s.
1225 1132 1296 1154 Sedes
1313 1132 1401 1161 aliquid
1413 1132 1570 1155 definiendum
1583 1135 1622 1155 aut
1638 1133 1835 1161 pronuntiandum

985 1173 1122 1196 censuerit»
1145 1172 1289 1200 (Denzinger,
1313 1172 1427 1194 Enchirid.
1450 1172 1576 1200 symbolor.
1597 1175 1619 1194 et
1641 1172 1734 1201 definit„
1752 1173 1788 1195 ed.
1813 1173 1834 1196 3.

984 1219 1037 1241 pag.
1051 1212 1103 1234 312.
1117 1213 1199 1241 seqq).
1218 1211 1256 1233 His
1268 1212 1443 1239 sapientissimis
1454 1211 1475 1233 S.
1489 1211 1555 1234 Sedis
1571 1211 1661 1234 iudiciis
1673 1211 1781 1234 standum
1794 1215 1834 1235 est.

1049 1251 1080 1273 Ill.
1099 1250 1260 1273 Controversia
1279 1250 1399 1278 utriusque
1411 1250 1503 1272 scholae
1516 1251 1640 1278 praecipue
1658 1253 1763 1273 versatur
1775 1252 1835 1273 circa

984 1291 1159 1319 explicationem
1186 1290 1272 1317 gratiae
1289 1289 1426 1319 sufficientis
1443 1293 1465 1312 et
1482 1289 1589 1319 efficacis,
1610 1292 1631 1312 et
1648 1291 1717 1312 etiam
1738 1296 1836 1319 praet-e-

984 1330 1077 1358 mentis,
1100 1330 1127 1351 de
1146 1335 1193 1358 quo
1216 1329 1365 1351 consulantur
1391 1329 1478 1356 proprii
1500 1330 1619 1358 utriusque
1637 1330 1728 1351 scholae
1745 1329 1835 1357 probati

985 1373 1098 1392 auctores.
1116 1368 1174 1391 Cum
1193 1371 1269 1390 autem
1282 1369 1304 1390 in
1317 1372 1395 1390 nostro
1413 1368 1427 1390 l.
1446 1370 1507 1390 tomo
1525 1374 1548 1396 p.
1566 1368 1612 1390 710
1630 1369 1652 1390 in
1669 1370 1755 1391 scholio
1774 1375 1795 1391 n.
1814 1370 1835 1392 2.

985 1409 1034 1438 (ubi
1053 1410 1128 1437 agitur
1146 1408 1174 1430 de
1192 1406 1332 1431 causalitate
1350 1407 1441 1429 divinae
1460 1408 1584 1429 voluntatis
1596 1408 1617 1429 in
1628 1408 1836 1435 praedestinatIOne

984 1449 1108 1477 implicata)
1121 1448 1195 1476 aliqua
1210 1447 1268 1469 dicta
1281 1448 1325 1469 sint
1337 1446 1365 1469 de
1378 1447 1469 1469 diversa
1482 1448 1576 1475 ratione,
1589 1454 1633 1476 qua
1647 1454 1658 1469 a
1672 1447 1764 1470 duabus
1773 1449 1837 1471 seho-

985 1489 1011 1511 lis
1029 1488 1145 1510 catholicis
1157 1487 1283 1514 explicatur
1300 1486 1420 1508 causalitas
1437 1489 1459 1508 et
1475 1487 1587 1508 connexio
1604 1486 1697 1508 divinae
1714 1487 1837 1510 voluntatis

985 1533 1039 1549 eum
1057 1532 1170 1549 consensu
1189 1526 1312 1548 voluntatis
1329 1528 1433 1553 creatae,
1452 1531 1478 1547 ea
1497 1532 1556 1554 quae
1574 1525 1604 1547 ibi
1622 1526 1650 1548 de
1662 1526 1793 1549 causalitate
1806 1526 1837 1548 di-

985 1567 1053 1589 vinae
1071 1566 1178 1588 motionis
1195 1566 1217 1586 in
1236 1570 1320 1592 genere
1338 1564 1467 1586 secundum
1485 1564 1587 1586 scholam
1605 1565 1723 1587 Societatis
1740 1565 1788 1587 lesu
1802 1571 1838 1587 oc-

985 1608 1087 1632 currunt,
1101 1605 1167 1626 nimis
1180 1603 1281 1626 breviter
1293 1606 1315 1626 et
1323 1603 1452 1625 indistincte
1464 1603 1550 1630 prolata
1564 1607 1624 1631 sunt,
1637 1604 1666 1626 ita
1679 1607 1709 1631 ut,
1721 1605 1738 1626 si
1749 1604 1778 1626 de
1790 1605 1837 1627 sola

986 1645 1057 1673 gratia
1067 1643 1231 1674 praeveniente
1242 1643 1299 1665 dicta
1310 1642 1473 1670 intelliguntur,
1488 1648 1531 1664 non
1542 1644 1671 1670 exprimant
1680 1650 1759 1665 veram
1771 1645 1838 1666 huius

986 1684 1083 1706 celebris
1100 1683 1191 1705 scholae
1217 1683 1359 1704 sententiam.
1379 1682 1435 1704 ilinc
1452 1682 1534 1704 melius
1546 1686 1571 1704 et
1585 1685 1685 1704 mentem
1703 1686 1839 1706 nostramet

986 1730 1066 1746 veram
1086 1723 1158 1745 dictae
1176 1722 1268 1744 scholae
1285 1722 1420 1743 sententiani
1439 1721 1482 1743 hoc
1505 1721 1555 1743 loco
1572 1721 1720 1749 explicamus.
1740 1722 1839 1744 Docetur

986 1764 1056 1791 igitur
1074 1761 1102 1784 ab
1120 1761 1217 1788 eadem,
1235 1761 1377 1782 voluntatem
1398 1760 1545 1782 illustratione
1563 1764 1585 1782 et
1601 1761 1734 1783 excitatione
1753 1762 1839 1789 gratiae

983 1801 1158 1832 praaeem‘enta's
1176 1801 1234 1827 (sive
1253 1806 1315 1822 mere
1333 1800 1466 1822 sufficientis
1483 1800 1533 1822 sive
1550 1800 1617 1822 etiam
1636 1801 1744 1828 efficacis)
1763 1802 1791 1822 ita
1810 1801 1839 1823 ad

987 1847 1127 1864 consensum
1147 1840 1308 1868 praemoveri,
1327 1842 1350 1861 ut
1368 1839 1397 1861 ad
1415 1839 1597 1861 dissentiendum
1615 1839 1684 1861 libera
1698 1843 1799 1868 maneat,
1813 1846 1839 1862 ac

988 1880 1086 1909 proinde
1112 1885 1239 1902 consensus
1256 1884 1283 1900 ex
1300 1879 1343 1900 hac
1358 1879 1429 1906 gratia
1449 1879 1478 1900 ita
1496 1881 1621 1907 sequatur,
1640 1883 1664 1901 ut
1681 1880 1749 1901 etiam
1768 1880 1840 1907 possit

988 1927 1032 1942 non
1051 1919 1123 1948 sequi.
1142 1918 1312 1941 Connexionem
1330 1921 1406 1939 autem
1424 1917 1564 1939 infallibilem
1577 1919 1663 1945 gratiae
1675 1919 1774 1941 efficacis
1786 1925 1840 1941 eum

989 1964 1101 1981 consensu
1121 1957 1186 1980 liberi
1203 1956 1290 1979 arbitrii
1309 1960 1333 1978 ut
1350 1956 1461 1984 explicet,
1480 1957 1529 1984 ipsa
1548 1957 1619 1979 utitur
1637 1956 1735 1980 scientia
1752 1958 1837 1987 media,

989 2004 1033 2026 qua
1052 1997 1113 2019 Deus
1131 2000 1182 2018 ante
1200 2002 1269 2018 omne
1286 1995 1406 2017 decretum
1424 1995 1555 2017 absolutum
1575 1996 1715 2024 praevideat,
1734 1997 1789 2025 quid
1802 2004 1840 2019 vo-

990 2038 1064 2060 luntas
1089 2037 1189 2058 humana
1208 2037 1229 2057 in
1248 2035 1376 2064 hypothesi,
1396 2035 1458 2063 quod
1477 2036 1519 2057 hac
1537 2036 1572 2057 vel
1591 2036 1625 2057 illa
1644 2037 1716 2064 gratia
1734 2038 1841 2060 excitare-

990 2081 1040 2101 tur,
1059 2077 1145 2098 factura
1158 2078 1217 2098 esset
1227 2093 1232 2103 ,
1250 2078 1271 2097 et
1283 2081 1311 2097 ex
1327 2075 1369 2097 hac
1387 2075 1533 2102 praevisione
1547 2075 1720 2103 praedestinatis
1733 2076 1841 2099 decernat

990 2118 1075 2145 gratias
1092 2117 1197 2138 efficaces
1215 2116 1227 2136 i.
1247 2121 1266 2137 e.
1285 2115 1353 2142 tales,
1373 2120 1427 2137 cum
1440 2114 1526 2143 quibus
1538 2121 1578 2136 eos
1591 2114 1661 2137 iibere
1676 2119 1841 2143 cooperaturos

990 2155 1135 2178 infallibiliter
1160 2155 1290 2182 praescivit.
1308 2154 1372 2176 Hanc
1389 2157 1466 2176 autem
1491 2155 1627 2176 sententiam
1644 2154 1726 2176 eadem
1744 2155 1843 2177 affirmat

990 2196 1120 2223 exprimere
1132 2195 1259 2222 genuinum
1280 2193 1398 2216 doctrinae
1410 2193 1444 2216 Ss.
1457 2194 1578 2221 Augustini
1591 2196 1613 2215 et
1624 2193 1727 2215 Thoniae
1739 2200 1840 2216 sensum.

992 2247 1020 2250 ἤ
1038 2233 1120 2262 Quoad
1140 2233 1243 2255 diversas
1260 2233 1383 2255 sententias
1395 2231 1423 2254 de
1436 2238 1549 2254 concursu
1568 2231 1607 2253 Dei
1620 2232 1720 2259 generali
1733 2232 1761 2253 ad
1778 2234 1841 2254 aetus

990 2274 1114 2295 voluntatis
1125 2273 1216 2300 liberos,
1230 2272 1270 2294 sed
1282 2272 1391 2294 naturalis
1403 2270 1497 2298 ordinis,
1510 2270 1563 2292 vide
1576 2271 1632 2292 inira
1645 2271 1667 2292 d.
1678 2270 1714 2293 37.
1725 2277 1744 2292 a.
1756 2271 1776 2293 ’1.
1787 2278 1808 2299 q.
1820 2271 1840 2293 1.

1055 2313 1090 2335 tv.
1104 2313 1167 2334 llanc
1180 2313 1284 2340 praecise
1296 2311 1454 2340 quaestionem
1469 2310 1572 2338 explicite
1584 2312 1702 2332 tractatam
1721 2317 1764 2332 non
1783 2310 1843 2332 vidi-

992 2359 1044 2374 nius
1063 2351 1091 2374 ab
1110 2352 1159 2373 aliis
1176 2351 1275 2379 antiquis
1292 2350 1434 2372 scholasticis
1452 2349 1494 2370 nisi
1512 2348 1540 2370 ab
1559 2349 1607 2370 bis:
1627 2349 1683 2371 Petr.
1702 2355 1714 2370 a
1732 2349 1792 2377 Tar.,
1806 2349 1842 2371 hic

992 2399 1015 2420 q.
1029 2392 1093 2413 unica
1107 2397 1127 2412 a.
1146 2390 1167 2412 7.
1177 2389 1324 2411 —Richartl
1343 2395 1355 2410 a
1373 2388 1430 2410 Med.
1442 2406 1447 2416 ,
1466 2388 1501 2410 liic
1514 2394 1533 2410 a.
1548 2388 1629 2409 unicus
1641 2394 1663 2416 q.
1676 2387 1696 2409 5.
1707 2400 1737 2402 —
1749 2388 1841 2415 Dionys.

992 2430 1083 2457 Carth,
1102 2430 1137 2451 hic
1155 2435 1177 2457 q.
1196 2428 1216 2450 i.
1235 2440 1265 2444 —
1282 2427 1323 2449 Alii
1347 2433 1396 2449 rem
1414 2429 1510 2454 tangunt
1534 2427 1555 2448 in
1572 2427 1705 2454 quaestione
1723 2426 1752 2448 de
1769 2427 1842 2454 gratia

993 2472 1103 2498 operante
1115 2471 1138 2490 et
1149 2470 1294 2495 cooperante,
1308 2472 1367 2495 quos
1379 2465 1432 2488 vide
1445 2466 1467 2487 in
1480 2465 1567 2487 scholio
1579 2465 1608 2487 ad
1623 2465 1645 2486 d.
1662 2465 1698 2486 27.
1715 2472 1734 2486 a.
1751 2465 1769 2487 1.
1788 2472 1809 2494 q.
1822 2465 1841 2487 l.

668 2561 767 2590 DUBlA
790 2561 884 2589 (ΗΒΕΑ
906 2560 1073 2589 ΙΛΤΤΕΒΑΜ
1096 2558 1259 2587 MAGISTRt.

455 2649 522 2678 Dt'ss.
545 2649 563 2677 Ι.

166 2746 193 2773 ln
217 2748 294 2782 parte
321 2745 372 2773 ista
399 2747 463 2773 sunt
485 2743 673 2772 dubitationes
699 2743 772 2771 circa
799 2743 935 2776 litteram,

87 2796 114 2822 et
135 2793 226 2830 primo
247 2792 393 2829 quaeritur
415 2791 449 2820 de
471 2791 523 2820 hoc
539 2790 614 2827 quod
635 2790 713 2819 dicit:
743 2789 881 2817 Voluntas
897 2793 937 2817 est

992 2647 1088 2675 comni
1111 2650 1207 2674 motas
1239 2645 1279 2673 asi
1310 2644 1425 2682 aliquid
1453 2644 1665 2682 assequemimn
1687 2647 1737 2672 etc.
1769 2644 1845 2672 Sicut

993 2695 1066 2723 enim
1083 2693 1149 2722 tlieit
1166 2691 1384 2728 Philosophus¹z
1410 2702 1422 2717 «
1434 2691 1530 2720 Peccat
1549 2691 1595 2728 qui
1612 2690 1707 2719 definit
1724 2690 1750 2719 id
1769 2690 1844 2728 quod

994 2746 1035 2770 est.
1057 2741 1084 2769 in
1100 2740 1205 2777 quiete,
1228 2747 1277 2776 per
1300 2739 1327 2767 id
1343 2739 1419 2776 quod
1434 2742 1475 2767 est
1498 2739 1525 2766 in
1547 2742 1625 2767 motu
1640 2749 1670 2772 »3
1686 2738 1733 2767 sed
1750 2738 1846 2767 volun-

996 2791 1037 2816 tas
1059 2790 1102 2816 est
1124 2786 1259 2823 potentia:
1283 2793 1349 2822 ergo
1374 2785 1446 2814 male
1468 2785 1614 2819 definitur,
1636 2793 1700 2813 carn
1727 2785 1844 2814 dicitur:

150 2927 156 2941 ¹
176 2927 238 2949 Libr.
256 2927 293 2949 Vl.
313 2927 392 2955 Topie.
416 2933 435 2949 c.
454 2927 474 2948 3.
494 2926 522 2954 (c.
545 2925 587 2954 4.),
612 2924 649 2947 uhi
668 2931 739 2953 agens
757 2925 784 2947 de
807 2925 868 2947 xitiis
885 2924 938 2946 desi-

90 2966 180 2987 nitionis
203 2965 233 2991 <si
253 2965 353 2987 definitio
377 2971 420 2986 non
440 2964 558 2987 derivatur
579 2967 600 2986 et
623 2964 734 2986 formatur
756 2969 782 2985 ex
805 2963 938 2990 simpliciter

90 3005 227 3032 notioribus,
247 3011 320 3034 neque
339 3011 364 3027 ex
383 3005 409 3026 iis
427 3010 486 3033 quae
504 3003 570 3026 nobis
589 3004 674 3025 notiora
693 3006 759 3027 sunt)
778 3003 820 3025 ait:
844 3002 865 3023 Si
889 3002 938 3024 eius

89 3044 153 3072 quod
170 3047 204 3066 est
222 3045 242 3066 in
261 3045 337 3072 quiete
359 3046 380 3065 et
398 3043 540 3070 definitione,
559 3048 600 3070 per
623 3042 765 3064 indefinitum
790 3044 811 3063 et
829 3040 892 3069 quod
915 3041 936 3062 in

996 2927 1059 2945 motu
1077 2925 1122 2949 est,
1141 2922 1255 2949 assignata
1279 2923 1313 2942 est
1330 2920 1401 2942 oratio
1425 2919 1498 2942 nobis.
1517 2920 1582 2942 Prius
1599 2920 1659 2942 enim
1681 2922 1715 2942 est
1732 2922 1753 2941 et
1771 2920 1847 2942 notius

996 2961 1058 2991 quod
1078 2967 1172 2983 manens
1189 2963 1223 2982 est
1240 2962 1262 2982 et
1278 2959 1409 2987 definitum,
1428 2965 1455 2981 eo
1474 2959 1536 2988 quod
1550 2959 1692 2981 indefinitum
1710 2962 1732 2981 et
1749 2960 1770 2981 in
1783 2962 1847 2981 motu

996 3004 1076 3024 est.—
1094 3000 1142 3022 Mox
1161 2999 1226 3027 edd„
1244 3002 1337 3026 excepta
1357 2999 1377 3026 l,
1395 3002 1417 3021 et
1435 2999 1502 3026 pauci
1520 2998 1587 3021 codd.
1601 2999 1652 3021 voci
1669 2998 1771 3027 potentia
1784 3004 1848 3026 prae-

997 3041 1070 3068 figunt
1088 3039 1119 3061 iit.
