2243 3425
17 1901 142 1920 fundamenta.

748 204 830 233 DlsT.
852 203 952 232 xxxii.
976 203 1047 231 ΛΒΤ.
1070 203 1088 231 Ι.
1112 203 1247 239 QUAEST.
1270 202 1298 230 ll.

143 290 297 324 peccatam
319 286 354 314 ab
375 285 500 319 homine,
523 292 634 313 necesse
656 287 710 317 est,
733 283 807 320 quod
824 286 851 311 et
872 290 996 310 causam

145 334 288 370 originalis
311 333 414 370 peccati
437 332 571 361 excludat
592 332 627 359 ab
650 331 722 367 ipso:
744 333 771 358 et
793 330 813 358 si
837 330 901 363 hoc,
924 329 998 357 vide-

146 385 192 410 tur
209 385 285 411 tunc.
302 380 375 417 quod
393 380 548 416 baptizatus
564 387 617 407 non
638 377 815 406 transfundat
830 378 857 405 in
876 377 995 405 alterum

146 428 281 465 originale
304 431 458 464 peccatum.

225 476 252 504 [ι.
275 476 355 507 Item,
377 482 431 502 non
454 473 623 502 sufficienter
646 475 726 501 curat
742 471 871 499 morbum
894 471 940 507 qui
957 479 998 499 re-

146 523 247 560 linquit
270 522 391 551 radicem
417 521 519 549 morbi:
550 528 617 556 ergo
646 523 695 547 aut
716 519 844 546 Christus
872 526 926 545 non
955 522 996 545 est

146 570 287 606 perfectus
304 569 441 598 medicus,
460 570 508 595 aut
524 567 545 595 si
569 566 709 603 perfectus
730 564 855 593 medicus
877 568 930 595 est,
946 572 996 600 per

146 617 313 645 medicinam
330 614 501 643 Sacramenti
524 613 654 650 baptismi
677 620 730 640 non
752 612 843 640 solum
864 612 996 648 expiatur

146 663 280 700 originale
307 666 443 700 quantum
470 662 505 690 ad
528 661 661 697 culpam,
682 660 730 688 sed
753 659 835 688 etiam
859 661 996 695 quantum

146 711 181 740 ad
204 719 344 740 1111131110.-
366 713 392 738 et
413 710 435 738 si
458 709 522 743 1100,
545 716 611 745 ergo
633 707 790 744 baptizatus
812 709 863 735 etc.
924 702 927 704 ’

227 760 251 787 5
275 758 354 791 Item,
372 757 438 785 tales
461 759 526 784 sunt
542 756 666 789 tructus,
688 754 779 791 qualis
795 758 836 782 est
857 754 954 783 arbor:
971 756 997 781 et

146 806 215 834 tales
237 808 302 833 sunt
324 804 408 837 rami,
431 803 522 840 qualis
548 806 574 830 et
597 802 688 830 radix.
712 801 788 830 Unde
814 804 840 829 et
862 800 997 828 Dominus

147 853 173 881 in
197 852 324 880 Matthaei
348 851 466 888 septimo
481 850 504 877 ¹:
522 849 586 877 Non
606 853 697 886 potest
718 848 810 876 arbor
838 847 913 875 bona
934 845 998 883 fra-

146 904 209 928 ctas
230 899 324 927 malos
345 897 465 934 faccre;
487 901 513 926 et
534 896 681 934 Apostolus
703 896 738 924 ad
762 896 898 923 Romanos
914 894 999 923 unde-

146 947 232 975 cimo:
256 946 289 974 Si
304 945 395 973 radim
409 949 525 977 attacta,
548 947 573 971 ei
588 943 669 971 rami
689 942 802 970 sancti:
819 950 885 979 ergo
909 941 931 970 si
946 941 999 969 ori-

146 993 237 1030 3101110
259 993 383 1021 deletum
404 995 444 1020 est
468 992 494 1019 in
518 994 645 1027 parente,
668 993 695 1018 et
717 997 818 1026 parens
840 992 882 1017 est
905 988 999 1025 purifi-

146 1045 240 1071 catus:
263 1041 375 1069 videtur
398 1039 538 1072 similiter,
561 1037 636 1074 quod
659 1036 825 1074 purificetur
848 1039 875 1064 et
896 1035 998 1073 proles.

148 1088 177 1116 Et
199 1089 220 1116 si
238 1088 301 1121 boc,
320 1091 369 1115 aut
383 1086 517 1123 originale
537 1093 591 1113 non
614 1084 724 1113 deletur
740 1092 790 1121 per
812 1083 998 1120 baptismum,

145 1140 194 1164 aut
216 1135 237 1164 si
254 1135 364 1163 deletur
386 1137 523 1171 quantum
545 1133 578 1161 ad
596 1133 721 1169 culpam,
744 1131 854 1170 deletur
869 1131 998 1159 similiter

145 1187 282 1221 quantum
305 1182 340 1210 ad
363 1190 486 1210 causam.
510 1180 542 1209 Si
564 1185 595 1208 tu
617 1180 714 1213 dicas,
737 1179 811 1216 quod
842 1179 998 1216 baptismus

145 1239 199 1259 non
222 1229 352 1267 purificat
375 1229 515 1257 bominem
539 1228 573 1256 ab
592 1227 733 1264 originali,
755 1226 782 1254 in
805 1229 941 1263 quantum
957 1229 999 1254 est

146 1278 290 1315 corruptio
311 1276 479 1309 vicinitatis,
502 1275 551 1304 sed
574 1275 600 1303 in
628 1278 765 1311 quantum
788 1276 829 1301 est
855 1273 998 1309 corruptio

142 1325 328 1363 personalis‚·
341 1327 462 1352 contra:
482 1323 527 1351 «si
541 1322 700 1360 oppositum
714 1325 755 1349 est
770 1328 855 1349 causa
869 1320 998 1357 oppositi,

146 1377 173 1402 et
199 1373 374 1410 propositum
402 1375 443 1400 est
471 1378 555 1399 causa
575 1369 707 1406 propositi
723 1368 733 1383 ²
753 1379 780 1401 n,
803 1367 850 1396 sed
878 1375 999 1404 persona

146 1423 279 1456 corrupta
302 1418 457 1455 corrumpit
479 1421 624 1445 naturam:
645 1424 712 1452 ergo
724 1415 783 1452 pari
807 1415 923 1448 ratione,
938 1422 999 1451 per-

146 1477 213 1498 sona
234 1471 343 1501 sanata,
365 1469 480 1495 sanatur
503 1468 529 1493 et
551 1467 660 1492 natura.

226 1516 252 1544 (5.
275 1515 354 1548 110111,
377 1514 398 1542 si
421 1513 523 1550 aliquis
544 1515 623 1540 curet
644 1511 767 1547 aliquem
789 1518 805 1537 a
827 1510 917 1545 lepra,
933 1509 999 1545 quia

146 1564 225 1600 lepra
247 1566 288 1591 est
307 1561 423 1589 morbus
445 1559 635 1588 hereditarius
648 1558 667 1592 ³,
690 1558 742 1586 hoc
758 1557 818 1593 Ipso
840 1556 914 1593 quod
931 1564 947 1583 a
964 1556 999 1584 le-

146 1619 197 1648 pra
219 1613 311 1643 curat,
328 1608 375 1637 dat
390 1608 414 1636 ei
430 1606 580 1644 potentiam
598 1604 749 1642 generandi
770 1604 858 1632 filium
883 1610 998 1631 sanum:

145 1666 211 1695 ergo
234 1656 292 1694 pari
316 1656 441 1687 ratione,
464 1654 485 1683 si
507 1653 642 1690 originale
665 1651 781 1680 morbus
800 1654 842 1679 est
863 1649 1000 1678 heredita-

145 1706 221 1739 riiis;
248 1704 374 1732 videtur.
403 1702 478 1739 quod
507 1709 561 1729 non
591 1700 734 1734 deleatur,
764 1699 832 1735 quin
853 1698 999 1726 auferatur

146 1752 194 1781 illa
215 1751 371 1788 corruptio,
394 1756 543 1787 perquam
565 1747 700 1784 originale
723 1746 750 1774 in
769 1746 889 1774 alterum
914 1748 1001 1773 trans-

145 1800 282 1828 funditur.

227 1847 280 1875 SED
309 1853 436 1874 conruit:
469 1845 489 1871 1.
520 1843 680 1879 Baptizatus
709 1841 791 1869 etiam
822 1843 885 1877 post
913 1839 1000 1876 bapti-

149 1902 241 1924 smum
265 1893 347 1922 sentit
363 1893 389 1920 111
406 1900 435 1920 εο
451 1895 543 1919 motus
561 1888 801 1925 concupiscentiae
815 1899 821 1920 3
837 1887 886 1916 sed
903 1895 1001 1915 concu-

148 1942 283 1980 piscentia
303 1943 398 1969 ortum
418 1939 501 1966 habet
516 1945 550 1965 ex
568 1936 671 1965 caruis
685 1934 839 1972 foeditate,
855 1938 882 1963 et
897 1934 942 1963 illa
959 1937 1001 1963 est

148 1998 242 2019 caasa
257 1987 400 2025 originalis
415 1986 518 2023 peccati
532 1985 558 2013 10
572 1984 677 2021 prole⁴z
691 1991 757 2019 ergo
773 1983 930 2019 baptismus
946 1991 1001 2011 non

149 2041 229 2066 curat
245 2035 374 2064 morbum
388 2032 531 2069 originalis
547 2031 649 2068 peccati
666 2034 803 2068 quantum
819 2030 854 2058 ad
868 2030 999 2058 radicem.

228 2084 254 2112 02.
276 2083 357 2116 Item,
380 2088 474 2109 caasa
496 2078 639 2115 originalis
662 2077 764 2114 peccati
789 2077 892 2106 residet
914 2085 1000 2114 penes

150 2138 276 2164 carnemg
298 2129 347 2157 sed
374 2127 463 2164 gratia
489 2125 609 2163 Spiritus
635 2125 720 2154 sancti
749 2124 861 2161 respicit
888 2125 999 2161 proprie

147 2178 235 2215 ipsam
259 2179 393 2204 mentem:
420 2182 486 2210 ergo
506 2173 528 2202 si
544 2180 639 2201 causa
660 2171 804 2208 originalis
824 2171 929 2207 peccati
945 2179 999 2199 non

147 2224 297 2262 opponitur
324 2223 375 2260 ipsi
405 2222 526 2259 gratiae,
553 2220 673 2254 videtur,
702 2219 777 2256 quod
804 2226 854 2256 per
881 2219 999 2255 gratiam

147 2270 343 2309 baptismalem
365 2277 419 2297 non
436 2268 537 2296 babeat
560 2266 707 2295 removeri.

228 2318 254 2347 3.
270 2318 349 2349 Item,
366 2316 386 2345 si
404 2315 560 2352 baptismus
586 2317 699 2342 curaret
714 2313 848 2350 originale
869 2321 921 2341 non
946 2316 1001 2340 tan-

148 2370 218 2400 tum,
238 2366 417 2402 inquantum
437 2366 479 2391 est
494 2361 610 2390 morbus
629 2360 812 2398 personalis,
836 2360 884 2388 sed
907 2360 1000 2394 etiam,

148 2414 177 2442 10
202 2416 339 2450 quantum
366 2414 408 2439 est
437 2409 553 2438 morbus
580 2407 748 2441 natarali&
774 2408 859 2443 igitur
886 2410 1001 2443 parente

149 2460 300 2497 baptizato,
324 2467 378 2487 non
400 2461 542 2494 oporteret
563 2456 670 2493 prolem
693 2454 836 2491 baptizari.
864 2454 889 2481 Si
916 2454 1001 2490 {gitur

149 2513 382 2544 unumquemque
404 2505 431 2533 in
453 2504 565 2541 propria
589 2510 709 2539 persona
730 2508 843 2529 necesse
859 2504 901 2528 est
917 2500 1003 2537 bapti-

150 2554 220 2588 zari,
241 2553 366 2583 videtur,
382 2552 455 2589 quod
474 2551 500 2579 in
516 2550 682 2586 baptismate
698 2556 752 2576 1100
769 2547 815 2575 [iat
831 2547 932 2575 deletio
951 2547 1003 2574 ori-

150 2601 249 2639 ginalis
271 2603 407 2637 quantum
430 2598 465 2626 ad
487 2605 613 2626 causam
635 2599 661 2624 et
683 2595 805 2623 radIcem
829 2594 929 2622 morbi.

230 2648 255 2676 4,
282 2647 362 2679 Item,
390 2649 504 2683 propter
529 2647 674 2681 peccatum
701 2641 836 2679 originale
866 2641 1003 2669 habemus

150 2695 335 2732 ignorantiam
359 2693 385 2720 in
406 2696 498 2720 mente
513 2695 540 2719 et
562 2689 815 2726 concupiscentiam
832 2688 859 2715 in
882 2694 966 2715 carne
981 2687 1004 2719 ⁵;

215 2831 222 2846 1
240 2831 306 2853 Vers.
329 2831 361 2852 18.
375 2843 400 2846 —
421 2830 473 2858 ch.
493 2832 565 2851 textus
583 2832 616 2849 est
634 2828 676 2849 loc.
694 2827 730 2849 cit.
747 2833 770 2848 v.
793 2827 826 2848 16.

214 2871 223 2885 '²
240 2871 340 2897 Ariston,
359 2870 393 2891 lV.
412 2869 493 2896 Topic.
512 2874 530 2890 c.
550 2867 575 2889 4:
599 2867 621 2888 Si
640 2867 773 2894 opposItum
796 2866 817 2887 111
837 2865 956 2893 opposito,
980 2867 1002 2887 et

151 2912 297 2940 propositum
314 2911 336 2931 in
355 2910 474 2937 proposito
492 2908 540 2930 erit.

214 2950 224 2964 ³
241 2950 369 2976 Avicenna,
389 2948 402 2969 I.
421 2947 505 2969 Canon.
520 2946 563 2968 Fon
576 2946 597 2968 2.
617 2945 690 2967 Doctr.
708 2945 724 2967 l.
743 2951 762 2967 c.
781 2945 806 2966 8:
824 2944 850 2966 Et
861 2946 914 2966 sunt
931 2943 1002 2971 aegri·

152 2989 259 3012 tudinum
277 2987 404 3017 quaedam,
423 2992 483 3015 quae
500 2986 521 3007 in
534 2986 620 3007 semInc
642 2984 809 3011 11011-(1111101111,
830 2984 911 3005 slent...
930 2982 1003 3010 puthi-

153 3029 184 3050 sis
201 3032 223 3050 et
240 3028 310 3055 lepra.
327 3038 359 3042 —
378 3026 419 3048 Pro
437 3025 494 3055 quia
512 3024 578 3053 lepra
595 3024 628 3046 est
645 3023 712 3045 codd.
730 3022 746 3043 L
759 3021 777 3044 O
794 3027 855 3051 quae
872 3022 912 3044 esi.

1847 200 1903 228 763

1054 282 1103 310 sed
1126 281 1281 318 baptismus
1303 289 1358 309 non
1382 281 1449 309 tollit
1477 280 1582 309 110101111
1605 279 1801 317 ignorantiam,
1832 286 1904 315 quae

1054 336 1083 357 se
1113 332 1186 357 tenet
1214 336 1249 357 ex
1280 331 1358 365 parte
1388 327 1498 356 mentis:
1522 335 1589 364 ergo
1617 326 1706 355 multo
1733 326 1826 354 minus
1854 333 1904 354 nec

1054 375 1130 403 illam
1153 376 1375 412 corruptionem,
1398 382 1469 412 quae
1491 382 1521 403 se
1542 377 1617 403 tenet
1638 382 1674 402 ex
1698 377 1776 410 parte
1798 373 1904 407 carnis3

1054 422 1103 451 sed
1126 422 1173 450 illa
1193 425 1235 451 est
1256 430 1351 450 causa
1372 422 1527 458 originalis:
1550 430 1617 458 ergo
1638 424 1689 450 etc.

1371 524 1584 544 CONCLUSIO.

1055 610 1114 637 Per
1136 609 1314 646 baptismam
1340 610 1485 647 originale
1504 613 1655 646 peccatam
1683 609 1792 637 (ledetur
1815 617 1905 646 {lacin-

1135 659 1195 683 111111
1219 656 1259 683 ad
1280 656 1411 692 eulpam,
1435 665 1492 683 aon
1512 660 1607 684 {conen
1622 660 1787 684 removetur
1810 664 1904 684 caasa

1135 701 1368 738 transfundendi
1381 702 1527 740 originale
1549 703 1579 730 in
1591 711 1751 739 personam
1770 702 1903 731 alteram.

1135 797 1309 825 RESPONDEo:
1326 796 1495 830 Dicendum,
1517 797 1591 834 quod
1608 796 1758 833 dupliciter
1773 800 1814 825 est
1830 796 1905 834 loqui

1056 844 1090 872 de
1112 852 1206 872 caasa
1228 843 1383 881 originalis:
1406 847 1454 872 aut
1476 844 1630 872 secundum
1655 844 1904 872 considerationem
1932 848 2037 871 Durhciter

1923 871 2037 894 loquendum

1055 891 1141 919 unius
1162 891 1283 919 hominis
1298 891 1329 918 iii
1350 899 1393 924 se,
1416 894 1464 919 aut
1481 898 1530 927 per
1552 891 1802 927 comparationem
1818 890 1905 927 ipsius
1919 895 2037 921 1100110110-

1055 938 1096 966 ad
1116 938 1241 966 [citerani
1265 946 1300 966 ex
1317 938 1376 974 ipso
1394 937 1665 974 [110113830111101.-
1677 938 1702 965 Si
1720 937 1809 974 primo
1826 937 1908 966 modo
1920 919 2010 941 ”gmahs'

1056 985 1220 1023 loquamur,
1242 985 1281 1013 sic
1304 992 1424 1022 semper,
1446 992 1510 1013 cum
1533 984 1643 1013 deletur
1658 984 1793 1021 originale
1815 992 1908 1020 pecca·
1922 988 2021 1007 Conclusio
2031 988 2049 1006 1-

1056 1035 1129 1066 tum,
1146 1032 1256 1060 deletur
1271 1032 1354 1060 etiam
1370 1040 1465 1060 caasa
1486 1031 1629 1068 originalis
1649 1031 1753 1068 peccati
1769 1034 1906 1068 quantum

1056 1080 1091 1109 ad
1114 1080 1178 1113 hoc,
1206 1083 1237 1107 ut
1262 1088 1317 1107 non
1339 1080 1426 1116 possit
1451 1079 1583 1116 deinceps
1605 1082 1749 1115 peccatum
1772 1078 1907 1115 originale

1056 1135 1173 1156 causare
1182 1127 1191 1140 ⁵
1205 1127 1230 1155 in
1244 1127 1348 1155 aniuza
1361 1126 1515 1163 baptizati.
1529 1127 1687 1155 Remittitur
1699 1127 1771 1155 enim
1785 1126 1907 1163 quodam

1056 1174 1139 1203 modo
1154 1173 1281 1211 foeditas
1303 1175 1407 1207 catrnis,
1423 1178 1449 1203 et
1471 1182 1521 1211 per
1537 1182 1711 1210 consequens
1733 1173 1908 1210 improbitas

1055 1230 1123 1251 suae
1146 1222 1320 1259 tyrannidis,
1342 1221 1449 1250 ratione
1475 1221 1556 1250 cuius
1578 1221 1699 1249 habebat
1721 1221 1851 1258 spiritum
1880 1212 1907 1248 in

1056 1269 1219 1298 servitutem
1249 1269 1352 1306 peccati
1379 1269 1521 1305 redigere3
1551 1268 1625 1305 quod
1648 1268 1760 1305 quidem
1787 1275 1841 1295 non
1864 1275 1910 1303 po-

1055 1320 1108 1345 test
1123 1316 1213 1345 facere
1232 1320 1294 1353 post
1312 1316 1482 1353 baptismum
1506 1318 1619 1352 propter
1635 1315 1773 1343 auxilium
1794 1315 1908 1351 gratIae,

1055 1364 1129 1401 110011
1154 1363 1189 1392 ibi
1207 1363 1291 1392 datur
1305 1363 1429 1400 spiritui,
1452 1371 1502 1399 per
1521 1362 1594 1399 quod
1611 1362 1752 1399 praesidet
1767 1362 1855 1390 carni:
1882 1364 1909 1389 et

1056 1412 1093 1440 ita
1115 1411 1230 1440 effectus
1249 1410 1324 1439 illius
1345 1411 1450 1447 gratiae
1472 1410 1593 1447 quodam
1618 1410 1700 1438 modo
1719 1409 1860 1438 redundat
1881 1409 1908 1437 in

1056 1466 1178 1487 carnem.

1135 1506 1160 1533 Si
1184 1509 1277 1534 autem
1295 1505 1445 1542 loquamur
1460 1504 1495 1532 de
1517 1512 1602 1533 causa
1615 1503 1759 1540 originalis
1777 1506 1908 1539 respecta

1056 1553 1181 1581 alterius
1201 1552 1408 1590 propayancli,
1431 1551 1469 1580 sic
1492 1559 1541 1588 per
1564 1551 1734 1587 baptismum
1761 1558 1814 1578 non
1837 1549 2021 1578 dele-C<Jnclusio
2034 1551 2052 1570 ‘2-

1057 1604 1103 1629 tur
1124 1599 1259 1637 orIginale
1281 1601 1417 1636 quantum
1433 1598 1469 1626 ad
1492 1606 1616 1626 causam
1643 1597 1700 1626 sive
1727 1597 1909 1625 radicem.—

1059 1648 1088 1675 Et
1111 1647 1181 1675 ratio
1203 1646 1288 1675 buius
1309 1646 1466 1683 potissima,
1489 1648 1520 1673 ut
1541 1645 1634 1678 credo,
1656 1648 1706 1678 est,
1728 1644 1793 1681 quia
1815 1652 1909 1672 1101111-
1922 1647 1984 1665 nano.

1057 1694 1127 1731 ptio,
1150 1701 1222 1730 quae
1244 1696 1285 1722 est
1307 1701 1401 1720 causa
1426 1692 1570 1729 originalis
1591 1691 1695 1728 peccati
1722 1691 1907 1728 propagandi,

1058 1745 1099 1770 est
1120 1741 1264 1777 corruptio
1278 1744 1408 1768 naturae
1433 1739 1491 1768 sire
1514 1739 1667 1768 consistens
1686 1746 1772 1776 penes
1794 1739 1849 1766 vim
1866 1746 1909 1775 ge-

1058 1789 1213 1817 nerativam
1228 1788 1246 1816 ⁷.
1269 1795 1340 1825 quae
1362 1788 1446 1816 habet
1471 1786 1591 1815 radicari
1614 1786 1640 1814 in
1656 1794 1747 1815 carne.
1764 1786 1840 1815 Unde
1859 1786 1910 1814 ori-

1058 1836 1161 1873 ginale,
1190 1838 1275 1872 prout
1295 1838 1337 1863 est
1366 1834 1464 1863 vitium
1489 1842 1647 1870 personae,
1674 1833 1786 1869 respicit
1814 1832 1909 1860 volun-

1058 1887 1163 1917 tatem,
1190 1886 1273 1920 prout
1305 1885 1398 1910 autem
1428 1884 1470 1910 est
1496 1881 1594 1909 vitium
1621 1884 1769 1913 nectarae,
1797 1880 1909 1916 respicit

1059 1931 1248 1968 generativam
1276 1930 1409 1958 virtutem
1436 1932 1462 1957 et
1484 1936 1606 1957 carnem.
1633 1927 1725 1956 Gratia
1747 1930 1841 1955 autem
1871 1935 1911 1955 sa-

1058 1977 1236 2007 cramentalis
1258 1976 1371 2013 proprie
1394 1975 1506 2012 respIcit
1528 1975 1735 2010 corruptionem
1748 1982 1910 2010 personae:

1058 2029 1155 2053 contra
1176 2033 1243 2053 vero
1268 2023 1477 2060 corruptionem
1503 2026 1632 2050 rnaturae
1657 2029 1709 2050 non
1734 2021 1817 2049 habet
1838 2020 1910 2048 ordi-

1058 2072 1117 2100 nari
1141 2072 1254 2100 directe
1278 2071 1308 2099 Et
1330 2070 1394 2098 hinc
1416 2073 1469 2103 est,
1490 2069 1565 2106 quod
1588 2076 1652 2097 cum
1677 2068 1832 2096 infunditur
1850 2075 1910 2104 gra-

1058 2120 1095 2148 tia
1117 2118 1303 2156 baptismalis,
1331 2118 1441 2146 deletur
1467 2116 1610 2153 originalis
1636 2115 1730 2152 culpa,
1753 2114 1907 2143 secundum

1058 2167 1132 2204 quod
1156 2170 1215 2195 erat
1239 2169 1382 2203 peccatum
1405 2164 1499 2201 ipsias
1520 2163 1654 2195 1111011110,-
1676 2165 1801 2190 remanet
1817 2165 1908 2189 tamen

1058 2215 1160 2251 aliquis
1183 2214 1301 2250 languor
1323 2214 1349 2241 in
1372 2220 1476 2245 cai-ne,
1499 2211 1567 2248 qui*
1589 2214 1630 2239 est
1656 2217 1739 2238 causa
1768 2208 1911 2245 originalis

1058 2262 1090 2290 in
1106 2261 1197 2299 prole.

1139 2309 1164 2337 Si
1187 2312 1280 2336 autem
1308 2309 1474 2344 quaeratur,
1500 2313 1593 2343 quare
1617 2303 1773 2332 remedium
1803 2302 1908 2339 gratiae
1921 2304 2052 2346 33{?,{“¹}0³1?·

1059 2355 1269 2385 sacramentalis
1294 2354 1441 2383 ordinatur
1464 2353 1568 2381 directe
1590 2355 1686 2380 contra
1708 2350 1855 2387 orIginale,
1877 2352 1909 2378 ut
1922 2352 1977 2370 vitur-

1059 2402 1215 2439 corrumpit
1234 2409 1408 2438 personam,
1428 2403 1455 2428 et
1470 2407 1523 2427 1100
1548 2402 1631 2435 prout
1646 2396 1803 2433 corrumpit
1825 2401 1908 2424 narii-

1058 2458 1146 2482 1ν11111;
1172 2448 1336 2481 (1110011010,
1362 2446 1436 2483 quod
1463 2452 1592 2474 summus
1614 2444 1737 2473 Medicus
1762 2443 1813 2471 hoc
1836 2443 1910 2471 insti-

1060 2497 1124 2529 tuit,
1140 2496 1246 2525 ratione
1268 2502 1392 2531 congrua
1407 2493 1549 2529 exigente,
1566 2496 1625 2520 tum
1642 2499 1677 2519 ex
1694 2494 1772 2527 parte
1794 2489 1907 2523 Medici,
1922 2494 1998 2535 Tffllex
2012 2498 2041 2510 ra·

1060 2548 1119 2573 tum
1136 2551 1172 2571 ex
1188 2545 1266 2579 parte
1288 2540 1414 2578 acyroii,
1430 2544 1489 2568 tum
1507 2547 1542 2568 ex
1558 2542 1637 2576 parte
1652 2536 1910 2566 mediccmienti.—

1061 2592 1100 2620 Ex
1122 2593 1215 2627 parte,
1231 2589 1359 2626 inquam,
1382 2587 1498 2620 Medici,
1514 2586 1580 2623 quia
1601 2586 1639 2614 sic
1655 2585 1791 2613 Dominus
1813 2583 1910 2612 debuit
1923 2588 1978 2605 Ratio
1993 2587 2008 2605 ¹·

1060 2646 1110 2666 nos
1126 2644 1240 2670 curare,
1255 2638 1287 2664 01
1308 2635 1428 2663 salutem
1445 2637 1567 2661 nostram
1590 2631 1785 2669 unusquisque
1800 2631 1835 2659 ab
1850 2630 1910 2667 ipso

1060 2683 1227 2713 immediate
1249 2685 1472 2719 recognosceret,
1494 2684 1521 2709 et
1536 2680 1598 2708 ideo
1619 2685 1851 2715 unumquemque
1867 2685 1911 2705 vo-

1122 2822 1130 2834 ⁴
1147 2823 1192 2846 Csr.
1210 2829 1279 2850 supra
1299 2821 1320 2843 d.
1340 2821 1376 2842 31.
1395 2827 1414 2842 a.
1434 2820 1454 2841 2.
1473 2826 1495 2848 q,
1517 2819 1534 2840 1.
1553 2819 1574 2840 in
1593 2824 1656 2846 corp,

1121 2863 1131 2877 5
1149 2862 1206 2884 Vide
1224 2868 1293 2889 supro
1312 2860 1334 2882 d.
1353 2860 1389 2882 30.
1408 2866 1427 2881 a.
1446 2860 1467 2881 2.
1486 2865 1507 2887 q.
1531 2859 1547 2879 l.
1566 2864 1614 2886 seq.
1632 2859 1655 2879 et
1671 2857 1727 2878 infra
1746 2862 1766 2878 a.
1785 2856 1805 2878 2.
1824 2862 1846 2884 q.
1866 2855 1886 2877 ³l.

1121 2902 1130 2916 ⁶
1148 2901 1219 2924 Codd.
1239 2900 1256 2922 Ο
1274 2906 1300 2921 33
1319 2905 1433 2929 reynare,
1454 2898 1505 2920 cod.
1523 2904 1549 2919 ee
1566 2896 1663 2924 iterare,
1678 2896 1728 2918 Vnt.
1750 2901 1803 2918 cum
1822 2895 1874 2917 edd.
1892 2895 1909 2923 l,

1060 2942 1080 2970 3,
1100 2941 1113 2963 4
1131 2944 1153 2963 ct
1171 2941 1251 2968 paucis
1268 2939 1337 2962 codd.
1354 2937 1459 2962 causari.

1122 2980 1132 2994 ⁷
1150 2980 1200 3002 Vat.
1218 2985 1272 3001 cum
1286 2978 1338 3000 edd.
1358 2978 1383 3005 3,
1397 2977 1410 2999 4
1423 2977 1504 2999 omittit
1524 2975 1571 2998 sice
1588 2978 1610 2997 et
1625 2974 1724 2997 subinde
1740 2972 1911 3004 qeneratz'vam.

1123 3018 1133 3033 ⁸
1151 3019 1200 3040 Vat.
1219 3024 1273 3040 cum
1290 3017 1343 3039 edd,
1362 3017 1383 3044 3,
1402 3015 1414 3038 4
1432 3021 1500 3045 qaae.
