2243 3425
684 186 765 214 DlST.
788 187 864 215 XXV.
890 188 914 215 Ρ.
938 187 954 215 l.
978 188 1100 217 DIVISIO
1122 189 1259 218 TEXTUS.

458 261 518 289 Car.
539 263 580 288 IX.

125 348 161 373 Dc
183 346 312 378 lt'hercccle,
326 356 393 382 (μακε
407 352 443 374 cst
456 357 488 374 ex
505 349 605 383 ,qo-azia,
627 353 650 375 ec
668 358 735 384 (siene
755 358 787 376 ex
808 354 915 377 natura.

164 433 284 459 Libertas
304 440 366 467 ergo
387 441 401 460 a
419 437 523 468 peccalo
544 437 569 461 et
589 442 602 460 a
623 434 735 461 miseria
761 442 809 468 per
829 437 939 469 gratiam

92 480 143 508 est,
163 476 273 503 libertas
293 483 356 503 vero
377 484 390 503 a
410 476 562 503 necessitate
581 484 630 511 per
650 480 780 504 naturam.
795 478 941 513 Utramque

93 518 261 551 libertatem,
290 522 401 545 naturae
431 519 532 546 scilicet
560 523 585 545 et
604 520 719 554 gratiae,
739 524 813 547 notat
831 524 942 555 Aposto-

92 561 132 588 lus
144 562 151 574 ¹
161 582 167 593 7
188 568 248 588 cum
263 568 296 588 ex
310 568 425 596 persona
439 562 554 588 hominis
569 570 619 588 non
640 562 772 597 redempti
793 563 846 590 ait:
872 563 941 590 Velle

91 603 194 630 caliace(
212 603 298 634 om'lzz',
317 604 444 639 perficere
462 607 551 630 aulem
573 604 673 631 bonum
692 613 748 631 non
762 605 871 632 invento
882 617 894 637 ,·
908 613 939 632 ao

91 647 112 673 si
132 647 246 674 diceret:
276 647 362 674 habeo
391 647 540 674 libertatem
567 651 692 679 naturae,
713 648 761 675 sed
780 656 831 675 non
852 649 938 676 liabeo

91 690 240 717 libertatem
260 691 378 724 gratiae;
400 690 459 717 ideo
490 698 539 717 non
570 695 609 717 est
638 691 708 725 apud
738 698 780 718 me
810 691 938 726 perfectio

1791 191 1842 220 591

1002 265 1072 292 honi.
1093 266 1159 293 Nam
1181 267 1303 294 voluntas
1323 268 1452 299 hominis,
1472 276 1552 302 quam
1573 268 1729 295 naturaliter
1749 269 1846 301 habet,

1000 316 1051 335 non
1082 309 1150 336 valet
1180 310 1244 343 erigi
1274 310 1306 337 ad
1336 310 1436 337 bonum
1462 311 1607 338 efficaciter
1635 311 1777 338 volendum
1805 312 1845 339 vel

999 359 1081 386 opere
1101 353 1281 387 implendum,
1310 354 1360 380 nisi
1381 361 1428 388 per
1448 354 1559 387 gratiam
1582 353 1708 381 liberetur
1728 358 1753 381 ct
1772 354 1847 382 mdiu-

999 397 1094 420 vetur:
1125 394 1252 422 liberetur
1281 396 1402 430 quidem,
1433 400 1461 423 ut
1481 396 1558 430 velit,
1579 400 1603 423 et
1629 397 1792 429 adiuvetur,
1818 401 1847 424 ut

998 437 1137 471 perficiat;
1167 438 1243 472 quia,
1271 443 1300 465 ut
1333 439 1369 465 ait
1397 439 1557 473 Apostolus,
1585 448 1640 466 non.
1669 444 1705 467 est
1733 440 1846 474 volemis

997 479 1081 509 velle,
1113 488 1198 514 neque
1221 481 1354 507 currentis
1383 489 1508 512 currere,
1538 482 1563 508 id
1593 486 1630 509 est
1657 483 1778 518 operari,
1801 483 1847 510 sed

997 520 1149 547 miserentis
1170 522 1240 553 Der}
1262 523 1312 558 qui
1330 528 1457 558 operatur
1477 524 1504 551 t'ot
1526 524 1603 551 nobis
1622 525 1688 551 velle
1701 530 1724 552 et
1738 525 1848 560 operari

999 563 1118 595 boman,
1137 565 1214 591 cuius
1233 566 1346 599 gratiam
1367 574 1418 593 non
1449 567 1564 594 advocat
1584 568 1699 595 hominis
1724 569 1846 595 voluntas

999 606 1038 632 vel
1059 608 1194 641 operatio7
1209 608 1255 634 sed
1271 609 1327 643 ipsa
1342 610 1426 642 gratia
1441 610 1603 637 voluntatem
1619 612 1758 646 praevenit
1772 620 1846 646 prae-

997 650 1131 684 parando,
1152 654 1179 677 ut
1200 651 1263 677 velit
1283 651 1396 684 bonum,
1417 656 1441 678 et
1462 657 1649 687 praeparatam
1670 655 1796 687 adiuvat2
1817 658 1843 681 ut

995 693 1125 726 perficiat.

380 828 821 878 COMMENTARIUS
857 830 918 877 IN
951 830 1390 880 DISTINOTIONEM
1425 832 1556 880 XXV.

912 969 982 998 PARS
1005 970 1021 998 i.

539 1091 583 1124 De
610 1091 705 1125 libero
732 1091 855 1125 arbitrio
883 1092 1053 1126 secundum
1080 1104 1111 1126 se
1138 1098 1166 1126 et
1192 1093 1222 1126 in
1248 1093 1389 1138 generali.

630 1209 693 1237 Iam
718 1218 783 1237 vero
806 1210 846 1238 acl
863 1211 1049 1247 propositum
1071 1211 1227 1240 redeamus
1248 1215 1298 1240 etc.

822 1333 944 1362 DIVISIO
967 1334 1104 1363 TEXTUS.

164 1454 253 1491 Supra
276 1455 330 1491 egit
353 1454 481 1491 Magister
505 1454 539 1483 de
562 1455 649 1483 libero
678 1455 794 1483 arbitrio
817 1456 843 1483 in
865 1463 937 1484 com-

86 1502 228 1540 paratione
250 1501 284 1530 ad
306 1501 374 1530 alias
396 1501 552 1538 potentias;
575 1502 619 1531 hic
641 1510 708 1531 vero
727 1503 783 1539 agit
798 1502 832 1531 de
848 1502 936 1531 libero

85 1549 201 1578 arbitrio
223 1548 378 1577 secundum
400 1556 437 1577 se.
461 1548 599 1577 Dividitur
621 1552 715 1577 autem
741 1557 807 1586 pars
828 1549 880 1577 ista
910 1550 935 1578 in

86 1597 157 1625 duas
178 1599 279 1633 partes.
302 1595 330 1624 ln
352 1595 443 1632 prima
465 1595 648 1630 determinat,
670 1596 737 1633 quid
761 1596 795 1624 sit
814 1596 935 1624 liberum

85 1643 232 1672 arbitrium
256 1640 337 1671 z'n‘se
359 1642 417 1671 sive
438 1642 464 1670 in
494 1642 624 1679 generali.
657 1643 686 1671 In
718 1643 841 1672 secunda
869 1651 935 1672 vero

86 1690 252 1719 determinat
267 1689 301 1718 de
320 1689 448 1718 libertate
469 1689 576 1718 arbitrii
601 1690 754 1719 secundum
776 1689 935 1719 disserentes

85 1737 146 1766 eius
170 1740 266 1766 status
298 1736 325 1765 in
357 1735 483 1773 speciali,
506 1736 558 1765 ibi:
582 1737 626 1764 Ex
644 1737 807 1773 praedictis
825 1737 936 1774 perspi-

85 1792 174 1813 cuum
196 1788 236 1812 est
257 1787 306 1812 eto.
330 1783 422 1812 Prima
442 1791 509 1820 pars
531 1783 615 1812 habet
637 1783 707 1812 duas
729 1783 889 1821 particulas.
906 1784 934 1812 ln

85 1839 206 1868 quarum
229 1831 319 1868 prIma
340 1831 469 1868 Magister
490 1831 568 1868 ponit
589 1831 669 1860 liberi
692 1830 800 1859 arbitrii
815 1831 936 1868 assigna-

85 1878 196 1907 tionem.
219 1878 247 1906 ln
263 1877 386 1907 secunda
401 1878 436 1906 ad
452 1878 611 1914 praedictae
626 1878 820 1915 assignationis
842 1878 935 1915 expla-

85 1925 222 1953 nationem
246 1924 386 1961 quandam
411 1925 555 1953 removet¹
580 1924 797 1958 dubitationem,
824 1925 875 1953 ibi:
900 1925 935 1953 Et

994 1457 1108 1494 quidem
1131 1457 1292 1485 secundum
1321 1457 1506 1494 praedictam
1538 1458 1769 1495 stssifflicttz'onem
1791 1463 1841 1487 etc.

995 1503 1083 1531 Prima
1107 1511 1172 1540 pars
1202 1503 1284 1532 habet
1306 1504 1385 1532 duas.
1408 1504 1436 1532 In
1458 1504 1549 1541 prima
1571 1504 1752 1538 determinat,
1775 1505 1842 1542 quid

995 1550 1029 1578 sit
1051 1549 1172 1578 liberum
1195 1549 1352 1578 arbitrium.
1376 1550 1402 1578 ln
1426 1550 1549 1579 secunda
1571 1558 1637 1579 vero
1659 1559 1694 1579 ex
1716 1551 1764 1579 illa
1779 1550 1843 1580 defi-

994 1596 1097 1625 nitione
1119 1596 1208 1630 elicittv
1230 1597 1304 1633 quod
1328 1596 1447 1625 liberum
1463 1597 1612 1626 arbitrium
1635 1606 1689 1625 non
1711 1601 1752 1626 est
1767 1606 1843 1635 prae-

995 1643 1115 1672 sentium
1139 1652 1188 1673 nec
1211 1644 1444 1681 praeteritorum,
1466 1644 1514 1673 sed
1536 1643 1727 1680 futurorum,
1749 1648 1776 1674 et
1797 1645 1844 1673 bo-

995 1698 1056 1718 rum
1091 1698 1143 1718 non
1176 1690 1382 1727 quorumlibet,
1415 1691 1463 1720 sed
1485 1689 1661 1728 futurorum
1682 1692 1844 1728 contingen-

995 1736 1082 1770 tium,
1105 1736 1157 1765 ibi:
1182 1737 1242 1765 Hoc
1263 1742 1362 1766 (tutent
1376 1738 1526 1766 sciendum
1550 1742 1607 1772 cst,
1629 1738 1706 1776 quod
1720 1738 1843 1766 liberum

994 1783 1154 1812 arbitrum}
1178 1788 1228 1813 etc.
1256 1785 1388 1814 Similiter
1411 1785 1534 1814 secunda
1557 1793 1620 1822 pars
1642 1785 1726 1814 habet
1754 1785 1842 1819 duas7

994 1831 1019 1859 in
1043 1839 1163 1868 quarum
1186 1831 1277 1869 prima
1310 1835 1403 1861 movet
1425 1832 1642 1865 dubitationem,
1665 1833 1690 1861 in
1721 1833 1843 1861 secunda

994 1885 1060 1906 vero
1082 1878 1264 1907 determinat.
1287 1879 1341 1907 ibi:
1365 1879 1422 1908 Sed
1442 1879 1528 1907 aliter
1550 1880 1697 1916 accipitur
1719 1879 1840 1908 liberum

995 1925 1157 1953 arbitrium
1179 1930 1229 1954 eto.

738 2047 924 2075 TRACTATIO
946 2048 1188 2084 QUAESTIONUM.

162 2168 199 2197 Ad
222 2168 431 2205 intelligentiam
455 2168 540 2197 huius
563 2169 650 2206 partis
674 2168 769 2197 incidit
792 2169 835 2197 bic
851 2177 934 2206 quae-

84 2215 150 2249 stio,
173 2215 240 2252 quid
263 2215 297 2243 sit
319 2214 438 2243 liberum
462 2215 610 2244 arbitrium
634 2215 790 2244 seeundum
813 2224 881 2245 rem.
904 2216 934 2244 Et

84 2262 215 2299 quoniam
237 2262 297 2290 eius
318 2262 460 2299 quidditas
482 2265 509 2291 et
530 2266 632 2291 natura
647 2263 823 2299 cognoscitur
846 2263 871 2291 ιιι
894 2271 934 2291 as-

84 2309 218 2346 signando
240 2309 461 2338 convenientiam
484 2313 511 2338 et
532 2309 716 2338 differentiam
735 2310 823 2347 ipsius
838 2311 871 2339 ad
889 2319 934 2338 vo-

84 2357 217 2386 luntatem
240 2361 266 2385 et
288 2357 440 2391 rationem,
463 2357 524 2386 ideo
546 2358 579 2385 de
603 2358 662 2394 ipso
681 2357 876 2394 quaerendum
892 2361 934 2385 est

84 2405 110 2432 in
127 2404 333 2441 comparatione
351 2404 385 2432 ad
402 2404 537 2433 rationem
553 2408 580 2432 et
596 2404 776 2432 voluntatem.
793 2404 830 2432 Ad
848 2404 934 2432 huius

84 2455 177 2480 autem
210 2451 425 2488 comparationis
454 2451 681 2479 ‹fililucidationem
705 2451 777 2479 circa
801 2458 851 2479 sex
873 2459 934 2479 con-

84 2498 164 2535 tingit
185 2498 314 2526 dubitare
336 2501 363 2526 et
384 2505 528 2535 quaerere.

162 2544 253 2573 Primo
268 2545 342 2573 enim
358 2544 519 2581 quaeritur>
536 2548 632 2573 utrum
650 2544 768 2573 liberum
785 2544 932 2573 arbitrium

85 2592 117 2620 sit
140 2592 166 2620 in
189 2592 255 2620 solis
277 2592 445 2621 habentibus
467 2591 602 2620 rationem
625 2595 651 2620 et
674 2591 853 2620 voluntatem.

163 2638 305 2673 Secundo,
332 2639 399 2667 dato
422 2638 496 2675 quod
519 2638 566 2669 sic,
589 2639 750 2675 quaeritur,
774 2643 869 2667 utrum
900 2639 934 2666 sit

85 2685 205 2722 potentia
227 2685 354 2714 distincta
378 2689 471 2713 contra
497 2686 630 2714 rationem
655 2689 681 2713 et
697 2685 883 2719 voluntatem,
899 2693 932 2713 an

86 2740 148 2760 non.

149 2934 155 2948 ¹
174 2935 239 2957 llom.
257 2935 281 2962 7,
305 2935 337 2957 18.
356 2948 385 2950 —
403 2936 471 2963 Seqsp
495 2935 540 2957 duo
558 2938 629 2957 textus
652 2938 702 2957 sunt
722 2935 786 2957 Rom.
806 2935 831 2962 92
855 2935 892 2963 16,
911 2938 931 2958 et

88 2974 140 2996 Phil.
159 2975 179 2996 2.
203 2975 234 2997 13⁴

1072 2170 1178 2204 Tertio⁷
1198 2170 1262 2199 dato
1284 2171 1359 2208 quod
1382 2179 1444 2205 non,
1467 2171 1628 2208 quaeritur,
1652 2174 1745 2199 utrum
1769 2177 1840 2198 com-

992 2216 1130 2254 plectatur
1153 2217 1236 2246 simul
1259 2218 1396 2246 rationem
1419 2221 1445 2246 et
1467 2217 1647 2246 voluntatem.

1072 2264 1192 2300 Quarto„
1215 2264 1279 2292 dato
1302 2264 1376 2301 quod
1397 2265 1444 2297 sic,
1467 2265 1628 2301 quaeritur,
1650 2267 1746 2292 utrum
1769 2271 1840 2292 com-

990 2311 1129 2348 plectatur
1152 2311 1212 2339 illas
1234 2311 1305 2339 duas
1328 2312 1464 2347 potentias
1483 2318 1533 2348 per
1555 2311 1669 2339 modum
1691 2311 1838 2347 potentiae,

990 2366 1024 2386 an
1046 2366 1096 2394 per
1119 2358 1234 2386 modum
1257 2357 1378 2386 habitus.

1070 2404 1187 2440 Quinto„
1210 2404 1274 2432 dato
1307 2404 1381 2440 quod
1404 2412 1454 2441 per
1477 2404 1592 2432 modum
1616 2404 1735 2437 habitus,
1757 2412 1838 2441 quae-

992 2451 1079 2484 ritur,
1109 2454 1204 2478 utrum
1235 2450 1348 2479 babitus
1378 2450 1423 2479 ille
1445 2450 1528 2479 addat
1551 2450 1654 2487 aliquid
1677 2458 1727 2487 per
1749 2458 1838 2480 essen-

991 2497 1056 2525 tiam
1080 2497 1177 2525 rationi
1201 2501 1228 2526 et
1250 2497 1394 2526 voluntati.

1070 2544 1154 2572 Sexto
1175 2547 1202 2572 et
1223 2544 1322 2572 ultimo
1344 2544 1506 2581 quaeritur,
1529 2543 1684 2573 secundum
1709 2552 1793 2581 quam
1810 2544 1838 2573 il-

991 2590 1081 2618 larum
1106 2590 1226 2618 duarum
1249 2591 1435 2627 potentiarum
1452 2590 1635 2628 principalius
1650 2590 1714 2619 insit
1728 2591 1836 2619 animae

991 2637 1105 2666 libertas
1120 2637 1243 2671 arbitrii,
1259 2640 1355 2666 utrum
1372 2637 1501 2666 videlicet
1516 2638 1671 2667 secundum
1688 2639 1835 2673 rationem5

991 2692 1024 2712 an
1048 2684 1203 2713 secundum
1226 2684 1405 2713 voluntatem.

1204 2935 1299 2958 NOTAE
1317 2936 1354 2959 AD
1372 2935 1617 2959 COMMENTARIUM.

1055 2975 1059 2988 ¹
1080 2975 1128 2996 Vnt.
1147 2981 1199 2997 cum
1217 2975 1269 2997 edd.
1292 2976 1308 3002 i,
1327 2975 1348 2998 3,
1368 2975 1380 2997 4
1397 2979 1418 2999 et
1436 2976 1486 2998 cod.
1505 2982 1529 2998 cc
1547 2978 1628 2999 movet.
