2243 3425
7 1316 14 1334 1l
27 1316 99 1339 opposi-

706 199 788 227 DlST.
811 199 913 227 XXXV.
935 199 1007 227 ART.
1030 199 1058 227 ΙΙ.
1080 199 1215 235 ΩΗΑΕΞΤ.
1239 199 1267 227 ll.
1808 198 1861 227 831

110 277 234 306 tenditur
256 277 374 305 intensio
388 280 415 305 et
430 277 578 305 diminutio
601 277 627 305 in
649 277 723 305 omni
739 277 826 305 bono:
849 285 915 313 ergo
935 276 956 305 si

109 324 181 353 idem
205 324 309 352 bonum
325 332 379 352 non
396 327 485 361 potest
501 332 561 352 esse
578 324 668 352 maius
683 327 710 352 et
726 324 818 352 minus
840 332 868 352 se
885 324 958 360 ipso,

108 379 221 399 necesse
241 374 291 403 est,
314 371 389 407 quod
411 379 475 399 cum
498 371 550 399 ista
572 371 626 398 tria
647 371 804 407 privantur.
820 370 894 407 quod
917 378 959 399 ae-

109 417 228 455 qualiter
250 419 407 454 priventur.

187 466 212 492 2.
237 465 312 499 ltem,
336 465 386 493 ista
408 465 461 493 tria
483 468 548 493 sunt
562 464 709 501 vestigium
727 464 870 491 Trinitatis
885 471 959 492 sum-

110 519 185 545 mae,
207 511 253 539 ubi
277 514 319 540 est
339 512 462 548 perfecta
489 511 644 548 aequalitas
669 514 696 539 et
718 511 959 539 consubstantiali-

109 562 164 587 tas:
187 567 253 595 ergo
269 559 340 587 sicut
356 559 423 587 haec
441 559 489 587 tria
507 562 572 587 sunt
587 557 843 589 consubstantialia,
860 558 934 594 quod
949 557 956 570 ¹

109 614 197 635 unum
220 606 279 634 sine
300 606 388 634 altero
410 613 470 634 esse
491 614 545 633 non
562 609 659 642 potest,
676 606 715 634 sic
730 605 813 633 etiam
837 608 901 633 sunt
916 612 959 632 ae-

73 681 75 683 ,
109 652 213 690 qualia:
237 660 303 687 ergo
329 656 465 689 quantum
495 652 664 680 diminuitur
689 651 722 680 de
752 659 822 685 uno.
845 658 958 679 necesse

109 702 159 729 est,
181 702 289 727 tantum
313 698 430 727 diminui
453 698 487 727 de
509 698 626 735 reliquo.

188 745 214 774 3.
236 746 318 779 ltem,
341 746 409 774 haec
431 745 484 774 tria
506 746 610 782 privari
639 753 693 774 non
715 749 758 774 est
779 745 830 774 nisi
854 745 957 773 bonum

111 792 227 829 privari,
250 793 322 820 sicut
344 792 445 829 prius‘2
467 781 609 821 ostensuri]
626 796 683 826 est;
698 792 745 821 sed
770 792 797 820 in
819 792 916 820 eodem
933 795 960 819 et

110 840 265 868 secundum
288 840 361 868 idem
384 848 438 868 non
460 843 502 868 est
523 839 620 877 mayz's
642 843 668 868 et
697 839 797 867 minus
819 839 958 875 reperire:

110 894 175 923 ergo
196 886 217 915 si
241 895 291 923 per
313 886 386 915 idem
410 887 515 914 malum
538 887 590 915 ista
605 886 658 914 tria
674 886 830 923 privantur.
848 893 960 914 necesse

109 937 151 963 est
172 933 275 970 privari
298 934 461 971 aequaliter.

188 982 214 1010 [1,
236 981 316 1015 ltem,
346 985 450 1018 quanto
479 981 609 1009 voluntas
638 981 703 1018 plus
731 981 829 1017 recipit
851 989 866 1008 a
888 980 960 1015 Deo,

111 1032 186 1056 tanto
207 1032 248 1056 est
271 1028 326 1056 Deo
348 1027 474 1061 similior,
497 1032 523 1056 et
544 1032 649 1064 quanto
677 1028 731 1056 Deo
760 1027 878 1055 similior
906 1031 960 1061 est,

111 1079 186 1103 tanto
209 1075 296 1111 magis
317 1075 353 1103 ad
375 1075 462 1103 Deum
480 1075 579 1104 tendit:
597 1082 663 1111 ergo
679 1082 791 1103 necesse
813 1079 862 1109 est,
885 1075 960 1112 quod

111 1125 246 1159 quantum
269 1122 353 1150 habet
375 1122 409 1150 de
432 1122 522 1156 modo,
546 1125 653 1150 tantum
676 1122 778 1150 haheat
806 1122 841 1150 de
870 1122 961 1159 specie

111 1173 138 1199 et
159 1170 270 1203 ordine;
292 1173 319 1198 et
340 1170 360 1198 si
385 1169 452 1203 hoc,
475 1177 587 1198 necesse
608 1173 665 1203 est,
688 1169 735 1197 illa
750 1169 803 1197 tria
824 1169 894 1198 bona
911 1177 961 1206 per

112 1217 216 1245 malum
240 1217 345 1253 privari
367 1216 530 1253 aequaliter.

191 1264 242 1292 SED
264 1272 392 1292 CONTRA:
422 1265 445 1292 l.
468 1264 602 1298 Videtur,
631 1264 705 1301 quod
733 1264 838 1292 malum
863 1264 962 1301 princi-

113 1311 212 1348 paliter
234 1311 325 1348 privet
355 1310 505 1344 ordinem,
535 1311 666 1347 quoniam
694 1311 799 1338 malitia
828 1311 854 1338 in
877 1318 962 1347 opere

112 1358 304 1395 principaliter
326 1357 479 1385 attenditur
502 1365 587 1394 penes
602 1357 762 1386 intentionis
778 1357 963 1386 deordinatio-

112 1413 175 1433 nem
187 1405 209 1432 ³:
226 1413 292 1441 ergo
308 1405 328 1432 si
346 1412 431 1441 penes
447 1405 517 1432 hanc
533 1405 725 1442 principaliter
741 1405 864 1433 consistit
880 1406 962 1439 ordo,

114 1452 240 1482 videtur.
263 1451 338 1488 quod
362 1451 465 1479 malum
490 1452 553 1488 plus
576 1452 675 1480 habeat
698 1451 811 1488 privare
833 1452 960 1480 ordinem

112 1508 196 1537 quam
219 1499 333 1527 modum
357 1499 400 1527 vel
423 1499 552 1536 speciem.

191 1548 216 1574 ἐ.
240 1546 323 1580 ltem,
345 1545 454 1579 modus,
477 1545 583 1582 species
606 1549 633 1574 et
651 1546 721 1574 ordo
742 1546 964 1583 correspondent

114 1594 167 1622 illis
190 1593 296 1623 tribus,
317 1592 447 1621 videlicet.
479 1593 599 1627 unitati,
631 1593 740 1621 veritati
767 1597 793 1621 et
815 1593 963 1627 bonitati⁴3

113 1641 161 1670 sed
185 1641 290 1669 malum
314 1639 506 1677 principaliter
528 1643 555 1668 et
576 1639 641 1676 plus
662 1640 754 1668 aufert
776 1640 810 1668 de
833 1640 963 1674 bonitate,

113 1696 198 1726 quain
227 1688 336 1716 auferat
365 1688 399 1716 de
428 1687 535 1716 unitate
558 1691 585 1716 et
607 1688 738 1716 veritate:
762 1695 828 1724 ergo
851 1688 872 1716 si
895 1688 964 1716 haec

114 1736 167 1764 tria
188 1735 408 1772 correspondent
437 1734 491 1763 illis
520 1734 626 1767 tribus,
657 1734 782 1769 videtur,
811 1735 885 1772 quod
911 1743 963 1763 non

113 1783 274 1811 adimantur
296 1782 348 1810 ista
369 1782 422 1810 tria
443 1781 607 1818 aequaliter.

193 1829 217 1858 3.
240 1829 323 1862 ltem,
347 1829 389 1857 liis
413 1829 520 1862 tribus,
543 1829 569 1856 in
592 1829 696 1866 quibus
717 1829 872 1857 attenditur
895 1829 965 1857 ratio

115 1877 237 1913 vestigii,
270 1876 397 1904 videlicet
432 1876 547 1909 modus,
576 1876 682 1912 species
707 1879 734 1904 et
761 1876 846 1905 ordo.
875 1884 966 1904 corre-

114 1924 250 1961 spondent
272 1923 319 1951 illa
342 1923 402 1955 tria.
427 1923 452 1951 in
474 1923 578 1960 quibus
599 1923 753 1951 attenditur
776 1923 845 1951 ratio
872 1923 966 1959 imagi-

115 1971 175 2005 nis,
191 1970 321 1998 videlicet
343 1970 485 2003 memoria,
509 1970 690 2007 intelligentia
710 1974 737 1998 et
754 1970 891 1998 voluntas.
912 1970 964 1998 Sed

116 2021 275 2055 peccatum,
307 2025 370 2045 cum
394 2017 531 2045 deformat
560 2017 724 2054 imaginem.
747 2026 800 2045 non
828 2017 966 2046 deformat

114 2073 211 2093 omnes
233 2065 369 2102 potentias
391 2064 555 2101 aequaliter,
572 2064 656 2092 immo
672 2065 854 2101 principalius
869 2068 893 2093 et
912 2073 966 2092 ma-

116 2112 156 2148 gis
185 2112 322 2140 deformat
351 2111 521 2139 voluntatem
536 2111 561 2139 ⁵:
584 2115 651 2148 erigo
679 2112 738 2148 pari
762 2112 888 2141 ratione.
911 2120 965 2140 non

116 2159 271 2195 corrumpit
293 2158 447 2195 aequaliter
469 2158 599 2190 modum,
629 2159 749 2195 speciem
773 2162 799 2187 et
822 2159 966 2193 ordinem,

117 2206 163 2234 sed
188 2205 371 2242 principalius
391 2205 483 2234 aufert
515 2205 645 2233 ordinem
676 2213 760 2242 quam
784 2206 898 2233 modum
923 2206 966 2234 vel

116 2253 247 2290 speciem.

196 2300 222 2328 ά.
245 2300 320 2328 Item.
337 2303 491 2337 peccatum.
507 2299 647 2337 loquendo
662 2300 847 2328 essentialiter
863 2304 889 2328 et
903 2308 967 2336 pro-

118 2347 189 2384 prie.
211 2347 374 2375 deformitas
395 2350 448 2375 est:
471 2347 517 2375 sed
542 2347 632 2375 omnis
648 2346 810 2375 deformitas
831 2347 968 2383 principa-

118 2394 179 2421 liter
201 2393 268 2421 dicit
299 2393 483 2429 privationem
516 2392 633 2430 formae
661 2393 720 2421 sive
752 2393 966 2430 pulcritudinis,

181 2539 187 2553 ¹
207 2540 259 2561 Sive
277 2539 350 2569 qma,-
368 2539 417 2561 Vat.
435 2544 457 2561 et
474 2539 527 2561 edd.
546 2539 567 2566 3,
586 2538 598 2560 4
617 2542 669 2566 post
686 2537 732 2560 triu
750 2538 838 2560 addunt
856 2537 894 2560 ita.

180 2579 189 2593 ²
208 2580 299 2607 Quacst.
319 2579 425 2606 praeced.

181 2617 190 2632 ³
207 2618 252 2640 (Isr.
271 2618 326 2640 infra
346 2618 368 2640 (l.
387 2617 422 2639 40.
441 2624 460 2639 a.
484 2618 500 2639 l.
519 2624 541 2646 q.
564 2618 580 2639 1.
599 2623 663 2645 seqq.

181 2656 189 2670 ⁴
208 2656 266 2678 Vide
285 2657 298 2678 l.
318 2657 377 2678 Scnt⁴
397 2656 418 2678 (l.
438 2657 458 2678 3.
477 2662 498 2684 p.
522 2657 535 2678 l.
554 2655 610 2678 dub.
629 2656 648 2678 3.
668 2659 689 2678 et
710 2655 765 2677 ibid.
784 2662 805 2684 q.
825 2656 845 2677 2.
870 2656 890 2677 in
915 2655 969 2682 fine,

120 2695 158 2718 ubi
177 2697 244 2718 etiam
263 2695 342 2718 maior
359 2701 408 2723 arg.
426 2702 473 2724 seq.
492 2696 627 2717 insinuatur.

182 2735 192 2749 5
209 2735 236 2757 Ut
260 2736 384 2762 explicatur
408 2735 463 2756 infra
484 2734 504 2756 d.
529 2734 564 2756 tt.
583 2741 602 2756 a.
622 2735 642 2756 2.
667 2740 688 2762 q.
708 2735 728 2755 Q.
746 2746 776 2750 —-
794 2733 857 2755 Circa
882 2734 969 2754 initium

120 2780 168 2802 arg.
187 2774 236 2796 Yat.
255 2777 274 2795 et
297 2774 351 2795 edd.
373 2774 394 2795 3.
418 2773 430 2794 4
454 2772 556 2795 videlicet
577 2772 658 2800 modo,
683 2772 766 2801 speciei
788 2774 810 2794 el
826 2771 906 2794 ordini
928 2778 970 2799 pro

122 2812 224 2836 videlice!
240 2812 337 2840 modus,
357 2812 443 2841 spa-ies
461 2814 482 2834 ct
498 2811 563 2834 ordo.

184 2852 193 2866 ⁶
210 2851 264 2879 Cap.
287 2852 319 2873 ll.
338 2858 358 2873 n.
378 2852 398 2873 3.
418 2852 461 2873 t‘fr.
480 2851 493 2873 1,
512 2851 572 2872 Sent.
594 2850 616 2872 (1.
636 2850 670 2872 4-6.
689 2857 710 2879 q.
729 2850 750 2872 ὅ.

184 2891 193 2905 7
212 2892 310 2917 Aristot.v
330 2891 356 2912 V.
376 2891 440 2917 Phys.
460 2893 510 2912 text.
533 2890 565 2911 10.
585 2891 616 2913 (c.
636 2890 674 2917 2.).
693 2889 768 2916 Ratio,
793 2895 862 2918 quam
881 2890 970 2911 aristot.

122 2931 196 2957 affert,
216 2934 261 2954 cst,
280 2930 331 2958 quia
351 2928 382 2951 ud
402 2928 493 2958 aliquid
510 2929 559 2950 sive
576 2929 655 2950 relatio
684 2929 705 2949 in
733 2929 810 2956 aliquo
828 2929 970 2957 acquiratur,

123 2970 172 2997 ipso
190 2970 332 2998 quiescent&
352 2972 386 2996 ut,
400 2969 417 2990 si
436 2969 540 2990 Socrates
553 2974 613 2990 nunc
631 2969 659 2990 sit
671 2968 750 2989 dexter
769 2968 862 2994 Platoni,
877 2971 898 2989 1-1
911 2968 971 2989 Plato

124 3012 255 3035 moveatur,
274 3009 404 3036 quiesi-ento
422 3009 524 3035 sot-rato,
544 3011 597 3029 tunc
620 3007 724 3029 Socrates
741 3007 852 3029 efficiatur
870 3007 969 3035 sinister,

1015 284 1081 314 ergo
1102 277 1222 314 speciei.-
1246 277 1331 314 igitur
1353 277 1436 315 culpa
1465 285 1517 305 non
1541 277 1633 314 privat
1654 277 1723 306 haec
1747 277 1798 305 tria
1824 284 1866 306 ae-

1015 324 1145 360 qualiter.
1167 324 1215 352 sed
1240 324 1421 361 principalius
1443 324 1535 361 privat
1556 325 1687 361 speciem.

1096 372 1120 399 25.
1144 371 1223 405 item,
1247 371 1353 400 malum
1375 372 1470 409 aliquo
1492 372 1575 400 modo
1597 372 1667 401 bene
1682 375 1772 409 potest
1793 371 1866 400 ordi-

1015 418 1085 451 nari,
1108 419 1180 446 sicut
1195 418 1262 447 dicit
1277 419 1448 455 Augustinus
1464 419 1490 447 in
1508 419 1666 447 Eucliiridio
1680 419 1699 453 ὃς
1721 419 1769 447 sed
1786 418 1865 447 nullo

1016 465 1099 493 modo
1122 469 1212 502 potest
1232 466 1355 502 speciem
1377 465 1497 499 habere,
1513 474 1576 494 cum
1593 467 1628 494 sit
1643 466 1775 503 privatio:
1798 474 1865 503 ergo

1016 512 1143 545 videtur,
1170 512 1244 549 quod
1271 512 1298 540 in
1332 512 1405 540 malo
1437 513 1526 549 magis
1551 513 1599 541 siat
1621 513 1741 549 privatio
1761 513 1868 550 speciei

1015 567 1099 595 quam
1122 559 1240 587 ordinis:
1264 567 1317 587 non
1349 567 1415 596 ergo
1443 559 1475 587 fit
1503 560 1622 596 privatio
1643 560 1756 588 illorum
1779 560 1864 588 trium

1014 605 1177 642 aequaliter.

1096 653 1120 680 6.
1144 652 1223 686 Item,
1246 660 1301 680 non
1324 652 1353 680 fit
1384 653 1504 689 privatio
1532 654 1559 681 in
1586 654 1680 691 aliquo
1711 655 1866 691 respective

1016 698 1067 726 nisi
1089 706 1141 735 per
1161 699 1346 735 privationem
1369 700 1448 737 prius
1479 700 1578 728 factam
1609 701 1635 728 in
1664 701 1759 738 aliquo
1790 701 1868 730 abso-

1017 746 1088 778 luto;
1115 746 1165 774 «in
1193 746 1234 774 ad
1258 746 1374 784 aliquid
1399 747 1473 775 enim
1500 755 1549 784 per
1575 755 1604 776 se
1626 751 1653 776 et
1675 749 1789 785 proprie
1815 756 1866 777 nec

1016 796 1058 821 est
1079 796 1172 821 motus
1199 800 1248 821 nec
1274 793 1450 821 mutatio⁷»:
1478 802 1544 830 ergo
1573 795 1594 822 si
1618 795 1689 822 ordo
1712 795 1779 823 (licit
1799 795 1867 823 rela—

1017 840 1119 868 tionem
1146 839 1180 867 ad
1206 840 1342 874 alterum,
1368 848 1422 868 non
1454 844 1544 877 potest.
1572 840 1633 869 fieri
1663 842 1807 878 corruptio
1840 842 1866 870 in

1017 887 1120 915 ordine
1140 886 1192 915 nisi
1216 895 1266 924 per
1292 887 1501 924 corruptionem
1528 888 1627 916 factam
1652 888 1678 916 in
1700 889 1810 925 specte,-
1832 889 1869 916 vi-

1018 934 1101 962 detur
1123 934 1225 970 igitur,
1253 934 1328 971 quod
1354 934 1498 971 corruptio
1520 935 1591 963 facta
1613 943 1662 972 per
1684 935 1789 963 malum
1813 944 1867 964 non

1018 981 1148 1017 respiciat
1170 981 1217 1009 illa
1238 981 1292 1009 tria
1312 981 1476 1018 aequaliter.

1334 1084 1547 1105 CONCLUSIO.

1039 1170 1158 1203 Modus,
1180 1170 1289 1207 species
1310 1174 1335 1198 et
1362 1170 1433 1198 ordo
1453 1179 1507 1207 per
1533 1170 1678 1208 quodlibet
1695 1175 1849 1208 peccatum

1230 1217 1392 1255 aequaliter
1414 1222 1659 1254 corrunzpuntur.

1099 1311 1279 1340 Respoxnsso:
1305 1311 1477 1345 Dicendum,
1513 1312 1586 1349 quod
1617 1320 1679 1340 cum
1710 1312 1761 1340 ista
1797 1312 1869 1345 tria,

1019 1358 1148 1387 videlicet
1164 1358 1273 1392 modus,
1289 1359 1395 1396 species
1416 1363 1443 1387 et
1464 1359 1541 1393 ordQ
1558 1363 1642 1395 prout
1657 1359 1804 1396 privantur
1819 1366 1869 1395 per

1020 1406 1125 1433 malum
1148 1405 1260 1443 culpae7
1282 1406 1336 1434 sint
1365 1406 1537 1435 conditiones
1559 1406 1685 1435 eiusdem
1715 1406 1803 1435 bonae
1825 1414 1870 1434 vo-

1020 1452 1153 1487 luntatis,
1175 1461 1229 1480 non
1252 1453 1342 1482 solum
1366 1453 1401 1481 ab
1424 1453 1541 1482 invicem
1575 1453 1776 1490 inseparabiles
1786 1453 1804 1488 ⁸,
1826 1461 1871 1482 ve-

1019 1507 1082 1527 rum
1106 1500 1188 1527 etiam
1211 1499 1351 1536 aequales,
1366 1500 1521 1537 aequaliter
1541 1500 1689 1537 privantur
1712 1508 1761 1536 per
1784 1499 1869 1537 quod·
1883 1508 1990 1526 Conclusio.

1020 1553 1141 1582 cumque
1157 1546 1261 1574 malum
1278 1546 1588 1583 culpae—Quodlibet
1603 1547 1675 1575 enim
1693 1547 1797 1575 malum
1815 1546 1871 1575 cul·
1882 1555 1944 1573 namo.

1020 1600 1072 1629 pae
1095 1593 1120 1620 in
1143 1595 1252 1621 tantum
1276 1593 1431 1625 deordinat,
1455 1594 1481 1622 in
1502 1597 1638 1631 quantum
1662 1594 1725 1622 facit
1746 1593 1803 1622 Deo
1819 1593 1872 1622 dis-

1021 1639 1158 1673 similem,
1187 1644 1214 1668 et
1241 1640 1268 1668 in
1291 1644 1428 1677 quantum
1458 1640 1522 1669 facit
1551 1641 1607 1669 Deo
1637 1640 1819 1674 dissimilem,
1842 1641 1870 1668 in

1022 1690 1128 1714 tantum
1152 1686 1262 1724 elongat
1283 1695 1300 1715 a
1315 1688 1383 1721 Deo,
1399 1688 1436 1716 ita
1451 1688 1535 1725 quod,
1550 1688 1790 1725 quemadmodum
1813 1696 1873 1724 gra-

1022 1733 1058 1762 tia
1080 1734 1235 1770 aequaliter
1257 1734 1350 1763 reddit
1371 1735 1493 1763 animam
1526 1735 1682 1763 ordinatam
1716 1739 1742 1763 et
1771 1735 1874 1772 specio—

1022 1790 1079 1810 sam
1103 1785 1130 1809 et
1151 1785 1292 1818 potentem
1315 1782 1341 1810 in
1364 1782 1468 1810 boumn
1492 1785 1599 1811 tantum
1624 1783 1665 1811 vel
1699 1783 1824 1815 maius&
1846 1786 1874 1810 et

1021 1829 1260 1866 quemadmodum
1285 1829 1312 1857 in
1335 1829 1421 1866 gloria
1439 1830 1567 1858 similiter
1582 1833 1623 1858 est
1639 1830 1805 1867 adaequatio
1828 1830 1874 1858 do-

1022 1880 1094 1904 tum:
1118 1877 1156 1905 sic
1179 1877 1261 1905 etiam
1278 1876 1305 1904 in
1321 1877 1404 1914 culpa
1419 1877 1574 1914 aequaliter
1589 1877 1620 1905 fit
1635 1877 1754 1914 privatio
1771 1877 1873 1905 horum

1023 1923 1117 1951 trium.
1140 1923 1169 1951 Et
1192 1923 1267 1957 ideo,
1297 1923 1369 1952 sicut
1402 1924 1505 1952 dicitur
1533 1924 1627 1952 «visio
1651 1924 1676 1951 in
1700 1923 1789 1960 gloria
1811 1931 1872 1952 esse

1023 1973 1078 1997 tota
1102 1977 1208 1998 merces
1221 1970 1238 1984 ¹⁰
1251 1981 1277 2003 »,
1300 1974 1414 2007 propter
1441 1971 1642 1999 connexionem
1658 1974 1685 1998 et
1704 1970 1871 2007 aequalitem

1024 2017 1049 2044 iu
1072 2017 1186 2045 dotibus
1208 2017 1351 2053 glorit5sis;
1375 2018 1413 2046 sic
1438 2018 1538 2051 etiam,
1560 2021 1591 2046 ut
1613 2018 1679 2046 dicitv
1701 2017 1872 2054 ⁴&ugustinus

1024 2065 1049 2092 in
1074 2064 1144 2092 libro
1160 2064 1305 2100 Octoginta
1320 2065 1405 2093 trium
1423 2065 1640 2101 Quaestionum.
1656 2065 1729 2102 quod
1758 2068 1873 2092 «totum

1022 2119 1123 2139 nomen
1148 2111 1211 2139 mali
1242 2111 1275 2140 de
1304 2112 1405 2148 speciei
1436 2112 1590 2148 privatione
1624 2116 1765 2148 repertum
1794 2114 1873 2145 est»,

1023 2166 1077 2185 non
1100 2158 1165 2194 quia
1181 2166 1231 2195 per
1248 2158 1352 2186 malum
1369 2158 1459 2187 solum
1477 2158 1583 2195 species
1598 2158 1725 2195 privetur
1742 2158 1783 2185 vel
1802 2157 1875 2194 prin-

1023 2205 1156 2242 cipalius,
1187 2205 1235 2234 sed
1262 2206 1327 2242 quia
1349 2206 1375 2233 in
1398 2206 1553 2242 priVatione
1586 2205 1685 2242 speciei
1709 2204 1874 2241 intelligitur

1024 2253 1143 2289 privatio
1165 2253 1294 2281 aliorum.
1317 2269 1355 2273 -
1376 2252 1575 2281 Concedendae
1597 2256 1661 2281 sunt
1684 2252 1769 2288 igitur
1791 2252 1871 2279 ratio-

1023 2308 1081 2333 nes,
1103 2307 1175 2336 quae
1197 2300 1232 2328 ad
1255 2300 1374 2336 primam
1398 2303 1506 2336 partem
1530 2300 1712 2327 inducuntur.

1105 2348 1129 2374 ¹1.
1153 2347 1190 2374 Ad
1214 2346 1282 2375 illud
1307 2354 1373 2383 ergo
1402 2347 1476 2383 quod
1504 2346 1647 2375 obiicitur.
1669 2346 1743 2383 quod
1769 2345 1873 2374 malitia
1887 2353 1958 2379 Somno
1972 2359 2007 2377 op>

1024 2393 1216 2429 principaliter
1238 2393 1363 2421 consistit
1384 2401 1469 2430 penes
1491 2393 1686 2427 intentionem3
1709 2393 1874 2427 dicendum,
1888 2379 1997 2400 'mmmm'

1027 2538 1078 2565 ipso
1096 2544 1139 2559 non
1159 2540 1227 2559 moto.
1251 2537 1298 2559 Non
1317 2538 1386 2565 igitur
1400 2543 1444 2566 per
1461 2543 1496 2564 se,
1517 2537 1557 2559 sed
1581 2540 1668 2559 tantum
1690 2543 1732 2566 per
1753 2536 1874 2566 accidens,

1028 2578 1040 2598 i.
1059 2584 1078 2598 c.
1097 2580 1159 2599 moto
1176 2577 1230 2604 alio,
1249 2578 1375 2605 acquiritur
1393 2583 1451 2598 nova
1470 2577 1555 2598 relatio.

1090 2615 1100 2630 Β
1118 2616 1177 2637 Multi
1196 2615 1270 2641 codd,
1285 2618 1307 2637 ut
1326 2615 1342 2638 C
1355 2616 1370 2637 F
1383 2616 1400 2637 K
1415 2616 1430 2637 L
1444 2616 1461 2637 n
1474 2616 1488 2637 S
1502 2616 1521 2637 X
1536 2616 1553 2637 Y
1566 2616 1581 2637 Z
1594 2619 1644 2641 etc„
1657 2615 1815 2645 separabiles;
1827 2622 1877 2644 per-

1028 2661 1115 2683 peram.
1135 2655 1203 2677 l‘aulo
1227 2658 1277 2677 ante
1296 2655 1345 2677 Vnt.
1368 2658 1418 2682 post
1440 2660 1486 2678 11011
1504 2654 1583 2677 solum
1600 2655 1677 2677 adiicit
1692 2656 1755 2683 sunt,
1780 2658 1802 2677 et
1824 2661 1877 2677 mox

1029 2698 1079 2722 post
1096 2694 1208 2723 aequales
1220 2695 1333 2717 intorserit
1350 2695 1381 2722 et,
1402 2694 1487 2723 quibus
1500 2694 1564 2716 sactis
1576 2694 1748 2722 additamentis,
1766 2696 1876 2717 sententia

1029 2734 1191 2761 propositionis
1208 2734 1374 2762 aliquantulum
1390 2737 1498 2756 mutatur.

1092 2773 1101 2787 ⁹
1119 2773 1140 2794 ln
1160 2773 1226 2795 codd.
1246 2773 1264 2795 T
1282 2776 1304 2795 et
1321 2773 1350 2794 W
1368 2773 1468 2795 secunda
1487 2780 1570 2795 1111111115
1587 2774 1674 2796 addidit
1692 2773 1782 2796 mulum
1802 2773 1879 2796 reddit

1029 2812 1183 2841 impotentem.
1203 2812 1224 2833 ln
1243 2812 1300 2839 Vnt„
1319 2818 1377 2840 quae
1395 2813 1462 2834 etiam
1481 2813 1545 2840 plura
1565 2812 1679 2840 adiunxit,
1698 2813 1780 2840 legitur
1797 2814 1840 2835 sic:
1853 2813 1878 2835 in

1029 2850 1127 2875 bonum,
1148 2850 1180 2873 sic
1198 2851 1289 2872 tuntum
1307 2850 1344 2873 vel
1355 2850 1431 2879 muyLs
1450 2850 1519 2879 culpa
1537 2850 1661 2873 ‹leordinul
1674 2851 1750 2880 ipsum
1767 2853 1789 2874 et
1802 2851 1879 2875 delicit

1029 2889 1051 2912 in
1070 2889 1169 2912 mulum.
1188 2890 1273 2912 Eadem
1291 2890 1356 2912 lectio
1372 2890 1468 2912 liabetur
1486 2891 1506 2912 in
1525 2890 1577 2912 cdd.
1597 2891 1617 2919 3,
1637 2890 1656 2913 li.
1671 2897 1729 2920 quae
1747 2894 1833 2913 tantum
1845 2891 1878 2915 Sic

1029 2930 1141 2951 omittunt.

1093 2968 1111 2982 ¹0
1130 2968 1203 2990 Verba
1218 2969 1338 2995 Augustini
1350 2968 1404 2990 vide
1421 2975 1490 2996 supra
1504 2975 1557 2997 pag.
1570 2969 1622 2997 543,
1637 2973 1686 2992 nota
1706 2970 1726 2991 6.
1740 2970 1792 2998 ch.
1806 2972 1880 2992 textus

1029 3010 1063 3029 est
1080 3007 1120 3029 loc.
1139 3008 1174 3029 cit.
1193 3013 1214 3035 q.
1233 3007 1254 3029 6.
