2243 3425
350 194 406 222 852

351 280 432 309 quem
449 272 513 300 facit
535 271 569 299 de
584 269 769 306 flagellatione
790 267 954 296 Pharaonis:
972 275 1035 295 cum
1058 267 1132 295 Deus
1148 267 1196 294 im-

350 318 476 347 mittebat
492 317 625 346 Pharaoni
648 315 773 353 flagella,
787 314 966 351 impendebat
987 313 1196 342 misericordiae

350 365 498 398 beneficia,
520 365 586 401 quia
607 371 653 392 cor
675 363 735 391 eius
756 362 791 391 ad
807 361 1016 391 conversionem
1039 361 1180 389 excitabat
1188 371 1196 395 3

349 420 412 440 cum
435 420 502 440 vero
523 410 721 443 subtrahebat,
744 409 795 438 hoc
817 412 877 437 erat
898 416 935 437 ex
950 408 1043 445 rigore
1064 407 1196 442 iustitiae,

1028 188 1279 218 SENTENTIARUM
1301 188 1361 217 LIB.
1384 188 1412 216 11.

1253 274 1325 303 quae
1347 269 1462 304 propter
1483 267 1572 304 ipsius
1588 267 1739 296 Pharaonis
1757 270 1882 304 peccata,
1904 268 1972 296 dum
1995 267 2042 296 illa
2057 268 2104 296 ssa-

1254 313 1326 349 gella
1348 313 1547 348 subtrahebat,
1576 313 1668 350 ipsum
1697 314 1833 342 obdurari
1854 314 1978 349 sinebat3
2004 318 2031 344 et
2051 323 2103 352 pro

1254 363 1330 388 tanto
1351 361 1495 397 Scriptura
1516 360 1598 395 dicit,
1619 361 1695 398 quod
1714 369 1762 389 cor
1782 361 1843 390 eius
1865 361 2016 390 indurabat
2027 362 2043 390 ¹.

1065 519 1300 553 ARTICULUS
1327 520 1379 552 Ill.

742 626 780 654 De
801 625 1022 662 comparatione
1040 633 1150 662 poenae
1171 625 1213 654 ad
1233 625 1351 654 divinae
1373 625 1503 654 iustitiae
1524 626 1709 663 aequitatem.

426 726 632 763 Consequenter
647 724 793 762 quaeritur
813 724 847 752 de
863 724 1070 760 comparatione
1092 731 1196 760 poenae

347 774 383 802 ad
404 773 514 802 divinae
538 772 657 801 iustitiae
685 771 863 808 aequitatem.
887 771 918 799 Et
939 770 1013 799 circa
1034 771 1088 800 hoc
1115 778 1198 808 quae—

347 824 449 849 runtur
472 820 535 849 duo.

1335 723 1426 751 Primo
1449 723 1604 760 quaeritur,
1625 726 1722 752 utrum
1739 723 1833 760 aliqua
1848 731 1938 760 poena
1959 724 1994 752 sit
2008 732 2024 752 a
2039 724 2104 752 Deo.

1333 770 1470 799 Secundo.
1486 770 1551 799 dato
1566 770 1641 807 quod
1664 771 1716 805 sic,
1731 771 1886 808 quaeritur,
1902 774 2000 799 utrum
2014 771 2105 800 otnnis

1255 825 1343 855 poena
1365 817 1400 846 sit
1420 817 1456 846 ab
1481 817 1550 854 ipso.

1121 928 1285 966 Quaesuo
1306 929 1324 957 1.

965 1028 1069 1056 Utrum
1091 1027 1194 1065 aliqua
1209 1036 1305 1065 poena
1326 1027 1364 1055 sit
1385 1036 1405 1056 a
1427 1027 1492 1056 Deo.

426 1129 576 1165 Quaeritur
598 1129 692 1165 igitur,
708 1133 803 1156 utrum
826 1127 921 1165 aliqua
936 1135 1024 1165 poena
1046 1127 1080 1156 sit
1095 1135 1111 1155 a
1130 1127 1195 1155 Deo.

347 1176 378 1205 Et
399 1176 471 1213 quod
499 1184 569 1209 non,
591 1176 713 1204 videtur.

428 1225 451 1251 l.
474 1224 629 1260 Sapientiae
652 1222 780 1260 primo2:
804 1222 882 1250 Deus
896 1226 1020 1250 mortem
1035 1230 1092 1249 non
1112 1220 1194 1258 fecit:

218 1275 247 1294 Ad
260 1276 334 1298 opposi-
347 1278 412 1308 ergo
434 1271 455 1299 si
479 1279 555 1299 mors
576 1271 648 1299 inter
673 1278 770 1299 omnes
801 1277 905 1307 poenas
926 1273 968 1298 est
997 1269 1120 1297 maxime
1143 1276 1197 1296 ma-

254 1301 297 1317 tuin⁴

309 1344 312 1346 ,
347 1318 504 1346 nifestativa
526 1317 636 1346 divinae
659 1317 789 1351 iustitiae,
811 1319 838 1345 et
860 1317 928 1345 haec
950 1324 1004 1344 non
1027 1319 1068 1344 est
1089 1324 1105 1343 a
1124 1315 1196 1348 Deo,

347 1365 458 1393 videtur
480 1365 573 1401 igitur,
596 1364 669 1402 quod
693 1364 771 1392 nulla
792 1363 846 1392 alia
868 1371 957 1401 poena
978 1363 1014 1391 sit
1035 1363 1069 1391 ab
1092 1363 1159 1399 ipso.

426 1413 451 1440 2.
473 1412 555 1445 Item,
571 1412 742 1448 Augustinus
757 1419 842 1447 super
858 1411 938 1439 illum
954 1410 1046 1439 locum
1062 1409 1162 1438 Psalmi
1173 1409 1195 1436 ³:

348 1460 446 1488 Deduc
474 1468 528 1493 me,
554 1459 683 1492 Domine,
712 1459 743 1487 iu
765 1458 881 1487 iustitia
905 1461 974 1486 tua.-
997 1457 1094 1486 «Cum
1116 1457 1198 1494 punit

348 1507 435 1535 malos
457 1507 547 1540 Deus,
569 1514 622 1534 non
646 1514 729 1534 suum
752 1505 859 1534 malum
882 1506 922 1534 eis
943 1505 1043 1539 infert,
1066 1505 1114 1534 sed
1138 1504 1197 1533 suis

348 1554 428 1582 malis
449 1561 496 1582 eos
511 1553 644 1590 relinquit
655 1563 684 1580 »2
702 1561 768 1590 ergo
788 1553 909 1587 videtur,
925 1552 999 1590 quod
1016 1552 1094 1580 nulla
1108 1559 1197 1588 poena

348 1601 503 1630 secundum
526 1601 552 1629 id
575 1601 650 1638 quod
673 1603 726 1634 est,
748 1609 764 1628 a
786 1600 843 1629 Deo
864 1600 906 1629 sit.

427 1647 452 1676 3.
475 1648 558 1682 Item,
581 1656 669 1684 poena
690 1651 732 1676 est
755 1647 859 1675 malum
880 1655 1041 1684 repugnans
1062 1649 1197 1680 naturae3

348 1696 395 1724 sed
417 1696 573 1724 «Conditor
595 1699 713 1724 naturae
734 1695 803 1724 nihil
826 1695 890 1723 facit
909 1698 1006 1723 contra
1028 1698 1197 1728 naturam»,

347 1743 419 1771 sicut
440 1743 501 1770 vult
529 1743 701 1779 Augustinus
717 1743 745 1770 ⁴:
768 1750 835 1779 ergo
863 1742 992 1776 videtur,
1014 1741 1090 1779 quod
1119 1740 1198 1769 nulla

348 1798 436 1827 poena
458 1791 492 1819 sit
513 1798 529 1818 a
552 1790 616 1819 Deo.

426 1838 452 1866 lt.
474 1838 555 1872 Item,
576 1838 666 1866 omnis
682 1839 770 1875 poena
786 1837 893 1866 inducit
914 1837 1099 1874 privationem
1115 1836 1198 1865 alicu-

350 1885 392 1913 ius
413 1885 494 1919 boni,
517 1888 543 1913 et
565 1885 685 1922 privatio
706 1884 770 1912 boni
793 1884 859 1913 dicit
874 1884 939 1913 boni
955 1884 1111 1918 desectum3
1127 1883 1198 1912 defe-

347 1936 408 1961 ctus
423 1936 515 1960 autem
533 1940 587 1960 non
599 1932 683 1960 habet
696 1940 809 1961 causam
822 1931 997 1966 efficientem,
1010 1931 1058 1960 sed
1071 1931 1198 1960 deficien-

348 1981 417 2007 tem:
441 1979 462 2007 si
485 1987 552 2015 ergo
567 1979 642 2007 Deus
663 1978 769 2007 nullius
785 1981 826 2007 est
841 1987 925 2008 causa
941 1979 1085 2012 deficiens,
1101 1978 1198 2007 nullus

348 2027 472 2056 desectus
494 2030 584 2064 potest
605 2034 666 2055 esse
688 2027 723 2055 ab
745 2027 811 2055 e0⁵:
835 2034 901 2063 ergo
917 2034 969 2055 nec
990 2034 1079 2063 poena
1094 2026 1196 2063 aliqua.

428 2076 452 2103 5.
476 2074 555 2105 Item.
578 2074 650 2103 sicut
672 2074 777 2102 malum
800 2074 900 2111 culpae
921 2074 1013 2111 privat
1028 2073 1128 2102 bonam
1145 2073 1198 2101 dis-

348 2121 511 2158 positionem
537 2121 704 2155 voluntatis,
727 2121 765 2149 sic
788 2120 892 2149 malum
914 2128 1017 2156 poenae
1039 2120 1131 2157 privat.
1152 2119 1198 2148 bo—

348 2176 411 2196 nam
425 2168 634 2204 dispositionem
651 2171 767 2196 naturae
777 2167 802 2200 ὃς
815 2167 863 2196 sed
876 2167 913 2195 ita
928 2170 969 2195 est
984 2175 1000 2194 a
1015 2166 1071 2195 Deo
1087 2170 1196 2199 natura,

349 2214 419 2244 sicut
441 2215 585 2248 voluntas,
608 2218 634 2243 et
654 2214 691 2242 ita
706 2214 880 2243 conservatio
902 2216 1027 2247 naturae,
1050 2213 1122 2242 sicut
1136 2221 1197 2242 con-

348 2262 468 2290 servatio
494 2262 660 2290 voluntatis:
684 2262 706 2290 si
728 2261 813 2298 igitur
842 2261 915 2289 mala
937 2260 1081 2297 dispositio
1102 2260 1198 2288 volun-

349 2309 411 2338 tatis
433 2318 448 2337 a
464 2309 520 2338 Deo
542 2317 595 2337 non
612 2312 666 2343 est,
688 2309 748 2345 pari
764 2308 871 2336 ratione
893 2315 943 2336 nec
958 2307 1031 2335 mala
1053 2306 1197 2344 dispositio

348 2360 477 2385 naturae:
500 2364 567 2393 ergo
589 2356 660 2385 sicut
676 2364 729 2384 non
745 2359 786 2384 est
807 2364 823 2383 a
838 2355 894 2383 Deo
916 2354 1011 2391 culpa,
1026 2354 1064 2382 ita
1086 2362 1140 2382 non
1155 2356 1197 2382 est

349 2410 365 2430 a
385 2403 441 2431 Deo
463 2411 558 2440 poena.

428 2451 453 2478 6.
476 2450 556 2484 Item,
578 2451 651 2479 sicut
672 2450 698 2478 in
721 2450 778 2478 Deo
799 2452 840 2478 est
855 2457 967 2477 summa
989 2448 1098 2477 bonitas
1113 2456 1198 2486 quan-

350 2499 409 2524 tum
424 2497 458 2525 ad
482 2498 677 2526 rectitudinem
694 2497 860 2530 voluntatis,
876 2504 947 2533 quae
963 2499 1004 2525 est
1026 2496 1142 2527 iustitia,
1159 2495 1197 2523 sic

350 2544 377 2571 in
395 2544 448 2572 Deo
470 2548 511 2572 est
526 2552 637 2572 summa
653 2544 760 2572 bonitas
776 2546 912 2580 quantum
931 2543 966 2571 ad
983 2542 1196 2579 completionem

350 2594 377 2618 et
398 2591 592 2627 perfectionem
609 2594 738 2625 naturae3
765 2592 813 2619 sed
836 2591 923 2624 Deus,
946 2590 1012 2627 quia
1028 2597 1137 2618 sumine
1153 2589 1198 2617 ho-

414 2746 421 2760 ¹
442 2747 498 2769 Vide
517 2748 618 2769 scholion
637 2748 665 2770 ad
685 2748 860 2775 praecedentem
879 2751 967 2777 quaest.

414 2784 422 2797 ²
440 2785 505 2807 Vcrs.
527 2786 559 2807 13.

413 2822 423 2837 ³
441 2824 521 2846 I‘szitm.
535 2825 559 2852 ὅ,
573 2826 593 2847 9,
607 2838 637 2840 -
648 2827 744 2853 August.
756 2832 827 2854 super
844 2827 905 2848 hunc
923 2827 999 2848 locum
1012 2832 1033 2848 n.
1053 2826 1088 2848 lO.
1103 2826 1198 2853 proprie

354 2861 417 2883 dicit:
436 2862 492 2884 Cum
506 2865 571 2890 punit
587 2864 648 2886 Deus
660 2867 805 2892 peccatores,
824 2872 868 2887 non
886 2866 973 2887 malum
985 2871 1054 2887 suum
1072 2866 1105 2887 eis
1120 2864 1197 2891 insert,

354 2900 394 2921 sed
411 2901 475 2923 malis
492 2908 573 2923 eorum
590 2909 630 2924 eos
648 2903 744 2925 dimittit.

416 2938 425 2952 ⁴
442 2939 501 2961 Libr.
515 2940 597 2962 XXVI.
615 2945 692 2963 contro
710 2942 828 2970 Faustum,
847 2949 866 2965 c.
879 2943 900 2965 3.
919 2943 977 2965 Vide
989 2949 1060 2971 supra
1078 2949 1132 2970 pag.
1146 2942 1198 2969 435,

355 2980 406 2999 nota
428 2978 444 2998 1,

1254 1135 1307 1155 nus
1329 1130 1370 1155 est
1391 1130 1418 1156 et
1440 1134 1550 1155 summe
1572 1127 1675 1161 iustus,
1697 1135 1751 1155 non
1773 1129 1863 1163 potest
1877 1126 1969 1155 facere
1991 1126 2105 1164 aliquod

1256 1174 1361 1202 malum
1384 1174 1443 1202 sive
1458 1174 1581 1211 aliquam
1604 1173 1768 1202 iniustitiam
1785 1174 1843 1203 sive
1865 1177 2023 1210 peccatum:
2040 1181 2106 1211 ergo

1254 1221 1315 1257 pari
1337 1221 1463 1256 ratione,
1485 1229 1549 1250 cum
1572 1222 1607 1249 sit
1636 1229 1746 1250 summe
1768 1221 1859 1250 bonus
1887 1229 1937 1258 per
1958 1224 2106 1255 naturam,

1255 1276 1308 1296 non
1331 1269 1433 1306 poterit
1454 1268 1489 1297 ab
1511 1276 1543 1297 eo
1564 1268 1659 1305 egredi
1682 1268 1805 1303 malum,
1827 1268 1903 1305 quod
1925 1269 1960 1297 sit
1975 1268 2003 1296 in
2025 1276 2107 1297 nocu-

1255 1319 1380 1344 mentum
1397 1319 1527 1344 naturae:
1546 1323 1613 1353 ergo
1629 1316 1701 1344 sicut
1722 1315 1757 1344 ab
1773 1316 1833 1353 ipso
1855 1324 1909 1344 non
1925 1315 1984 1344 exit
1999 1315 2105 1344 malum

1255 1362 1370 1400 culpae,
1392 1363 1431 1392 sic
1454 1371 1503 1391 nec
1526 1363 1632 1391 malum
1656 1370 1769 1399 poenae.

1334 1410 1386 1438 SED
1407 1418 1528 1439 CONTRA:
1562 1411 1585 1438 l.
1614 1410 1700 1438 Isaiae
1730 1410 1947 1447 quadragesimo
1968 1402 2226 1447 quinto⁷:runuam01}

1256 1458 1316 1495 Epo
1340 1457 1483 1485 Dominus
1502 1455 1641 1494 formans
1663 1457 1755 1485 lucem
1777 1461 1803 1485 et
1823 1465 1928 1485 creans
1956 1457 2105 1491 tenebras,

1252 1503 1368 1542 faciens
1380 1514 1483 1542 pacem
1500 1509 1525 1533 et
1539 1513 1645 1533 creans
1660 1504 1789 1538 mabam,-
1804 1505 1853 1533 sed
1869 1505 1922 1533 hoc
1938 1512 1992 1533 non
2008 1504 2108 1533 intelli-

1253 1553 1328 1590 gitur
1351 1553 1385 1581 de
1408 1553 1481 1581 malo
1503 1552 1617 1589 culpae:
1634 1560 1700 1589 ergo
1716 1560 1829 1581 necesse
1844 1555 1894 1587 est,
1910 1551 1986 1589 quod
2004 1551 2106 1581 habeat

1255 1601 1401 1629 veritatem
1425 1600 1459 1629 de
1480 1600 1574 1637 aliquo
1597 1599 1670 1628 malo
1693 1607 1808 1637 poenae.

1335 1648 1360 1676 ⁹2.
1384 1647 1467 1682 Item,
1483 1647 1648 1684 expressius
1663 1647 1689 1675 in
1706 1647 1822 1681 cantico,
1837 1646 2046 1676 Deuteronomii
2062 1647 2108 1675 tri-

1255 1695 1360 1732 gesimo
1383 1695 1506 1723 secundo
1520 1694 1544 1722 ³:
1570 1695 1629 1732 Eyo
1659 1694 1792 1723 occidam
1820 1698 1846 1722 et
1873 1702 1923 1732 690
1945 1693 2041 1722 vivere
2061 1692 2107 1731 fa-

1255 1742 1344 1775 ciam,
1363 1742 1530 1779 percutiam
1552 1745 1579 1770 et
1598 1750 1648 1779 eqo
1669 1741 1798 1775 <vctitabm
1819 1741 1868 1770 sed
1884 1741 1985 1770 occisio
2006 1744 2033 1770 et
2048 1748 2108 1778 per-

1255 1789 1348 1818 cussio
1370 1792 1411 1818 est
1433 1797 1536 1826 poena:
1559 1797 1626 1826 ergo
1648 1792 1699 1817 etc.

1335 1837 1361 1865 3.
1383 1837 1460 1871 Item,
1482 1837 1575 1865 adhuc
1598 1837 1686 1873 magis
1702 1844 1837 1873 expresse
1854 1835 2035 1865 Ecclesiastici
2058 1843 2107 1864 un-

1255 1883 1364 1912 decimo
1376 1883 1401 1911 ⁹:
1425 1884 1510 1912 Bona
1531 1887 1557 1911 et
1576 1883 1675 1917 mala,
1697 1883 1759 1911 vitet
1781 1886 1807 1911 et
1826 1891 1922 1916 mors,
1940 1885 2107 1920 paupertas

1255 1934 1281 1959 et
1301 1929 1436 1959 honestas
1458 1940 1477 1959 tt
1498 1931 1557 1959 Deo
1577 1934 1664 1964 wat,-
1686 1930 1735 1959 sed
1766 1929 1927 1958 huiusmodi
1956 1933 2022 1958 sunt
2047 1937 2108 1966 poe-

1254 1985 1323 2006 nae:
1347 1985 1414 2014 ergo
1435 1980 1485 2006 etc.
1767 1965 1780 1980 ⁶

1334 2026 1360 2054 lt.
1384 2025 1463 2059 Item,
1479 2025 1573 2054 adhuc
1587 2025 1753 2062 expressius
1768 2024 1802 2053 de
1827 2032 1899 2052 novo
1921 2024 2106 2058 Testamento‚

1254 2071 1384 2100 Matthaei
1408 2072 1542 2109 vigesimo
1563 2072 1660 2109 quinto
1672 2071 1705 2099 10;
1728 2071 1769 2099 lte
1793 2071 1944 2099 maledicti
1958 2070 1989 2098 in
2011 2070 2106 2108 iqnem

1255 2124 1426 2153 aetermam,-
1447 2119 1497 2148 sed
1519 2119 1554 2147 ab
1576 2119 1623 2147 illo
1651 2118 1841 2155 principaliter
1867 2122 1909 2147 est
1930 2126 2035 2155 poena,
2058 2117 2106 2154 qui

1254 2166 1340 2195 dictat
1361 2166 1543 2200 sententiani,
1566 2165 1614 2194 sed
1638 2165 1682 2194 hic
1704 2169 1746 2194 est
1767 2165 1856 2194 Deus:
1879 2173 1946 2201 ergo
1967 2169 2018 2198 etc.

1335 2214 1360 2241 5.
1376 2213 1452 2245 Item,
1468 2213 1640 2249 Augustinus
1655 2213 1682 2240 in
1698 2212 1770 2240 libro
1786 2212 1821 2241 de
1833 2212 1931 2241 Libero
1947 2212 2106 2240 Arbitri011:

1260 2260 1359 2288 «Deus
1388 2263 1429 2289 est
1457 2263 1555 2288 auctor
1583 2259 1665 2294 mali,
1691 2259 1767 2296 quod
1794 2259 1918 2296 patimur
1930 2270 1960 2293 »3
1983 2260 2031 2288 sed
2054 2260 2107 2288 hoc

1254 2310 1296 2335 est
1312 2307 1417 2335 malum
1433 2315 1547 2344 poenae,
1563 2310 1594 2335 ut
1609 2307 1713 2335 ibidem
1729 2307 1810 2335 dicit:
1827 2314 1894 2344 ergo
1908 2306 2003 2344 aliqua
2018 2314 2107 2343 poena

1254 2357 1296 2382 est
1317 2362 1333 2382 a
1355 2354 1419 2382 Deo.
2033 2362 2046 2367 -

1335 2402 1360 2429 6.
1383 2401 1462 2435 Item,
1493 2401 1565 2430 sicut
1590 2405 1670 2430 actus
1700 2401 1811 2430 divinae
1833 2400 2042 2429 misericordiae
2065 2404 2107 2429 est

1254 2456 1385 2485 parcere,
1410 2449 1446 2476 ita
1467 2451 1546 2477 actus
1567 2448 1678 2477 divinae
1700 2448 1821 2476 iustitiae
1837 2451 1879 2476 est
1901 2447 2016 2484 punire:
2039 2455 2107 2484 ergo

1255 2496 1327 2524 sicut
1349 2497 1453 2533 peccati
1475 2496 1604 2524 remissio
1625 2499 1652 2524 et
1674 2495 1848 2532 indulgentia
1863 2499 1904 2523 est
1918 2503 1935 2522 a
1949 2494 2044 2523 divina
2058 2495 2108 2523 mi-

1254 2543 1423 2577 sericordia,
1446 2543 1484 2570 ita
1505 2543 1608 2579 peccati
1632 2542 1741 2579 punitio
1763 2545 1805 2570 est
1825 2550 1838 2569 a
1870 2541 1964 2569 divina
1985 2541 2105 2569 iustitia:

1254 2597 1321 2625 ergo
1342 2588 1436 2626 aliqua
1457 2596 1546 2625 poena
1567 2591 1608 2617 est
1629 2596 1645 2616 a
1666 2588 1722 2616 Deo
1741 2591 1874 2624 tanquam
1896 2595 1910 2615 a
1933 2595 2026 2616 causa.

1317 2746 1327 2761 ⁵
1344 2745 1388 2769 Csr.
1406 2747 1511 2773 August„
1529 2745 1577 2767 xn-
1595 2744 1624 2767 de
1641 2744 1689 2766 Ctv.
1707 2744 1760 2772 Dei,
1778 2750 1796 2766 c,
1816 2744 1837 2766 8.

1319 2785 1329 2800 ⁶
1346 2785 1403 2807 Vide
1420 2791 1490 2812 supra
1509 2784 1531 2806 d.
1549 2784 1586 2807 35.
1604 2790 1624 2806 a.
1647 2785 1664 2806 1.
1683 2790 1704 2813 q.
1727 2784 1745 2806 1,
1762 2786 1784 2805 ct
1801 2790 1821 2805 o.
1840 2784 1860 2805 2.
1879 2789 1900 2812 q.
1923 2784 1940 2805 1.

1318 2824 1327 2838 ⁷
1345 2824 1410 2846 vers.
1429 2824 1449 2846 6.
1465 2830 1525 2852 seq:
1544 2823 1591 2851 Ego
1604 2823 1715 2845 Dominus
1732 2824 1753 2845 et
1769 2828 1819 2845 non
1830 2823 1864 2845 est
1875 2822 1936 2845 alter
1949 2823 2051 2845 formans
2063 2825 2104 2845 etc.

1318 2863 1328 2878 ³
1345 2863 1410 2885 Vers.
1429 2863 1465 2885 39.

1319 2902 1328 2916 ‘³
1346 2903 1411 2924 Vers-
1433 2902 1466 2924 14.

1320 2941 1339 2955 ¹⁰
1357 2942 1421 2964 Vcrs.
1440 2941 1476 2963 41.

1320 2980 1337 2995 ¹¹
1356 2981 1416 3003 Libr.
1436 2982 1449 3003 1.
1468 2987 1486 3003 c.
1509 2981 1526 3002 l.
1545 2987 1566 3003 ii.
1589 2981 1606 3002 1.
