2243 3425
19 906 74 929 Argg.
99 910 132 929 pro

23 929 97 948 asitione
111 929 127 947 1.

12 1892 39 1910 'ro
53 1893 129 1916 positio-

26 1920 49 1934 ne
62 1916 78 1934 Ξ.

724 162 806 190 DIST.
829 162 868 190 Ill.
892 162 918 190 P.
941 162 970 190 11.
992 163 1064 191 ART.
1087 163 1126 191 Ill.
1150 163 1286 200 QUAEST.
1309 164 1338 192 ΙΙ.

152 246 166 263 α
191 239 301 263 naturali
322 246 401 263 amore
427 240 486 263 bene
512 241 613 269 loquitur
629 240 768 268 Seraphicus
793 241 815 262 in
834 241 899 263 solut.
918 240 946 263 ad
974 241 999 268 3:

152 286 222 309 quam
241 279 368 302 doctrinam
388 280 445 302 Petr.
474 286 486 302 a
510 280 563 302 Tar.
586 279 668 302 iisdem
687 281 733 302 iere
751 279 829 302 verbis
846 276 869 301 in
892 286 1001 308 compen-

151 318 216 341 dium
234 318 329 346 redegit.

215 358 245 379 lll.
263 358 324 380 Alex.
342 358 401 385 Hal„
414 358 435 380 S.
449 364 471 386 p.
486 358 508 380 11.
526 364 548 387 q.
567 358 603 380 30.
616 364 647 380 111.
661 358 681 380 Γ1.
700 364 719 380 a.
739 358 758 379 2.
772 357 785 385 S
799 358 860 379 2.-
872 358 940 385 Scot.‚
958 358 1000 380 loc.

152 398 187 419 cit.
206 400 227 419 et
244 397 336 425 Report.
356 397 386 419 111.
406 397 466 419 Sent.
481 397 501 419 d.
515 397 551 419 27.
565 404 585 419 n.
604 397 675 419 11-13.
687 409 719 413 -
731 396 752 418 S.
772 397 862 424 Thom.y
881 397 917 419 hic
934 403 956 425 (1.
975 396 1000 424 4;

1855 169 1908 196 1Ξ7

1058 241 1080 263 S.
1099 241 1113 263 1,
1131 248 1153 270 q.
1172 242 1209 264 60.
1227 248 1247 264 a.
1265 242 1286 264 5.
1304 254 1336 259 —
1353 243 1376 265 B.
1394 242 1492 271 Albert.‚
1519 244 1555 266 hie
1580 250 1600 266 a.
1623 244 1661 272 183
1680 245 1701 266 S.
1721 251 1742 273 p.
1761 245 1783 267 ll.
1802 249 1829 268 tr.
1849 245 1869 268 4.
1888 252 1909 275 q.

1060 279 1095 302 14.
1114 286 1144 302 m.
1164 280 1184 302 4.
1202 288 1222 303 a.
1241 282 1261 303 2.
1279 293 1310 298 —
1328 282 1385 304 Petr.
1403 288 1415 304 a
1434 282 1499 310 Tan,
1519 283 1555 305 hic
1573 289 1594 312 q.
1613 283 1634 305 ὅ.
1653 290 1672 305 a.
1694 284 1712 306 1.
1729 296 1761 300 -
1778 284 1885 307 Richard.
1898 291 1910 307 a

1058 319 1128 347 Med,
1147 320 1183 341 hic
1201 326 1220 342 a.
1238 320 1260 343 7.
1279 327 1301 349 q.
1321 321 1341 343 i.
1358 333 1390 337 —
1407 322 1481 350 :Egid
1500 322 1539 350 R„
1558 323 1594 344 hic
1612 329 1634 351 p.
1653 322 1676 344 11.
1695 330 1716 352 q.
1736 323 1757 345 3.
1775 330 1794 346 a.
1818 324 1834 345 l.
1854 324 1908 346 dub.

1059 358 1095 380 lat.
1114 359 1134 380 2.
1152 370 1184 374 ——
1200 359 1268 381 Ilenr.
1286 359 1367 387 Gand.,
1385 360 1468 388 Quodl.
1487 360 1507 383 4.
1526 368 1547 390 q.
1570 362 1603 384 11,
1620 373 1651 378 ·—
1664 362 1757 390 Dionys.
1777 362 1860 390 Carni,
1879 363 1908 386 de

1059 397 1102 419 hac
1120 400 1141 419 et
1158 404 1205 426 seq.
1224 405 1246 427 q.
1265 399 1301 420 hic
1319 405 1340 427 q.
1358 399 1380 421 7.

922 486 1086 522 QUAESTIO
1107 487 1136 515 ΙΙ.

274 572 378 600 Utrum
400 572 530 610 Angelus
551 571 689 601 naturali
709 571 859 600 dilectione
879 572 977 610 magyi's
1001 573 1107 610 [lz'liyat
1126 573 1328 610 superiorem,
1350 584 1390 603 (111
1408 584 1525 612 parem,
1546 585 1587 605 απ
1608 576 1788 614 inferiorem.

227 659 305 687 Circa
327 658 482 687 secundum
515 657 553 686 sic
585 658 747 695 proceditur
778 660 805 686 et
836 658 999 695 quaeritur,

148 709 244 734 utrum
274 705 393 742 Angelus
426 705 547 734 naturali
575 705 722 734 dilectione
754 705 843 742 magis
875 705 997 742 diligat¹

146 753 343 790 superiorem,
366 761 400 781 an
419 761 543 790 parem,
565 761 599 781 an
624 751 805 789 inferiorem.

226 799 257 828 Et
278 799 353 836 quod
376 799 464 836 magis
485 800 685 836 superiorem,
708 799 830 828 videtur.

228 847 251 874 1.
274 846 299 874 Si
323 847 443 883 Angelus
465 846 599 884 Angelum
621 846 788 875 naturaliter
820 846 928 883 diligit,
950 850 999 876 aut

146 900 212 930 ergo
240 893 307 930 quia
338 893 459 928 bonum,
481 898 530 923 aut
552 895 617 931 quia
642 894 818 928 beneficum,
852 894 901 923 sed
933 902 999 931 quo-

145 948 266 977 cumque
289 941 371 969 modo
394 941 514 978 Angelus
536 941 691 978 superioris
712 941 819 970 ordinis
847 942 935 978 magis
956 945 998 971 est

145 987 250 1021 honus,
272 991 300 1016 et
320 988 423 1016 iterum
445 988 567 1025 amplius
589 991 630 1017 est
659 987 821 1023 beneficus,
853 989 919 1026 quia
950 990 998 1017 An-

145 1035 224 1072 gelus
246 1035 385 1063 inferioris
408 1035 514 1063 ordinis
535 1043 551 1063 a
573 1035 711 1072 superiori
734 1035 833 1072 recipit
860 1035 997 1064 illumina-

145 1082 233 1110 tiones
255 1090 304 1119 per
326 1090 391 1111 eum
414 1082 543 1116 modum.
560 1090 610 1119 per
626 1090 709 1120 quem
726 1083 874 1120 Dionysius
890 1084 900 1098 ²¹
916 1083 996 1112 dicit:

145 1136 211 1166 ergo
233 1133 283 1158 etc.
832 1164 834 1167 y

225 1176 250 1204 ⁹2.
274 1176 356 1211 item,
379 1176 498 1213 Angelus
520 1184 570 1214 per
591 1180 720 1205 naturam
736 1177 891 1206 institutam
907 1178 996 1206 Deum

145 1231 230 1260 super
252 1224 346 1251 omnia
368 1223 544 1260 diligebat³t
568 1232 635 1261 ergo
657 1224 677 1252 si
702 1224 771 1253 illud
804 1225 878 1262 qnod
909 1225 997 1262 magis

144 1271 324 1307 approximat
345 1270 379 1299 ad
403 1279 560 1303 summum.
584 1271 609 1299 iu
633 1272 708 1300 omni
731 1279 833 1308 genere
852 1276 893 1300 est
909 1272 997 1309 magis

144 1317 301 1349 intensum.
323 1325 389 1355 ergo
411 1318 433 1346 si
457 1326 567 1346 summe
589 1318 723 1355 diligebat
754 1319 863 1350 Deum,
896 1319 923 1348 id
955 1323 997 1348 est

144 1371 229 1401 super
250 1364 359 1398 omnia,
382 1372 448 1401 ergo
471 1365 559 1402 magis
581 1365 651 1393 illud
674 1365 749 1402 quod
772 1366 828 1394 Deo
850 1369 910 1394 erat
925 1366 998 1394 simi-

146 1411 200 1440 lius
221 1416 247 1440 et
269 1412 447 1448 proximius;
476 1412 525 1441 sed
553 1412 672 1449 Angelus
704 1413 858 1449 superioris
890 1413 997 1441 ordinis

145 1462 186 1488 est
208 1459 389 1488 huiusmodi:
412 1467 478 1496 ergo
500 1463 552 1488 etc.

224 1506 250 1535 3.
273 1507 355 1541 Item,
378 1506 498 1544 Angelus
520 1506 658 1535 inferioris
684 1507 790 1535 ordinis
813 1507 924 1536 nolebat
952 1515 994 1536 ae-

145 1554 287 1591 quiparari
321 1554 423 1590 Angelo
452 1554 606 1591 superioris
627 1554 748 1588 ordinis,
771 1558 906 1591 quantum
937 1558 997 1583 erat

145 1601 179 1629 de
201 1601 320 1629 naturali
343 1601 484 1637 appetitu,
506 1609 573 1638 ergo
595 1602 683 1638 magis
706 1604 732 1629 et
754 1601 922 1630 eminentius
952 1601 996 1629 bo-

145 1656 211 1676 num
236 1648 274 1676 illi
297 1648 405 1676 volebat
429 1656 512 1685 quam
537 1648 603 1681 sil]i;
626 1648 673 1676 sed
702 1656 787 1685 super
819 1656 917 1677 omnes
947 1650 996 1677 An-

144 1695 219 1732 gelos
241 1702 323 1731 pares
345 1698 371 1723 et
394 1695 539 1724 inferiores
561 1703 590 1723 se
612 1695 764 1731 diligebat:
788 1703 854 1732 ergo
876 1699 927 1724 eto.

223 1742 302 1778 Quod
324 1746 418 1771 antem
442 1743 529 1779 magis
551 1742 680 1779 diligeret
702 1743 835 1780 Angelum
866 1743 994 1772 eiusdem

143 1789 258 1817 ordinis
270 1812 277 1822 ,
301 1789 421 1817 videtur.

222 1837 247 1864 li.
271 1836 385 1865 Dilectio
418 1836 553 1865 naturalis
585 1836 726 1865 concernit
762 1837 994 1873 similitudinem:

144 1883 217 1912 uude
231 1883 411 1912 Ecclesiastici
425 1883 532 1912 decimo
544 1883 625 1912 tertio
634 1884 657 1911 ⁴:
673 1884 995 1922 0111111)(1111111111111111911

141 1930 332 1964 31111118.ςι”1)1ἶ;
354 1930 400 1959 sed
431 1930 551 1966 Angelus
580 1931 705 1959 eiusdem
738 1931 845 1960 ordinis
878 1932 994 1961 similior

142 1982 184 2006 est
205 1977 306 2014 Angelo
328 1977 371 2005 sui
393 1977 499 2006 ordinis
524 1985 608 2014 quam
640 1977 774 2006 alterius:
808 1985 874 2014 ergo
906 1979 994 2015 magis

143 2024 240 2061 diligit.

225 2073 250 2100 ὃ.
272 2071 355 2103 ltem,
378 2071 515 2100 naturalis
537 2071 648 2101 dilectio
670 2072 825 2101 intenditur
847 2080 898 2109 per
918 2072 994 2101 fami-

143 2118 291 2147 liaritatem
320 2122 347 2147 et
373 2118 602 2147 domesticitatein
626 2136 665 2139 —-
686 2119 761 2148 unde
784 2120 872 2156 magis
904 2120 994 2157 diligit

143 2165 227 2194 homo
248 2165 414 2194 naturaliter
435 2166 620 2194 domesticum
643 2170 670 2194 et
685 2166 791 2195 socium
808 2174 890 2195 suum
908 2175 993 2204 quam

143 2216 311 2241 extraneum
328 2212 337 2225 ⁵
350 2229 388 2233 —
404 2212 451 2241 sed
474 2213 563 2241 maior
578 2216 619 2241 est
634 2213 808 2241 familiaritas
830 2217 857 2242 et
878 2214 995 2243 societas

143 2259 310 2296 Angelorum
333 2259 458 2288 eiusdem
481 2260 608 2288 ordinis:
631 2267 698 2296 ergo
720 2264 770 2289 etc.

224 2308 248 2335 6.
282 2307 368 2339 ltem,
407 2306 525 2335 Ecclesia
561 2307 740 2343 triumphans
772 2308 922 2336 conformis
953 2312 994 2336 est

144 2353 279 2382 Ecclesiae
302 2353 470 2381 militanti⁶2
504 2353 551 2382 sed
583 2354 609 2382 in
643 2354 761 2383 Ecclesia
797 2354 932 2383 militante
953 2358 994 2383 est

144 2399 283 2429 distinctio
304 2400 435 2429 ordinum
457 2404 484 2428 et
506 2400 689 2437 religionum,
712 2404 738 2429 et
771 2405 846 2430 recto
868 2405 895 2430 et
923 2402 995 2430 ordi-

143 2450 207 2476 nato
229 2447 344 2479 affectu,
367 2447 414 2484 qui
438 2455 490 2475 non
513 2451 651 2484 repugnat
674 2448 794 2484 gratiae,
817 2448 882 2485 plus
908 2448 995 2485 iungi-

1057 661 1103 687 tur
1125 659 1209 687 homo
1231 659 1255 688 ei
1277 660 1324 696 qui
1347 664 1387 689 est
1410 661 1536 690 eiusdem
1557 662 1750 698 professionis:
1766 672 1833 700 ergo
1847 665 1907 701 pari

1057 705 1163 734 ratione
1185 709 1212 734 et
1233 707 1354 743 Angelus
1375 708 1496 736 naturali
1519 708 1666 738 dilectione
1688 710 1752 747 pius
1774 710 1908 748 diligebat

1056 752 1173 789 Angelos
1194 753 1322 782 eiusdem
1343 753 1458 782 ordinis.

1136 799 1215 836 Quod
1237 803 1330 829 autem
1354 801 1443 838 magis
1464 801 1581 838 Angelos
1602 801 1757 839 inferioris
1782 804 1907 839 ordinis,

1057 846 1177 876 videtur.

1135 895 1159 921 7.
1183 894 1290 928 Primo,
1312 895 1377 933 quia
1404 895 1559 932 «probatio
1588 897 1744 926 dilectionis
1765 902 1807 927 est
1828 899 1955 927 exhi-Pro
1971 905 2051 947 gosino-

1056 940 1123 970 bitio
1144 942 1237 979 operis
1254 942 1291 968 ⁷»
1308 953 1315 976 3
1337 943 1386 971 sed
1408 943 1529 980 Angelus
1551 945 1705 981 superioris
1726 946 1833 975 ordinis
1845 946 1909 983 plus
1933 934 1956 947 ΠΕ
1984 943 1987 946 ’

1056 996 1085 1017 se
1117 989 1306 1018 communicat
1331 990 1434 1027 Angelo
1466 991 1604 1030 inferioris
1640 1000 1724 1029 quam
1757 993 1833 1030 paris
1865 993 1908 1022 vel

1056 1036 1228 1073 superioris.
1251 1040 1277 1065 et
1299 1037 1334 1066 ad
1357 1037 1409 1066 hoc.
1430 1038 1589 1067 faciendum
1611 1039 1760 1068 ordinatur
1786 1048 1836 1078 per
1865 1049 1909 1069 na-

1057 1087 1161 1117 turam,
1185 1092 1238 1112 non
1262 1084 1353 1113 solum
1376 1092 1426 1121 per
1448 1085 1582 1122 gratiam:
1606 1093 1673 1123 ergo
1695 1090 1745 1116 etc.

1135 1130 1161 1158 S.
1184 1130 1266 1164 item,
1289 1139 1339 1168 per
1361 1135 1490 1160 naturam
1507 1132 1571 1169 plus
1586 1136 1661 1161 amat
1676 1134 1820 1163 rationalis
1836 1143 1910 1164 crea-

1055 1180 1119 1205 tura
1139 1186 1273 1214 prcteessc
1304 1187 1389 1216 quam
1422 1179 1558 1213 Sithesse;
1589 1181 1638 1209 sed
1674 1182 1794 1219 Angelus
1822 1183 1907 1212 medii

1055 1224 1162 1253 ordinis
1184 1225 1246 1254 ideo
1277 1225 1391 1260 subest,
1424 1227 1488 1264 quia
1521 1227 1605 1255 hahet
1637 1228 1812 1264 superiores.
1845 1229 1907 1258 ideo

1051 1276 1186 1308 praeest,
1209 1273 1275 1309 quia
1297 1273 1381 1301 hahet
1403 1273 1563 1303 inferiores:
1587 1282 1654 1311 ergo
1676 1276 1698 1303 si
1730 1276 1820 1312 magis
1849 1276 1908 1305 dili-

1055 1319 1093 1355 git
1113 1328 1247 1356 praeesse
1261 1320 1287 1354 Β,
1310 1321 1399 1357 magis
1414 1329 1464 1358 per
1480 1324 1609 1349 naturam
1633 1322 1722 1359 diligit
1744 1322 1847 1351 hahere
1867 1332 1908 1352 or-

1055 1365 1134 1395 dines
1157 1366 1301 1395 inseriores
1322 1375 1407 1404 quam
1430 1369 1608 1405 superiores:
1632 1377 1699 1406 ergo
1720 1373 1771 1398 etc.

1134 1413 1159 1440 9.
1182 1413 1265 1443 Item.
1288 1421 1338 1442 uos
1360 1414 1489 1443 videmus
1510 1415 1537 1443 in
1562 1409 1633 1444 linea
1659 1417 1907 1453 consanguinitatis

1054 1459 1189 1494 carnalis,
1213 1460 1288 1497 quod
1312 1461 1400 1497 magis
1422 1461 1512 1498 diligit
1535 1462 1618 1490 homo
1641 1471 1705 1491 eum
1728 1463 1776 1500 qui
1800 1467 1841 1493 est
1866 1465 1907 1492 iii-

1052 1504 1123 1543 fra,
1145 1515 1230 1543 quam
1252 1515 1317 1535 eum
1340 1508 1387 1545 qui
1409 1512 1451 1537 est
1472 1518 1584 1546 supra„
1608 1510 1651 1538 vel
1674 1510 1777 1544 11111111,
1793 1515 1824 1539 ut
1839 1514 1906 1547 puta

1054 1554 1142 1590 magis
1164 1553 1254 1582 filium
1276 1561 1360 1592 quam
1384 1558 1492 1592 patrem
1515 1556 1559 1584 vel
1582 1556 1713 1586 fratrem.
1743 1560 1769 1585 et
1792 1558 1844 1586 1100
1866 1562 1907 1587 est

1053 1609 1103 1638 per
1125 1605 1273 1630 naturam:
1296 1610 1363 1639 ergo
1385 1603 1497 1631 videtur
1526 1604 1586 1640 pari
1613 1604 1736 1639 ratione,
1769 1605 1845 1642 quod
1879 1606 1906 1634 in

1053 1648 1200 1677 ordinibus
1222 1649 1390 1685 Angelorum
1413 1651 1502 1687 magis
1523 1651 1631 1679 allectio
1657 1655 1837 1681 convertatur
1870 1653 1906 1682 ad

1053 1703 1118 1724 eum
1141 1696 1186 1732 qui
1211 1695 1295 1732 infra
1317 1700 1373 1731 est,
1396 1705 1461 1726 cum
1484 1697 1594 1726 nullum
1617 1698 1653 1726 sit
1675 1698 1818 1727 vinculum
1846 1708 1907 1729 con-

1053 1742 1268 1779 sanguinitatis.
1291 1751 1341 1772 nec
1363 1753 1459 1781 supra
1481 1752 1531 1773 nec
1553 1745 1647 1773 i'mctct.

1371 1847 1586 1868 CONCLUSIO.

1053 1931 1183 1968 Amyclas
1204 1932 1320 1960 ratione
1348 1933 1475 1961 maioris
1505 1933 1572 1961 hom?
1598 1934 1692 1971 optati
1715 1935 1813 1972 11111918
1843 1935 1905 1963 ([1Ἰί-

1128 1979 1173 2016 911
1193 1979 1376 2016 superiorem
1400 1979 1562 2017 Α1196111111;
1593 1981 1708 2009 ratione
1735 1982 1904 2010 intensior-275

1131 2025 1252 2064 affectus
1276 2027 1345 2064 plus
1370 2027 1466 2065 (1111911
1497 2028 1665 2065 aequalem:
1692 2029 1807 2057 ratione
1835 2038 1903 2057 vero

1131 2073 1257 2110 impensi
1277 2074 1407 2111 beneficii?
1428 2074 1496 2111 plus
1518 2075 1615 2112 (liliyz‘t
1636 2074 1815 2112 inferiorem.

1132 2168 1312 2197 Respoxnsso:
1343 2169 1513 2202 Dicendum,
1546 2169 1621 2206 quod
1653 2170 1750 2207 11111918
1782 2170 1902 2208 dz'lz'gyere
1915 2181 2024 2200 0151111110,

1052 2214 1190 2252 aliquem,
1202 2215 1253 2243 hoc
1276 2218 1366 2252 potest
1387 2223 1448 2244 esse
1471 2215 1628 2253 tripliciter:
1651 2220 1700 2244 aut
1716 2217 1821 2246 ratione
1837 2217 1904 2246 bom·

1052 2262 1160 2298 optati,
1187 2266 1235 2290 aut
1263 2262 1392 2291 ratione⁰
1414 2261 1535 2300 affectus
1562 2263 1686 2297 intensi,
1715 2266 1764 2291 aut
1795 2265 1902 2293 ratione

1052 2308 1167 2346 effeetus
1189 2309 1320 2346 impensi.

1132 2356 1244 2384 Ratione
1267 2356 1335 2384 bom?
1355 2356 1446 2392 optati
1468 2356 1571 2385 dicitur
1592 2357 1655 2393 quis
1670 2356 1790 2394 aliquem
1814 2358 1902 2395 magis

1053 2402 1185 2439 diligere,
1208 2402 1321 2439 quando
1344 2403 1434 2431 maius
1456 2402 1560 2431 honum
1577 2406 1669 2440 optat:
1691 2408 1717 2432 et
1739 2404 1778 2432 sic
1799 2404 1902 2433 dicitur

1054 2448 1170 2485 diligere
1194 2449 1299 2486 11111913,
1323 2449 1388 2486 quia
1409 2452 1450 2477 ad
1470 2449 1578 2477 vnaius.
1601 2450 1654 2492 lloc
1676 2451 1759 2479 modo
1781 2451 1900 2480 naturali

209 2576 216 2590 1
235 2577 294 2599 Multi
313 2576 380 2598 codd.
398 2583 450 2598 cum
469 2576 523 2599 edd.
545 2577 567 2604 1,
587 2577 599 2598 2
616 2576 729 2606 [liliam-et.

208 2615 217 2629 2
235 2616 266 2637 De
284 2615 377 2638 Caelesti
395 2616 511 2638 Hierareh.
530 2622 549 2638 e.
568 2616 588 2637 3.
607 2616 620 2644 ξς
638 2616 666 2643 ⁶2:
686 2622 704 2637 c.
722 2616 744 2637 7.
763 2618 776 2644 ζ,
794 2616 822 2643 3;
849 2622 867 2637 c.
895 2616 915 2637 9.
941 2615 955 2644 *3,
973 2616 993 2637 2.

145 2658 165 2677 et
183 2661 201 2676 c,
225 2655 265 2681 10,
283 2654 322 2677 uhi
342 2654 419 2682 (locet⁷
439 2655 502 2683 quod
520 2656 541 2676 hi
560 2658 605 2676 tres
622 2659 702 2677 actus:
719 2661 840 2684 purqrtre,
856 2654 994 2677 illuminare

145 2696 166 2715 et
183 2693 294 2722 perficere
312 2694 452 2715 conveniunt
470 2694 562 2721 Angelis
580 2697 629 2715 ium
647 2693 775 2715 secundum
794 2694 899 2715 ordinem
912 2694 994 2715 hierar-

146 2733 222 2757 chiae,
241 2737 288 2754 ium
315 2732 443 2754 secundum
470 2732 644 2760 dIspositionem
671 2732 779 2754 ordinum
803 2733 824 2754 in
852 2733 994 2759 hierarchia,

145 2774 193 2793 tum
207 2770 334 2793 secundum
348 2771 520 2798 dispositionem
538 2777 689 2798 personarum
708 2772 729 2792 in
742 2771 833 2798 ordine,
847 2772 874 2793 itu
887 2771 993 2800 quidem,

146 2813 170 2832 ut
187 2810 261 2837 prima
280 2810 405 2831 hierarc-hia
424 2811 452 2832 sit
475 2813 561 2832 tantum
589 2816 600 2831 a
627 2809 674 2831 Deo
700 2809 837 2837 illuminata,
865 2810 995 2832 illuminans

146 2849 245 2871 mediam
264 2852 286 2870 et
303 2849 418 2873 ultimam:
435 2849 510 2870 medin
529 2852 604 2871 nutem
632 2850 659 2870 sit
684 2849 807 2870 illuminata
834 2856 846 2870 a
874 2850 946 2876 primu
973 2853 994 2871 et

146 2889 277 2910 illuminans
295 2888 398 2910 tertiam:
418 2888 480 2909 tertia
499 2887 591 2909 tandem
609 2888 637 2909 sit
654 2887 790 2915 illuminata,
808 2894 852 2910 non
865 2889 995 2910 illuminans

146 2928 245 2956 aliquam
276 2928 426 2949 hierarchiam
453 2927 590 2954 angelicam,
621 2927 662 2949 sed
693 2930 778 2949 tantum
809 2928 992 2950 ecclesiasticam.

147 2967 217 2988 Simili
235 2966 305 2988 modo
323 2970 355 2988 est
373 2966 401 2988 de
419 2965 539 2988 ordinibus
562 2967 582 2988 in
610 2967 735 2988 hierarchia
753 2969 774 2988 et
799 2966 827 2989 de
846 2968 949 2994 personis
971 2968 992 2989 in

1052 2577 1179 2599 ordinibus.
1202 2578 1266 2600 Ratio
1293 2579 1416 2606 praecipua
1441 2578 1493 2600 inde
1519 2579 1624 2606 sumitur,
1643 2579 1706 2608 quod
1729 2580 1834 2602 inferiora
1860 2587 1901 2608 per

1052 2617 1170 2644 superiora
1190 2617 1329 2639 reducantur
1346 2617 1376 2639 ad
1395 2617 1474 2639 Deum.
1492 2629 1523 2633 —-
1540 2618 1561 2639 ln
1580 2617 1670 2640 minori
1694 2622 1746 2647 post
1770 2619 1901 2648 sapei-toras

1052 2654 1143 2677 ordinis
1160 2655 1210 2677 cod.
1231 2655 1245 2676 L
1263 2655 1382 2683 subiungit
1399 2655 1476 2685 11111913
1493 2655 1637 2686 firmandus,
1658 2657 1713 2686 quia
1735 2657 1841 2687 Angelus
1863 2664 1901 2681 szt-

1050 2693 1151 2722 peri'oris
1169 2693 1268 2716 ordinis.

1114 2732 1124 2747 3
1141 2732 1184 2755 Cir.
1204 2736 1291 2761 quaest.
1310 2733 1416 2761 praeced.

1114 2771 1123 2785 ⁴
1142 2772 1205 2794 Yers.
1229 2773 1260 2794 19.
1279 2785 1309 2788 —
1327 2773 1348 2794 ln
1368 2772 1411 2795 sinc
1429 2780 1477 2801 arg.
1496 2773 1546 2796 cod.
1560 2774 1579 2802 Q
1597 2775 1623 2799 (a
1637 2775 1658 2796 ⁴2.
1671 2780 1750 2799 manu)
1763 2775 1825 2798 addit
1838 2782 1899 2798 eam.

1114 2810 1124 2824 ⁵
1141 2810 1184 2832 Cir.
1204 2811 1305 2839 Ariston,
1325 2811 1377 2833 Vlll.
1400 2812 1469 2833 Ethic.
1488 2818 1506 2834 c.
1524 2812 1545 2834 5.
1564 2816 1586 2834 et
1607 2813 1641 2835 12.

1114 2849 1124 2863 6
1142 2849 1200 2872 Vide
1219 2850 1318 2878 Dionys.⁷
1337 2850 1365 2872 <lc
1382 2851 1465 2873 Eccles.
1484 2851 1599 2874 Hierarch.
1618 2858 1636 2874 c.
1659 2853 1675 2874 1.
1694 2852 1706 2881 §3
1725 2853 1745 2875 Ξ.
1763 2859 1827 2882 seqq.

1115 2888 1125 2902 ⁷
1142 2890 1250 2916 Gregor¹7
1269 2890 1290 2911 in
1308 2889 1395 2917 Evang.
1414 2891 1475 2912 hom.
1494 2890 1530 2912 30.
1550 2897 1570 2912 n.
1594 2891 1610 2912 1.

1114 2927 1123 2942 8
1142 2928 1162 2950 ln
1182 2928 1232 2950 cod.
1252 2929 1270 2950 T
1289 2929 1381 2951 additur
1398 2936 1471 2959 quom
1487 2929 1588 2953 subesse.

1114 2967 1123 2981 ⁹
1142 2968 1190 2989 Vax.
1210 2974 1263 2990 cum
1282 2974 1327 2990 non
1346 2970 1425 2996 paucis
1443 2969 1510 2991 codd.
1528 2970 1610 2992 omittit
1628 2970 1725 2993 ratione.
