2243 3425
162 237 193 263 ut
214 235 241 262 in
264 235 430 271 corporibus
446 235 694 272 corruptibilibus,
709 241 758 265 aut
779 237 815 265 ad
836 237 928 265 sitam
950 241 1011 266 tan-

163 285 239 315 tum,
262 285 293 310 ut
319 282 346 310 in
378 283 585 319 superioribus3
617 287 666 312 aut
691 284 726 312 ad
758 285 948 321 receptionem
971 285 1011 313 iiz-

161 327 300 365 J‘luentiae
321 333 348 357 et
369 329 531 364 habituum,
554 333 581 358 et
598 330 822 367 perclitioitem¹,
844 335 876 359 ut
897 331 924 359 in
948 331 1011 359 sub-

162 375 270 404 stantiis
291 375 494 412 spiritualibus.
524 376 555 405 Et
583 377 739 405 secundum
761 377 833 406 hanc
855 377 1011 406 considera-

0 445 9 482 »zv

161 469 274 503 bilibus,
285 469 386 497 intutis
393 469 516 506 proprie
527 470 555 498 in
564 470 730 507 corporibus
739 470 1009 507 incorruptibilibus,

161 516 281 544 mi'nime
309 516 336 544 in
366 516 511 553 spiritibus
532 533 571 537 -
595 521 622 545 et
651 517 715 545 inde
737 517 820 545 etiam
846 519 900 551 est,
933 517 1008 554 quod

161 563 294 592 dicuntur
332 563 482 600 aliquando
512 563 740 597 immateriales,
773 564 838 601 quia
861 564 1009 592 minimum

160 610 264 639 habent
293 610 327 639 de
356 611 408 639 hac
437 610 619 647 possibilitate
646 628 685 631 —
707 614 734 639 et
765 611 921 640 secundum
955 611 1008 640 hoc

21 661 147 703 dffitciggffiu-
159 657 278 685 materia
298 660 340 686 est
356 656 492 685 infimum.
516 658 547 686 Et
568 657 594 685 hi
619 665 673 686 non
688 661 845 694 posuerunt
860 658 1007 686 materiam

131 698 134 702 ’
158 712 269 737 unam,
291 704 423 741 quoniam
445 704 563 732 materia
585 704 612 732 in
635 704 744 741 Angelis
766 712 819 732 non
842 704 927 733 habet
948 712 1009 741 pos-

158 750 317 779 sibilitatem
342 751 376 779 ad
398 751 661 780 transmutationem
692 751 848 780 formarum
882 751 1008 780 substan-

158 798 266 826 tialium
294 805 345 826 nec
375 801 417 826 est
448 798 588 834 possibilis
619 798 655 827 ad
687 799 880 835 recipiendum
902 799 1007 828 formas

158 844 326 882 corporales.
361 845 390 873 Et
421 845 485 874 inde
514 849 571 879 est,
601 846 676 882 quod
709 846 775 874 dicit
807 846 1006 883 Philosophus,

157 892 231 929 quod
255 892 444 929 spiritualium
466 895 493 921 et
520 892 709 929 corporalium
736 901 788 921 non
819 896 860 921 est
889 894 1006 922 materia

156 939 244 973 una2,
267 939 447 968 considerans
478 939 629 977 potentiam
661 940 796 969 materiae
822 941 849 969 in
872 941 1005 970 relatione

156 987 191 1016 ad
213 987 332 1015 sormam
354 990 386 1016 ut
406 987 548 1015 mobilem.

0 1035 11 1062 51
234 1035 275 1063 Ex
297 1034 340 1063 his
372 1037 448 1072 patet
476 1035 546 1063 ratio
578 1035 749 1064 diversitatis
771 1039 798 1064 et
829 1036 874 1064 via
903 1036 1003 1065 harum

47 1086 141 1111 Epilogus·
155 1081 340 1118 positionum,
363 1085 389 1111 et
410 1082 485 1119 quod
509 1090 607 1111 verum
627 1082 724 1112 dicunt
739 1083 895 1112 secundum
917 1084 1006 1113 diver-

156 1136 201 1157 sas
222 1128 282 1157 vias
307 1131 335 1157 et
363 1129 519 1157 secundum
545 1129 673 1158 diversos
704 1130 803 1159 modos
823 1130 1004 1168 intelligendi.

157 1175 187 1203 Et
209 1175 247 1204 sic
270 1179 389 1204 currunt
411 1175 540 1205 diversae
561 1176 695 1211 rationes,
717 1180 744 1205 et
765 1177 946 1206 auctoritates
968 1178 1005 1206 in-

155 1223 307 1251 veniuntur
336 1223 371 1251 ad
399 1226 493 1260 partes
525 1223 674 1260 oppositas.
705 1223 736 1252 Et
763 1227 839 1260 patet
860 1225 1004 1262 responsio

155 1269 337 1298 obiectorum.
360 1270 413 1299 Nec
435 1273 476 1298 est
497 1270 694 1304 contradictio,
717 1271 739 1299 si
755 1271 818 1307 quis
833 1274 907 1300 recte
929 1272 1005 1300 intel-

156 1316 223 1354 ligat
246 1320 405 1353 utramque.

234 1363 283 1392 Vel
304 1364 385 1392 aliter
406 1367 498 1400 potest
520 1364 590 1398 dici,
612 1364 688 1401 quod
717 1372 782 1392 cum
804 1364 947 1401 loquimur
969 1366 1003 1394 de

15 1417 98 1437 Secunda
108 1411 260 1440 munitate
282 1411 430 1445 materiae,
454 1411 597 1448 loquimur
619 1411 653 1439 de
682 1411 757 1447 ipsa,
778 1415 863 1448 prout
884 1412 919 1441 ad
941 1420 1002 1441 eam

6 1489 8 1492 .
154 1461 207 1487 stat
235 1458 368 1487 resolutio
398 1458 644 1496 principiatorum;
677 1458 740 1487 ideo
767 1458 922 1495 tripliciter
943 1467 1004 1496 pos-

7 1495 87 1545 2'fragia
97 1515 144 1539 rano
154 1514 253 1535 sumus
269 1506 358 1543 loqui,
374 1506 530 1534 secundum
553 1505 627 1543 quod
651 1509 708 1534 tres
730 1508 809 1540 sunt,
825 1506 873 1543 qui
889 1506 1002 1541 docent,

6 1542 7 1554 ³
27 1536 137 1555 mmm
152 1553 351 1582 resolutionem
373 1553 464 1582 facere
492 1553 527 1581 ad
560 1553 730 1590 principium
754 1554 907 1582 materiale.
934 1554 1000 1582 Nam

151 1601 186 1629 ad
209 1600 353 1629 materiam
377 1600 491 1629 resolvit
512 1600 680 1634 naturalis,
703 1601 751 1637 qui
774 1600 931 1629 considerat
960 1609 1002 1638 ge-

151 1647 323 1676 nerationem
346 1650 373 1676 et
394 1647 619 1684 corruptionemg
644 1647 679 1676 ad
702 1655 763 1676 eam
786 1648 901 1676 resolvit
930 1647 1000 1686 plns-

150 1694 230 1722 sicas
252 1694 447 1728 liniter-salis,
470 1694 517 1731 qui
540 1694 698 1723 considerat
719 1703 801 1724 omne
823 1703 926 1732 corpus
946 1703 1002 1723 mo-

150 1742 205 1770 bile
232 1742 290 1771 sive
312 1742 347 1770 ad
369 1742 470 1775 situm,
493 1742 551 1771 sive
576 1742 612 1771 ad
634 1742 767 1777 formam,
799 1743 834 1771 ad
867 1751 929 1771 eam
961 1751 1002 1772 re-

151 1788 232 1817 solvit
253 1787 485 1826 metaphysica&
508 1788 555 1826 qui
577 1789 736 1817 considerat
762 1797 844 1818 omne
877 1797 940 1818 ens:
974 1793 1001 1818 et

149 1836 344 1873 unusquisque
366 1836 481 1865 resolvit
509 1836 666 1865 secundum
694 1837 910 1874 amplitudinem
932 1845 1000 1866 suae

150 1883 388 1912 considerationis.

229 1930 296 1958 Nam
315 1929 478 1967 pltissicus³
499 1929 642 1967 inferior,
676 1931 723 1968 qui
745 1931 903 1968 negotiatur
926 1932 1000 1961 circa

29 1983 136 2009 Explicatur
149 1977 355 2014 generationem
379 1980 406 2006 et
420 1978 639 2015 corruptionem„
662 1978 821 2007 considerat
843 1979 999 2013 materiam,

11 2008 134 2049 {ffilssssssfflfigff
148 2028 180 2053 ut
200 2027 241 2053 est
263 2025 433 2062 principium
453 2025 653 2062 qeizeratioitis
676 2028 702 2054 et
731 2025 951 2062 corriqitiom's,-
972 2029 999 2054 et

149 2072 187 2100 sic
209 2075 251 2100 est
272 2072 363 2101 solum
386 2072 413 2100 in
436 2072 479 2100 his
501 2072 688 2101 inferioribus.
707 2073 736 2101 Et
752 2073 883 2110 quoniam
906 2073 1000 2101 omnia

149 2119 214 2147 talia
242 2122 307 2148 sunt
335 2119 370 2148 ad
403 2119 522 2148 invicem
554 2120 795 2155 transmutabilia,
822 2120 885 2149 ideo
908 2120 999 2148 solum

1 681 8 694 >⁷

148 2213 226 2242 lium.
248 2231 287 2233 —
309 2213 456 2251 Phys-sicus
481 2214 618 2251 superior
647 2215 804 2243 considerat
834 2215 922 2252 ipsam
945 2223 999 2243 ma-

34 428 146 447 Notandum-
161 423 265 451 tionem
283 422 406 459 proprie
427 426 469 451 est
490 423 607 452 materia
628 424 656 452 in
677 423 843 460 corporibus
875 424 1011 460 corrupti-

149 2166 215 2195 dicit
235 2166 352 2195 eandem
375 2167 522 2195 materiam
551 2167 755 2204 generabilium
786 2170 813 2196 et
834 2168 1001 2205 corruptibi-

748 158 832 187 DIST.
854 159 893 187 111.
916 159 943 188 P.
965 160 983 187 l.
1006 160 1078 188 ART.
1100 160 1118 188 Ι.
1141 161 1277 197 QUAEST.
1300 161 1328 189 ΙΙ.
1880 168 1917 195 97

1069 239 1168 267 teriam
1191 239 1354 269 mutabilem
1382 241 1440 269 sive
1461 241 1496 270 ad
1511 241 1619 276 situm,
1635 243 1693 271 sive
1718 243 1753 272 ad
1774 243 1917 280 formam,

1069 288 1096 313 et
1117 286 1193 314 videt
1214 286 1331 315 eandem
1344 286 1352 301 ⁴
1380 287 1538 324 passionem
1568 288 1595 316 in
1625 288 1805 319 inferioribus
1826 294 1853 320 et
1874 299 1918 320 su—

1068 332 1241 368 perioribus,
1263 341 1313 370 per
1335 341 1419 370 quam
1448 334 1595 364 mutabilia
1616 339 1682 365 sunt
1703 337 1737 365 ad
1760 337 1864 371 situm,
1886 341 1918 367 ut

1068 379 1277 415 partibilitatem
1301 381 1426 415 mobilis,
1448 382 1529 411 cuius
1543 382 1713 420 principium
1730 388 1771 412 est
1786 385 1917 421 materia3

1068 428 1095 453 et
1117 425 1179 454 ideo
1201 427 1316 455 resolvit
1337 428 1372 456 ad
1394 429 1541 458 materiam
1563 430 1654 459 omnis
1684 431 1724 459 rei
1747 432 1916 469 corporalis,

1068 474 1095 500 et
1116 473 1271 501 secundum
1294 474 1369 503 hunc
1390 475 1537 512 physicum
1560 479 1602 505 est
1623 477 1720 506 eadem
1750 479 1867 507 materia
1889 480 1916 508 in

1067 519 1198 547 omnibus
1221 520 1424 558 corporalibus.
1446 539 1485 542 —
1513 522 1730 561 illetaqaliysieits
1759 526 1917 555 considerat

1066 568 1211 594 nataram
1233 567 1328 595 omnis
1350 572 1523 603 creaturae,
1546 573 1573 598 et
1595 571 1719 600 maxime
1744 573 1916 602 substantiae

1066 620 1117 649 per
1139 621 1168 641 se
1190 613 1276 647 entis,
1306 614 1331 642 in
1361 623 1418 652 qua
1446 619 1488 644 est
1509 617 1688 646 considerare
1714 621 1741 647 et
1762 623 1855 648 actum
1878 628 1918 649 es-

1067 660 1161 693 sendi,
1184 664 1211 689 et
1233 660 1308 689 hunc
1330 661 1378 690 dat
1405 660 1525 698 forma;
1556 666 1583 692 et
1613 665 1793 694 stabilitatem
1815 675 1865 704 per
1887 676 1916 697 se

1066 707 1221 741 existendi,
1243 710 1271 736 et
1291 708 1363 737 hanc
1385 709 1432 737 dat
1462 713 1490 738 et
1520 714 1644 747 praestat
1673 712 1742 741 illud
1772 713 1817 741 cui
1848 714 1916 743 inni-

1068 753 1134 782 titur
1155 753 1261 788 sorma;
1290 754 1341 783 hoc
1370 758 1411 783 est
1432 757 1568 785 materia.
1597 757 1627 786 Et
1659 759 1791 795 quoniam
1811 769 1865 797 per
1886 770 1916 789 se

1065 809 1124 828 esse
1146 801 1172 829 in
1194 801 1389 838 spiritualibus
1410 806 1437 831 et
1458 804 1653 840 corporalibus
1675 805 1742 834 dicit
1763 808 1916 836 communi-

1065 851 1166 883 tatem,
1181 857 1236 877 non
1251 849 1523 886 aequivocationem,
1545 855 1572 880 et
1587 853 1815 883 communitatem
1835 864 1916 892 yene-

1064 895 1109 923 ris
1130 899 1157 923 et
1183 896 1246 929 rei,
1278 904 1333 925 non
1361 897 1519 935 ctriialo‘qiae
1545 898 1679 933 solam⁵;
1712 900 1775 929 ideo
1806 905 1915 938 oportet

1064 950 1213 971 recurrere
1245 943 1278 971 ad
1316 943 1445 981 principii
1478 945 1632 978 unitatem;
1665 946 1727 975 ideo
1759 948 1915 977 secundum

1064 989 1286 1026 metaphysicum
1303 990 1332 1018 in
1353 991 1484 1019 omnibus
1506 999 1556 1029 per
1571 1000 1601 1021 se
1616 993 1728 1023 entibus
1749 998 1791 1023 est
1811 1003 1915 1032 ponere

1064 1036 1198 1065 unitatem
1222 1037 1364 1066 materiae.

1143 1083 1275 1111 Omnium
1311 1084 1429 1113 istorum
1465 1085 1699 1123 philosophorum
1729 1089 1914 1118 consideratio
1928 1097 2019 1125 iudicium
2033 1098 2057 1117 de

1064 1137 1130 1158 vera
1145 1134 1201 1164 est,
1218 1131 1265 1159 sed
1281 1131 1443 1160 differenter
1456 1132 1590 1161 iudicant.
1608 1133 1753 1171 Plus-sicas
1768 1136 1842 1165 enim
1858 1145 1912 1165 non
1951 1121 1986 1141 Μ’
2010 1155 2015 1159 -

1064 1176 1145 1211 dicit,
1167 1177 1285 1205 eandem
1307 1185 1368 1206 esse
1390 1179 1537 1207 materiam
1559 1180 1613 1209 nisi
1635 1181 1663 1209 in
1686 1183 1880 1219 corporalibus
1894 1183 1913 1218 Β,

1063 1224 1129 1261 quia
1154 1232 1299 1261 nunquam
1331 1225 1407 1253 venit
1438 1226 1473 1254 ad
1506 1227 1743 1257 considerandum
1764 1230 1913 1259 materiam

1064 1272 1219 1300 secundum
1242 1273 1414 1306 essentiam,
1437 1273 1484 1302 sed
1509 1274 1600 1302 solum
1623 1276 1779 1304 secundum
1795 1286 1872 1311 esse;
1886 1281 1913 1306 et

1062 1319 1169 1356 absque
1191 1319 1277 1348 dubio
1298 1320 1412 1356 aliquod
1444 1329 1503 1349 esse
1536 1321 1620 1350 babet
1652 1322 1679 1350 in
1702 1324 1912 1360 corporalibus,

1063 1367 1137 1403 quod
1160 1375 1214 1395 non
1243 1367 1270 1394 in
1303 1367 1511 1404 spiritualibus,
1543 1372 1570 1397 et
1591 1369 1705 1406 aliquod
1727 1371 1753 1398 in
1777 1372 1913 1408 corrupti—

1063 1413 1182 1447 bilibus,
1204 1414 1279 1450 quod
1302 1422 1356 1442 non
1378 1415 1405 1442 in
1422 1414 1691 1452 incorruptibilibus.
1707 1434 1745 1437 —
1767 1417 1913 1456 Metapby-

1061 1460 1142 1488 sicas
1164 1468 1231 1489 vero
1252 1469 1307 1489 non
1329 1464 1437 1490 tantum
1467 1463 1623 1491 secundum
1646 1473 1721 1498 esse,
1745 1465 1793 1494 sed
1817 1473 1913 1495 secun-

1062 1507 1130 1536 dum
1152 1507 1307 1536 essentiam
1320 1508 1328 1521 ⁷
1352 1509 1527 1543 consideratg
1542 1513 1569 1538 et
1584 1511 1658 1547 quia,
1673 1511 1814 1541 abstracto
1835 1513 1910 1542 omni

1061 1562 1136 1588 esse,
1160 1562 1213 1582 non
1236 1558 1277 1583 est
1299 1555 1424 1592 reperire
1446 1563 1496 1585 nec
1525 1557 1608 1585 etiam
1640 1557 1746 1595 fingere
1768 1559 1912 1589 diversita-

1061 1603 1117 1629 tem
1142 1601 1168 1629 in
1197 1601 1313 1630 materia
1320 1613 1327 1635 ;
1360 1602 1423 1631 ideo
1455 1603 1536 1638 dicit,
1558 1611 1619 1633 esse
1642 1613 1726 1633 unam
1749 1614 1800 1643 per
1821 1614 1912 1636 essen-

1060 1648 1136 1676 tiam.

1140 1696 1170 1723 lit
1192 1695 1267 1727 ideo,
1289 1704 1354 1725 cum
1376 1697 1448 1726 hanc
1470 1698 1663 1735 quaestionem
1686 1703 1787 1729 tractat
1808 1701 1911 1730 theolo-
1939 1708 1988 1731 Quid
2002 1707 2054 1726 dicat

1058 1750 1127 1779 gns,
1149 1747 1198 1772 aut
1218 1746 1371 1780 pertractat
1393 1752 1454 1773 eam
1477 1745 1550 1774 sicut
1577 1747 1746 1781 naturalis,
1759 1751 1817 1786 ¹aut
1839 1749 1911 1777 sicut
1925 1732 2028 1755 mm‘ffl'

1057 1789 1292 1828 iiietapliysieus,
1327 1791 1394 1828 quia
1429 1792 1488 1829 ipse
1523 1795 1614 1829 potest
1649 1794 1776 1831 accipere
1812 1796 1910 1824 modos

1057 1837 1183 1865 omnium
1206 1838 1402 1873 scientiarum,
1425 1847 1490 1868 cum
1512 1840 1537 1869 ei
1552 1840 1735 1870 famulentur.
1759 1842 1783 1870 Si
1807 1846 1839 1871 ut
1859 1852 1911 1871 ‘na-

1058 1884 1176 1918 laralia,
1193 1885 1231 1913 sic
1247 1885 1336 1920 dicet,
1358 1894 1413 1914 non
1434 1895 1495 1916 esse
1510 1888 1645 1923 eandem;
1667 1889 1690 1917 si
1712 1893 1743 1918 ut
1763 1889 1910 1928 metaphy-

1056 1932 1146 1965 sicas,
1169 1932 1241 1961 dicet
1263 1933 1380 1962 eandem
1396 1941 1457 1963 esse
1471 1943 1522 1972 per
1537 1936 1709 1970 essentiam,
1733 1937 1907 1966 disserentem

1057 1979 1212 2008 secundum
1235 1988 1302 2008 esse.
1325 1981 1356 2009 Et
1384 1982 1516 2018 quoniam
1545 1983 1675 2011 nobiliori
1699 1984 1782 2012 modo
1804 1985 1908 2013 iudicat

1057 2026 1265 2063 metaphysicus
1286 2036 1371 2064 quam
1395 2028 1525 2057 scientiae
1547 2029 1708 2065 inferiores,
1732 2031 1793 2059 ideo
1815 2031 1844 2059 hi
1859 2032 2016 2068 quisssfflcfflsio
2032 2047 2049 2069 Ξ,

1059 2077 1214 2110 posuerunt
1236 2075 1381 2103 materiam
1404 2076 1520 2104 eandem
1544 2077 1570 2104 in
1593 2077 1788 2113 spiritualibus
1809 2081 1836 2107 et
1851 2086 1908 2107 cor·
1934 2070 2029 2095 ’“fflemns‘

1058 2121 1215 2158 poralibus,
1237 2122 1321 2151 altius
1342 2122 1451 2157 elevati,
1466 2123 1568 2152 melius
1584 2124 1790 2157 iudicaverunt,
1813 2134 1909 2163 quam-

1058 2168 1100 2197 vis
1122 2168 1277 2197 secundum
1304 2169 1431 2198 diversas
1463 2170 1699 2200 considerationes
1728 2172 1842 2209 utrique
1863 2181 1910 2209 po-

1057 2215 1164 2243 tuerint
1185 2214 1278 2243 dicere
1300 2223 1409 2251 verum,
1431 2219 1462 2244 ut
1484 2217 1564 2253 prius
1585 2220 1729 2246 ostensum
1752 2221 1801 2247 est.

212 2346 217 2360 1
237 2346 292 2368 Cod.
311 2347 327 2368 U
347 2346 404 2369 bene
423 2347 486 2369 addit
503 2353 593 2370 eoram.
613 2348 681 2369 Paulo
694 2348 789 2371 interius
801 2350 934 2371 auctum-itate
947 2349 997 2370 cod.

148 2392 173 2408 cc
190 2390 212 2408 ct
229 2386 258 2408 ed
288 2386 292 2407 1
316 2387 436 2413 posuimus
458 2386 597 2415 corporibus
616 2386 809 2416 corruptibilibus
828 2394 869 2415 pro
888 2393 999 2417 corpora·

149 2424 209 2448 libus
226 2426 248 2447 ct
265 2424 474 2453 corruptibilibus,
494 2425 557 2454 quod
576 2426 625 2448 Vnt.
645 2432 697 2448 cum
716 2427 765 2448 aliis
783 2433 837 2449 mss.
856 2428 932 2449 minus
947 2433 998 2449 con-

148 2471 205 2494 grue
224 2464 299 2487 habet.

210 2504 219 2518 ‘³
237 2505 340 2531 Ariston,
360 2504 412 2525 Vlll.
432 2504 528 2532 Metnph.
547 2507 597 2527 text.
621 2505 645 2526 1-2
667 2504 722 2531 (Vll.
735 2510 754 2526 c.
768 2504 799 2528 4.)
811 2506 856 2527 ait:
873 2505 918 2527 «ln
936 2508 997 2527 natu-

148 2543 234 2565 ralibus
252 2544 321 2570 igitur
338 2546 359 2565 ct
376 2542 548 2570 sonorabilibus
560 2542 692 2565 substantiis
711 2549 803 2565 necesse
821 2547 855 2565 est
872 2544 901 2565 ita
919 2550 997 2571 proce-

147 2583 208 2607 dere,
228 2583 245 2604 si
264 2583 315 2611 quis
335 2585 394 2604 recte
421 2582 552 2610 procedet...
573 2582 604 2604 De
621 2582 764 2604 naturalibus
781 2585 870 2609 autem,
889 2583 930 2605 sed
948 2589 996 2611 pcr-

148 2623 222 2649 pctuis
240 2621 372 2644 substantiis
397 2621 438 2643 alia
457 2622 513 2643 ratio
530 2624 578 2649 est3
598 2622 699 2644 fortassis
716 2622 800 2644 etenim
818 2622 933 2650 quaedam
951 2628 995 2644 non

147 2660 232 2682 habeut
248 2661 375 2688 materiam,
388 2664 483 2683 autnon
503 2661 585 2687 talem,
604 2661 644 2683 sed
662 2661 736 2683 solum
754 2667 813 2689 quae
825 2661 954 2683 secundum
967 2661 996 2683 lo-

147 2705 199 2721 cum
218 2699 310 2721 mobilis
327 2702 360 2721 nst
374 2709 394 2721 υ.
414 2701 528 2722 averroes
545 2706 616 2727 super
628 2701 689 2722 hunc
707 2700 783 2722 locum
801 2700 869 2722 dicit:
888 2699 996 2722 Substan-

147 2740 189 2760 tiac
211 2744 267 2760 vero
294 2742 412 2767 aeternae,
430 2740 482 2767 quia
502 2740 523 2760 in
542 2740 574 2761 eis
592 2745 635 2761 non
655 2743 688 2761 est
705 2740 805 2767 potentia
822 2739 851 2761 ad
870 2742 995 2768 corruptio-

147 2783 211 2803 nemv
231 2783 275 2799 non
293 2781 325 2799 cst
344 2778 365 2799 in
384 2779 416 2799 cis
434 2779 543 2805 materia,
569 2778 609 2799 sed
636 2778 729 2799 materia
756 2784 835 2799 earum
858 2781 891 2800 cst
909 2779 995 2807 aliquid

146 2817 243 2838 existens
260 2816 281 2837 in
300 2819 362 2842 cit-itt,
382 2816 428 2838 scil.
447 2822 549 2844 corpus3
568 2816 619 2838 ideo
640 2816 732 2844 dignius
749 2816 833 2838 habent
851 2817 894 2839 hoc
912 2823 994 2839 nomen

145 2853 276 2877 subiectam
302 2861 372 2883 quam
390 2855 433 2877 hoc
451 2861 534 2877 nomen
552 2855 677 2877 imiteria...
696 2856 750 2877 istae
769 2855 908 2878 substantiae
926 2857 995 2878 caele-

145 2897 191 2916 stes
208 2900 253 2915 non
271 2893 355 2916 habent
381 2895 513 2919 materiam,
531 2895 578 2916 scil.
596 2895 649 2923 quia
668 2900 712 2915 non
735 2898 788 2917 sunt
804 2896 945 2922 compositae
967 2902 994 2917 cx

146 2934 240 2955 materia
258 2936 279 2955 et
297 2933 382 2959 torma,
401 2933 441 2955 sed
459 2939 486 2954 ex
503 2939 600 2961 corpore
617 2937 639 2956 et
656 2934 727 2955 soi-ma
742 2934 839 2956 animata
853 2934 993 2962 intelligibili,

147 2978 191 2994 non
210 2973 237 2994 ita
257 2973 318 3001 quod
337 2973 412 2994 anima
431 2973 458 2995 sit
476 2978 512 2995 res
530 2973 640 3000 animata,
658 2978 702 2994 non
721 2973 749 2995 ita
768 2973 831 3001 quod
849 2973 891 2995 illic
909 2976 943 2995 est
958 2974 994 2995 ali-

272 3015 296 3039 S.
316 3016 404 3038 Bonae.
422 3028 454 3032 -
471 3016 538 3038 Tom.
556 3016 579 3038 11.

1056 2349 1123 2377 quid,
1143 2349 1205 2378 quod
1223 2349 1338 2370 animatur
1355 2356 1396 2377 per
1414 2350 1513 2371 animam
1532 2353 1570 2372 aut
1582 2351 1640 2372 vivit
1651 2357 1693 2378 per
1704 2352 1787 2379 vitain,
1801 2351 1842 2373 scd
1854 2355 1907 2375 sunt

1056 2389 1153 2409 animata
1172 2394 1213 2415 pei·
1231 2394 1254 2409 sc
1272 2391 1294 2409 et
1311 2389 1387 2410 vira...
1407 2391 1428 2410 et
1446 2388 1497 2410 idco
1515 2389 1569 2411 dicit
1588 2389 1740 2418 Themtstius,
1759 2391 1822 2419 quod
1840 2391 1907 2413 solet

1055 2427 1107 2449 luna
1126 2430 1147 2449 ct
1164 2427 1240 2449 stellae
1258 2430 1297 2449 aut
1314 2430 1367 2449 sunt
1384 2427 1471 2450 formae
1494 2429 1542 2450 sine
1565 2430 1679 2458 materiisy
1702 2433 1741 2453 aut
1758 2430 1843 2453 hubent
1860 2437 1905 2453 nia-

1055 2467 1122 2488 tcrias
1148 2472 1189 2493 per
1215 2467 1440 2495 aequivocationem,
1459 2468 1517 2489 sicut
1534 2471 1568 2490 est
1585 2468 1705 2496 dispositio
1723 2470 1744 2491 iii
1763 2471 1857 2492 materia
1875 2471 1905 2492 in-

1055 2505 1162 2527 tellectus.

1116 2544 1125 2558 3
1143 2544 1193 2567 Vnt.
1212 2545 1248 2567 hic
1266 2548 1287 2567 ct
1304 2545 1325 2566 in
1344 2551 1408 2573 seqq.
1426 2545 1512 2572 pluries
1529 2545 1684 2575 philosophus
1702 2553 1744 2574 pro
1760 2546 1880 2576 physicas.

1117 2582 1125 2596 ⁴
1145 2583 1222 2605 Plures
1239 2583 1306 2605 codd.
1326 2586 1350 2605 ut
1367 2584 1385 2605 l(
1397 2583 1416 2605 Χ
1428 2584 1482 2606 Yaa
1495 2590 1657 2613 communem,
1674 2585 1752 2613 plures
1769 2586 1804 2608 alii
1822 2592 1904 2615 perpe-

1054 2627 1102 2643 ram
1116 2627 1216 2644 oiiinem.

1116 2660 1125 2674 ⁵
1143 2660 1187 2683 Csr.
1206 2662 1312 2689 Aristot.⁷
1331 2662 1357 2684 V.
1377 2662 1473 2690 Metaph.
1492 2665 1544 2685 text.
1567 2663 1600 2685 12.
1619 2663 1664 2689 (IV.
1683 2669 1702 2685 c.
1721 2663 1760 2690 6.).

1115 2700 1124 2714 ⁶
1141 2700 1189 2722 Non
1208 2702 1274 2728 pauci
1292 2701 1360 2723 codd.
1379 2702 1400 2723 in
1414 2702 1457 2724 hac
1469 2708 1535 2730 prop.
1546 2721 1552 2730 ,
1565 2702 1694 2730 refragante
1708 2706 1826 2730 contextu,
1838 2703 1903 2725 omit-

1053 2742 1101 2761 tunt
1114 2739 1166 2762 tissi.
1180 2739 1309 2768 Opponitur
1327 2741 1388 2762 enim
1401 2741 1458 2763 infra
1471 2741 1645 2771 mcliipliysicus
1663 2745 1711 2763 tum
1726 2741 1825 2771 physico
1837 2747 1902 2771 Stipe-

1053 2778 1125 2806 νὶωνὶ7
1145 2779 1184 2807 qui
1202 2780 1306 2800 omnium
1333 2780 1427 2801 omnino
1453 2780 1609 2807 corporalium
1635 2786 1726 2808 rerum⁷
1753 2787 1796 2802 non
1823 2784 1900 2803 autem

1052 2818 1216 2845 spiritualium,
1234 2824 1304 2840 unam
1323 2819 1442 2840 materiam
1460 2825 1510 2841 esse
1529 2819 1589 2847 vult,
1607 2822 1655 2841 tum
1673 2818 1769 2848 physico
1782 2818 1898 2848 infcriori)

1052 2857 1091 2885 qui
1110 2857 1175 2878 istam
1194 2858 1302 2879 unitatem
1320 2858 1437 2886 restringit
1453 2858 1482 2879 ad
1502 2858 1620 2879 materiam
1639 2864 1716 2880 rerum
1734 2862 1883 2881 terrenarum.

1114 2895 1123 2909 ⁷
1142 2895 1163 2916 in
1181 2895 1231 2917 cod.
1250 2901 1275 2917 cc
1292 2899 1314 2918 et
1331 2896 1368 2918 ed.
1388 2897 1395 2917 i
1418 2896 1509 2918 additur
1526 2897 1548 2918 et
1564 2896 1588 2919 in
1607 2897 1725 2926 quantam
1737 2897 1788 2926 ipsa
1801 2898 1835 2920 est
1849 2897 1900 2919 sab-

1050 2934 1139 2957 stcmtia
1157 2934 1179 2956 ilii
1197 2934 1299 2963 potamia.
1316 2934 1402 2958 solum.

1747 3018 1771 3039 13
