2243 3425
0 2521 6 2538 Ι
21 2523 89 2546 mposi-

710 224 792 252 DtST.
814 224 902 252 XXIX.
925 224 996 252 ART.
1019 224 1036 252 Ι.
1059 224 1194 260 ΩΗᾹΕΞΤ.
1217 224 1245 252 tt.

1801 225 1857 253 697

850 342 1110 378 SOHOLION.

167 443 180 464 l.
199 443 326 471 Responsio
349 443 378 465 ad
402 444 460 465 lianc
480 446 568 471 quaest.
591 443 741 465 confirmatur
762 434 955 465 condemnatione

104 482 228 504 multarum
252 483 436 510 propositionum
459 482 518 509 Bait,
540 488 560 504 e.
578 488 600 510 g.
619 488 686 509 prop.
711 481 736 503 4:
764 490 773 501 α
792 482 843 503 Vita
861 485 951 504 aeterna

104 522 189 543 homini
213 522 301 549 integro
322 525 344 543 et
361 520 448 549 Angelo
471 522 583 548 promissa
602 521 643 543 fuit
664 521 744 542 intuitu
764 521 879 543 bonorum
900 527 952 548 ope-

104 566 166 587 rum;
185 562 207 582 et
224 559 284 582 bona
302 566 373 589 opera
391 566 421 582 ear.
439 559 487 589 leye
509 561 612 583 naturae
629 559 658 582 ad
682 560 742 581 illam
765 559 952 588 consequendam

100 605 145 628 per
165 605 189 621 se
211 598 332 629 sufficiunt
348 607 358 619 1²
385 598 437 626 (cfr.
456 605 539 627 propp.
564 600 583 621 2.
603 599 623 621 3.
647 599 667 621 9.
690 599 722 620 11.
744 599 778 620 ta.
808 598 839 620 13.
863 598 895 620 15.
920 598 951 619 17.

103 639 140 660 21.
158 638 212 666 23.).

167 678 208 699 Pro
231 677 320 706 duplici
344 678 513 705 acceptatione,
535 683 606 706 quam
629 677 768 705 Serapliieus
789 677 811 698 in
839 676 952 704 principio

103 723 207 745 respons.
226 716 300 744 habet,
318 717 379 739 Alex.
392 717 440 738 llal.
459 716 494 745 (S.
508 723 530 745 p.
549 717 571 739 ll.
587 723 608 745 q.
622 717 658 738 91.
677 722 706 738 01.
725 717 742 738 l.
760 722 780 738 a.
794 716 814 737 3.
833 715 846 744 ξ,
868 716 895 744 l.)
914 721 953 742 po-

103 757 135 778 nit
146 756 256 783 triplicem
269 756 373 778 eiusdem
387 756 566 778 distinctionem:
579 755 729 785 ymen-aliter,
746 759 859 784 quatenus
871 761 952 776 omnes

103 798 219 818 creaturae
238 796 259 817 in
277 801 301 817 se
319 795 475 817 consideratae
497 798 550 817 sunt
566 794 641 817 bonae
663 797 684 816 et
702 794 748 816 Deo
766 797 883 822 acceptam
902 799 953 822 spe-

102 834 187 857 cintius
204 838 309 862 respectu
323 836 440 856 creaturae
457 834 585 861 rationalis,
608 842 617 853 a
631 834 652 855 in
671 836 783 862 quantum
796 836 829 855 est
847 836 950 855 creatura

103 873 251 899 huiusmodi;
275 872 442 902 spectatissime
466 874 516 895 sive
542 873 700 901 propriissime
725 876 829 894 creatura
854 872 952 893 rationa-

102 913 135 940 lis.
149 913 170 934 in
184 915 295 940 quantum
308 912 463 935 consecratur
476 912 529 939 Deo,
540 914 564 934 ut
576 912 604 934 sit
621 912 670 934 eius
683 911 808 941 temptum,
823 910 952 940 adoptatur

102 951 126 973 in
141 950 219 981 filium
231 954 253 973 et
269 950 373 974 sumitur
384 950 409 973 z'n
426 957 546 980 sponsam.
564 951 625 973 Haec
647 954 723 973 autem
745 950 877 973 sublimatio
889 956 953 972 crea-

102 994 166 1013 turae
184 990 299 1012 rationalis
316 994 349 1012 est
367 996 437 1018 supra
460 991 561 1012 naturale
579 990 788 1018 complementum;
806 993 828 1012 et
845 989 897 1011 ideo
910 995 952 1011 nec

102 1030 242 1052 consecratio
261 1035 302 1051 nec
313 1029 405 1057 adoptio
424 1035 465 1051 nec
477 1030 588 1051 assumtio
601 1029 734 1051 huiusmodi
755 1028 778 1050 fit
790 1035 831 1057 per
850 1029 950 1056 aliquam

102 1070 266 1098 proprietatem
290 1071 395 1095 naturae,
419 1068 461 1090 sed
478 1075 519 1096 per
536 1068 624 1091 donum
647 1068 824 1096 superadditum
844 1070 950 1093 naturae,

102 1114 244 1133 consecrans
261 1108 374 1135 animam,
398 1110 423 1130 ut
439 1109 468 1130 sit
489 1108 612 1136 templum,
636 1107 773 1130 assimilans
796 1107 859 1134 Deo,
879 1109 903 1128 ut
924 1106 953 1128 sit

102 1149 161 1171 filius
178 1148 214 1170 vel
228 1148 284 1175 filia;
302 1146 473 1177 confoederans
484 1147 531 1169 Deo
549 1148 599 1169 sive
616 1148 698 1169 uniens
711 1153 752 1175 per
769 1147 951 1169 conformitatem

102 1188 235 1215 voluntatis,
254 1191 278 1209 ut
294 1188 322 1209 sit
339 1193 423 1214 sponsa
437 1195 457 1208 12.
480 1199 510 1202 —
528 1187 549 1208 ln
572 1186 686 1215 Breviloq.
710 1193 732 1214 p.
751 1186 778 1212 V,
797 1186 836 1208 ubi
855 1188 899 1208 tota
923 1185 952 1207 de

102 1228 173 1255 gratia
198 1226 299 1249 doctrina
323 1226 421 1248 dilucide
448 1229 562 1248 contracta
585 1225 719 1253 exhibetur,
743 1225 772 1248 acl
796 1231 845 1247 rem
870 1225 952 1247 dicitur

103 1266 135 1295 (c.
158 1267 198 1294 l.),
216 1266 280 1295 quod
303 1266 374 1294 gratia
401 1274 410 1285 «x
424 1269 457 1288 est
480 1265 579 1293 donum,
604 1271 647 1293 per
669 1265 732 1293 quod
756 1266 831 1287 anima
854 1264 952 1286 efficitur

101 1312 185 1334 sponsa
210 1305 307 1333 Ctm'stt,
334 1305 378 1327 filia
402 1304 482 1327 Patris
499 1304 590 1327 aeterni
608 1309 630 1327 et
653 1305 765 1332 templum
785 1303 891 1334 Spiritus
912 1302 952 1331 S„-

102 1345 165 1374 quod
184 1345 245 1366 nullo
263 1344 333 1366 modo
356 1343 378 1366 fit
396 1344 438 1366 nisi
459 1350 486 1365 ex
504 1343 621 1371 dignativa
643 1343 838 1365 condescensione
859 1346 881 1365 et
898 1348 953 1365 con-

102 1383 235 1405 descensiva
259 1383 391 1411 dignatione
415 1382 535 1404 Maiestatis
557 1386 663 1409 aeternae
690 1388 731 1410 per
755 1382 841 1404 donum
866 1382 951 1410 gratiae

102 1429 157 1445 suae
169 1430 195 1449 »3
214 1429 273 1451 quae
292 1422 362 1444 verba
376 1421 459 1444 deinde
477 1422 594 1450 praeclara
614 1422 756 1449 expositione
775 1421 909 1449 probantur.
922 1433 952 1437 -—

103 1461 217 1484 Praedicta
236 1462 316 1489 triplici
329 1461 438 1487 formula,
457 1467 516 1490 quae
534 1464 609 1483 sumta
622 1464 655 1483 est
671 1467 699 1482 ex
710 1467 728 1483 s.
747 1461 875 1488 Scriptura,
894 1460 952 1482 bene

102 1501 237 1529 exprimitur
253 1499 373 1522 ineffabilis
395 1499 536 1527 sublimatio,
555 1506 599 1528 qua
622 1503 725 1522 creatura
747 1500 862 1522 rationalis
880 1499 953 1521 eleva-

101 1544 138 1563 tur
155 1541 177 1562 in
196 1541 337 1562 consortium
354 1542 376 1561 et
387 1540 518 1561 societatem
538 1536 681 1566 (κοινωνίαν)
695 1539 826 1560 dix-inarum
845 1544 953 1566 persona-

101 1585 153 1601 rum
172 1578 201 1607 (l.
220 1579 278 1601 loen.
301 1579 318 1606 l,
337 1578 371 1607 3.)
389 1581 411 1600 et
428 1584 522 1600 consors
540 1578 564 1600 fit
584 1577 675 1600 divinae
693 1580 787 1599 naturae
806 1577 842 1601 (11.
856 1577 912 1599 Ρο11.
935 1578 951 1605 l,

103 1617 141 1646 4.).
155 1618 215 1640 Haec
228 1618 348 1645 perfectio,
366 1624 426 1646 quae
443 1620 477 1639 est
488 1618 582 1639 omnino
600 1617 698 1645 gratuita
711 1619 733 1638 et
751 1619 845 1638 naturae
863 1620 952 1638 creatae

102 1657 214 1686 indebita,
226 1661 323 1680 vocatur
340 1664 352 1679 a
365 1657 386 1679 S.
405 1657 501 1679 Doctore
521 1657 590 1683 (infra
604 1656 626 1678 d.
645 1656 681 1678 34.
699 1656 754 1679 dub.
767 1656 798 1684 3.)
819 1663 829 1677 <i
843 1656 952 1684 perfectio

101 1696 334 1727 stipor-abundantiae
347 1705 367 1718 v.
379 1708 411 1712 —
428 1696 459 1718 De
472 1695 595 1724 adoptione
612 1696 634 1717 in
653 1696 725 1717 filium
742 1696 781 1718 Dei
799 1696 839 1718 cfr.
859 1695 872 1717 l.
891 1695 951 1718 Sent.

102 1737 124 1759 d.
143 1737 178 1758 26.
197 1736 253 1758 dub.
271 1736 296 1761 ὃς
315 1736 346 1757 111.
365 1736 425 1758 Sent.
444 1735 466 1757 d.
489 1735 521 1757 lO.
540 1742 559 1757 a.
579 1735 599 1757 2.
619 1741 640 1763 q.
660 1735 680 1756 2.
699 1737 720 1756 et
738 1734 794 1757 dub.
813 1734 834 1757 4.

164 1776 186 1798 11.
200 1776 222 1798 S.
233 1776 315 1797 Thom.
325 1782 337 1797 a
347 1775 369 1797 S.
381 1775 464 1796 Bonav.
478 1775 622 1803 aliquatenus
634 1774 719 1796 recedit
732 1775 752 1796 in
767 1774 816 1800 hoc,
831 1774 893 1802 quod
905 1780 950 1795 ma-

101 1816 136 1843 gis
148 1816 228 1837 insistit
240 1815 407 1842 regenerationi
419 1813 594 1841 supernaturali,
608 1817 721 1841 quatenus
734 1819 759 1835 ea
770 1813 861 1840 respicit
875 1812 951 1842 ipsam

101 1855 216 1877 naturam
233 1853 334 1876 animae.
347 1853 403 1875 Nam
416 1853 477 1875 idem
490 1852 620 1875 subiectum
631 1852 738 1881 prz'mmn
751 1853 836 1880 gratiae
855 1859 899 1875 non
912 1858 953 1881 po-

102 1893 210 1922 tentiam,
229 1893 270 1916 sed
288 1894 362 1921 ipsam
379 1893 495 1915 'italarum
511 1892 601 1914 animae
616 1898 666 1914 esse
684 1892 757 1914 docet.
776 1892 832 1914 Hinc
852 1892 880 1914 ad
902 1898 951 1914 rein

102 1933 155 1956 dicit
173 1933 210 1961 (S.
229 1933 241 1955 1.
262 1933 284 1955 ll.
303 1939 325 1961 q.
352 1933 400 1954 110.
419 1939 438 1954 a.
458 1932 478 1954 4.
496 1933 517 1954 in
541 1934 631 1959 corp.):
654 1940 663 1951 a
676 1932 738 1954 Sicut
761 1938 802 1960 per
821 1932 952 1961 potentium

101 1972 267 1995 intellectivam
289 1973 359 1994 horno
376 1972 498 1999 participat
519 1971 676 1999 cognitionem
694 1971 797 1993 divinam
821 1977 862 1998 per
879 1972 951 1993 virtu-

101 2014 147 2034 tem
166 2011 229 2038 fidei,
248 2014 270 2033 et
286 2010 415 2033 secundum
431 2009 560 2039 potentiam
577 2009 707 2033 voluntatis
724 2016 827 2032 amorem
845 2010 951 2032 divinum

101 2057 143 2079 per
160 2052 268 2073 virtutem
286 2051 397 2077 caritatis;
416 2051 444 2072 ita
457 2050 524 2071 etiam
543 2050 711 2077 permaturum
729 2050 818 2071 animae
832 2050 952 2077 participat

1011 443 1140 466 secundum
1158 444 1275 472 quandam
1294 445 1465 467 similitudinem
1488 448 1592 467 naturam
1611 445 1713 467 divinam
1732 452 1774 473 per
1791 452 1860 475 quan-

1012 482 1065 504 dam
1088 484 1287 510 regenerationem
1311 485 1359 506 sive
1383 485 1570 506 recreationem»
1592 485 1646 509 (cfr.
1669 484 1725 507 ibid.
1744 492 1763 507 a.
1782 486 1806 513 3;
1831 486 1860 508 de

1012 521 1081 543 verit.
1100 528 1121 550 q.
1141 522 1177 544 27.
1196 529 1215 544 a.
1234 523 1277 551 2.).
1297 523 1358 545 Licet
1374 527 1450 545 autem
1469 524 1489 545 S.
1509 524 1593 546 Bonav.
1612 525 1705 546 minime
1724 528 1802 553 neget,
1815 526 1860 547 ani-

1012 566 1073 582 mam
1092 561 1159 582 etiam
1177 561 1305 583 set-undum
1323 563 1437 584 naturum
1456 563 1479 588 <«
1493 563 1570 591 quoad
1585 569 1634 586 esse
1650 563 1756 595 primunt
1770 567 1792 591 1³)
1812 571 1860 592 per-

1011 598 1046 620 fici
1065 606 1076 620 a
1095 600 1178 627 gratia;
1197 602 1272 622 tamen
1291 601 1339 628 ipse
1357 603 1430 628 putat,
1449 602 1549 623 animam
1568 603 1638 630 gratia
1657 607 1679 625 et
1697 603 1767 631 gloria
1781 604 1860 631 perfici

1012 638 1087 665 primo
1106 638 1234 660 secundum
1251 639 1374 667 potentias,
1394 641 1443 662 sive
1460 641 1589 663 secundum
1602 643 1715 669 mentem,
1735 649 1805 671 quam
1818 649 1860 665 vo-

1011 679 1047 698 cat
1064 677 1095 701 (in
1114 677 1227 705 Breviloq.
1247 684 1268 704 p.
1288 678 1314 700 V.
1333 684 1352 700 c.
1371 678 1400 707 4.)
1419 678 1504 707 faciem
1521 680 1668 709 superiorem
1686 683 1782 703 animae.
1796 682 1860 704 Unde

1011 715 1078 736 ettam
1096 714 1243 744 deiformitas
1261 716 1289 738 ab
1307 717 1357 744 ipso
1376 719 1450 745 primo
1467 720 1558 746 ponitur
1576 720 1597 741 in
1615 720 1687 742 libero
1705 720 1809 748 arbitrio,
1830 721 1859 742 ita

1011 756 1097 781 tomen,
1118 758 1141 776 ut
1159 758 1202 776 tota
1220 761 1323 783 persona
1342 759 1365 777 et
1381 757 1448 778 etiam
1467 758 1555 779 natum
1574 752 1686 787 cleretur,
1706 763 1729 782 ut
1746 759 1815 787 digna
1832 761 1861 782 sit

1011 793 1113 820 mysticis
1134 793 1281 820 sponsalibus
1301 798 1323 816 et
1346 796 1431 822 nuptiis
1453 801 1506 817 cum
1530 797 1584 818 Deo.
1603 797 1666 825 Quae
1684 799 1860 827 qualiscumque

1012 831 1137 854 differentia
1156 833 1214 855 inter
1231 833 1290 855 duos
1307 833 1340 856 Ss.
1354 833 1463 857 Doctores
1480 842 1491 856 a
1510 840 1599 858 recente
1617 840 1721 865 auctore,
1741 838 1766 860 cl.
1786 838 1822 860 Dr.
1840 838 1859 860 J.

1011 871 1129 893 Scheeben
1144 871 1282 898 (Handhucli
1294 872 1336 895 der
1353 873 1515 896 Katlioliselien
1529 875 1659 903 Dogmatili,
1678 876 1691 898 Ι.
1707 877 1737 899 tlt.
1751 883 1771 899 n.
1785 877 1859 905 807),

1011 910 1057 932 fere
1076 910 1251 939 determinatur,
1270 915 1294 934 ut
1305 913 1416 941 sequitur.
1435 914 1567 936 Secundum
1580 915 1601 936 S.
1620 915 1806 937 Bonaventuram
1818 918 1860 937 sta-

1012 952 1047 971 tus
1064 950 1150 977 gratiae
1169 951 1245 978 primo
1266 951 1316 973 loco
1333 951 1447 979 significat
1464 954 1587 980 gratuitam
1607 954 1766 976 exaltationem
1782 960 1859 983 perso-

1010 993 1055 1010 nae
1072 990 1093 1010 in
1112 995 1222 1016 sponsam
1240 990 1279 1012 Dei
1298 993 1413 1013 assumtae
1437 995 1458 1013 et
1476 992 1606 1020 decoratae,
1625 996 1645 1014 et
1664 993 1716 1015 inde
1738 993 1861 1021 adoptione

1011 1030 1032 1049 et
1049 1028 1099 1049 iure
1121 1028 1272 1051 haereditario
1290 1034 1380 1058 auctae;
1404 1029 1551 1059 deiformitas
1568 1036 1643 1054 autem
1663 1033 1761 1059 interna,
1785 1033 1860 1060 primo

1011 1066 1114 1088 residens
1131 1067 1153 1088 in
1171 1067 1300 1095 voluntate,
1323 1069 1345 1090 in
1364 1075 1408 1097 qua
1427 1072 1461 1091 est
1483 1071 1622 1098 principium
1641 1071 1757 1098 merendi,
1776 1071 1861 1099 praeci-

1011 1111 1056 1133 pue
1074 1106 1231 1129 manifestatur
1254 1108 1275 1129 in
1294 1108 1451 1135 producendis
1472 1109 1590 1138 fructibus
1608 1110 1654 1133 Deo
1672 1110 1765 1140 clt'qm's;
1788 1113 1861 1132 totum

1011 1147 1085 1167 tamen
1110 1146 1227 1168 hominem
1251 1148 1303 1170 facit
1320 1148 1367 1170 Deo
1391 1152 1512 1177 acceptum
1535 1151 1602 1178 eique
1625 1151 1723 1173 infundit
1740 1151 1775 1179 id,
1797 1151 1860 1180 quod

1010 1184 1032 1206 S.
1051 1185 1136 1207 Bonav.
1154 1189 1223 1208 vocat
1246 1185 1301 1209 bene
1321 1193 1377 1210 esse.
1396 1188 1440 1210 Sed
1464 1189 1593 1211 secundum
1611 1190 1632 1211 S.
1658 1190 1771 1212 Tltomam
1790 1193 1861 1213 status

1011 1224 1096 1252 gratiae
1109 1225 1185 1252 primo
1203 1226 1310 1253 importat
1322 1226 1481 1248 exaltationem
1500 1227 1575 1257 ipsius
1586 1230 1701 1257 naturae,
1716 1236 1742 1252 ex
1761 1230 1807 1252 Deo
1819 1236 1861 1258 per

1012 1264 1209 1291 participationem
1228 1264 1320 1287 dlvinae
1344 1268 1438 1287 naturae
1461 1270 1552 1288 renatae
1575 1270 1596 1289 et
1614 1267 1723 1295 dignitate
1739 1268 1861 1298 filiationis

1011 1301 1105 1325 divinae
1122 1303 1151 1325 ita
1170 1303 1302 1331 decoratae,
1321 1307 1346 1326 ut
1364 1304 1432 1332 digna
1451 1305 1489 1327 fiat
1505 1312 1589 1333 sponsa
1607 1306 1654 1328 Filii
1672 1307 1719 1329 Dei.

1075 1342 1106 1364 111.
1125 1343 1233 1371 Quaestio
1256 1350 1304 1372 seq.
1327 1344 1395 1366 huius
1417 1345 1504 1367 articuli
1528 1346 1630 1368 innititur
1651 1347 1769 1375 principiis
1791 1349 1812 1370 in
1840 1349 1860 1371 rl.

1010 1384 1097 1410 quaest.
1116 1382 1209 1409 positis;
1231 1382 1272 1404 sed
1288 1383 1311 1404 in
1329 1383 1413 1410 eadem
1429 1384 1493 1411 plura
1512 1385 1586 1413 magis
1603 1385 1768 1409 confirmantur
1784 1388 1806 1409 et
1823 1393 1862 1409 ex-

1011 1421 1129 1448 plicantur.
1140 1434 1170 1437 —
1182 1421 1283 1444 Notanda
1301 1426 1335 1445 est
1352 1424 1445 1451 egregia
1458 1424 1524 1446 solut.
1538 1424 1567 1446 ad
1585 1425 1609 1452 3,
1629 1425 1657 1447 de
1675 1431 1720 1454 qua
1738 1426 1778 1448 cfr.
1792 1427 1860 1449 etiam

1011 1466 1081 1488 supra
1100 1460 1122 1482 d.
1142 1461 1177 1482 28.
1197 1461 1252 1483 dub.
1275 1462 1292 1483 1.

1074 1499 1134 1522 Haec
1152 1504 1228 1522 autem
1247 1502 1351 1529 quaestio
1369 1502 1415 1523 sere
1434 1505 1486 1529 tota,
1503 1504 1638 1530 praesertim
1653 1504 1675 1525 in
1693 1510 1762 1532 resp..
1780 1511 1862 1527 conve-

1012 1540 1043 1560 nit
1060 1545 1112 1560 cum
1132 1540 1192 1561 Alex.
1211 1540 1266 1567 liat,
1284 1540 1306 1561 S.
1324 1547 1347 1568 p.
1366 1541 1388 1563 ll.
1406 1547 1428 1569 q.
1446 1542 1482 1563 91.
1498 1548 1528 1564 01.
1551 1543 1567 1564 1.
1586 1549 1605 1564 a.
1624 1543 1643 1565 3.
1663 1543 1676 1572 Ξ
1695 1544 1715 1566 2.
1734 1544 1795 1566 ldem
1815 1551 1862 1566 ma-

1011 1578 1071 1599 xima
1089 1584 1117 1599 ex
1134 1582 1197 1605 parte
1215 1578 1339 1600 dicendum
1358 1583 1392 1601 est
1409 1580 1437 1602 de
1456 1579 1468 1601 4
1486 1587 1551 1609 seqq.
1564 1584 1660 1610 quaest..
1679 1588 1738 1611 quae
1756 1583 1810 1605 ibid.
1828 1584 1862 1605 10-

1011 1618 1136 1639 veniuntur
1154 1618 1196 1639 lioc
1214 1618 1308 1640 ordine:
1325 1625 1345 1640 a.
1364 1620 1385 1641 2.
1403 1626 1425 1648 q.
1453 1620 1470 1641 1.
1489 1620 1529 1642 loc.
1548 1621 1583 1643 cit.
1600 1627 1629 1642 m.
1649 1622 1669 1643 2.
1688 1628 1707 1644 a.
1729 1623 1747 1644 1.
1760 1635 1790 1638 -
1802 1629 1821 1645 a.
1840 1624 1861 1645 2.

1012 1663 1033 1685 q.
1052 1657 1073 1678 2.
1090 1656 1138 1679 ibid
1157 1663 1187 1679 m.
1207 1657 1227 1679 1.
1245 1664 1264 1679 a.
1287 1658 1304 1680 1.
1322 1671 1352 1673 -
1370 1665 1389 1680 a.
1408 1659 1429 1680 3.
1448 1665 1469 1688 q.
1493 1660 1509 1681 l.
1528 1659 1582 1682 ibid.
1601 1666 1631 1682 m.
1650 1661 1670 1682 2.
1689 1667 1708 1683 a.
1728 1662 1748 1683 2.
1766 1662 1780 1690 S
1798 1663 1818 1685 2.
1831 1674 1863 1679 —-·

1012 1702 1030 1717 a.
1049 1696 1070 1718 3.
1089 1702 1110 1725 q.
1130 1697 1150 1718 2.
1169 1696 1225 1718 ibid.
1238 1703 1268 1719 m.
1288 1698 1308 1719 2.
1327 1704 1346 1719 a.
1360 1698 1380 1725 2,
1399 1699 1488 1720 initium
1511 1705 1571 1727 resp.
1590 1703 1624 1722 est
1641 1700 1671 1722 ibi
1684 1700 1714 1722 ad
1732 1701 1752 1723 4.
1768 1702 1820 1730 (cfr.
1834 1702 1863 1724 (10

1012 1736 1055 1758 hoc
1072 1742 1142 1764 supra
1161 1736 1182 1758 (1.
1202 1737 1238 1758 23.
1257 1743 1276 1758 a.
1297 1738 1317 1759 2.
1336 1744 1358 1765 q.
1381 1738 1398 1759 1.
1417 1739 1438 1759 10
1456 1739 1546 1767 schol).

1076 1775 1112 1797 tv.
1131 1775 1198 1797 Pauci
1216 1776 1303 1804 antiqui
1322 1776 1350 1798 de
1370 1777 1404 1798 his
1422 1777 1513 1800 duabus
1530 1782 1618 1806 quaest.
1635 1780 1738 1807 explicite
1756 1783 1862 1808 tractant;

1011 1815 1122 1843 principia
1141 1821 1222 1837 eorum
1240 1816 1388 1838 inveniuntur
1400 1816 1422 1838 in
1435 1823 1499 1845 seqq.
1513 1821 1600 1846 quaest.
1614 1819 1682 1840 huius
1694 1818 1744 1841 diSt.
1758 1822 1779 1841 et
1797 1825 1864 1847 prae-

1012 1855 1078 1882 cipue
1096 1854 1118 1875 in
1137 1853 1159 1875 ll.
1177 1855 1238 1877 Sent.
1256 1854 1278 1876 d.
1299 1854 1334 1876 24.
1354 1868 1383 1870 —
1401 1855 1491 1878 praeter
1508 1857 1662 1880 Alexandrum
1681 1858 1728 1880 11111.
1749 1859 1794 1880 iam
1812 1859 1863 1881 cita-

1010 1896 1058 1915 tum
1077 1893 1105 1915 de
1128 1896 1216 1922 quaest.
1241 1895 1257 1915 1.
1286 1897 1365 1917 tractat
1388 1895 1445 1917 Petr.
1467 1902 1477 1917 a
1502 1896 1562 1924 Tar„
1585 1897 1621 1919 liic
1644 1904 1665 1926 q.
1692 1898 1709 1920 1.
1736 1904 1755 1919 a.
1786 1898 1807 1926 i,
1833 1898 1863 1920 de

1011 1936 1098 1961 quaest.
1125 1933 1145 1954 2.
1164 1933 1186 1954 S.
1206 1933 1296 1960 Tliom„
1316 1934 1351 1956 1110
1363 1940 1383 1956 a.
1401 1935 1417 1956 l.
1430 1947 1459 1949 ζ
1474 1935 1530 1957 Petr.
1548 1942 1559 1957 a
1583 1936 1642 1964 Tau,
1662 1936 1683 1958 11.
1702 1937 1762 1959 Sent.
1782 1937 1804 1959 d.
1826 1936 1862 1959 24.

1009 1979 1030 2001 q.
1054 1973 1070 1994 l.
1084 1979 1103 1994 a.
1120 1972 1171 1994 1.3Δ
1188 1985 1220 1988 —
1238 1973 1343 1995 Richard.
1362 1980 1373 1995 a
1392 1974 1457 2002 Med,
1476 1975 1498 1996 11.
1517 1976 1576 1997 Sent.
1590 1975 1612 1998 d.
1631 1975 1659 1998 24
1678 1983 1697 1998 a.
1720 1977 1736 1998 1.
1755 1983 1777 2006 q.
1796 1978 1817 1999 2.
1831 1989 1863 1993 —

1010 2011 1084 2039 AEgid.
1103 2011 1136 2039 11.,
1161 2012 1197 2033 hic
1214 2018 1235 2040 q.
1259 2012 1275 2034 l.
1293 2019 1313 2034 a.
1337 2013 1353 2035 l.

873 2139 1036 2176 qusssrto
1059 2140 1087 2168 tt.

313 2226 418 2255 Utrum
440 2225 523 2255 ltomo
545 2226 577 2254 in
597 2230 678 2254 statu
699 2230 829 2254 walterae
850 2226 1001 2254 institutae
1019 2227 1149 2263 potuerit
1170 2228 1280 2256 mereri
1300 2228 1408 2266 absque
1429 2229 1503 2257 dono
1523 2230 1650 2266 gyraticte.

180 2325 307 2354 Secundo
329 2325 491 2362 quaeritur,
512 2328 607 2353 utrum
624 2325 707 2353 110010
730 2324 756 2352 10
779 2328 853 2353 statu
875 2328 952 2352 natu-

100 2380 148 2401 rae
170 2372 312 2401 institutae
334 2375 427 2409 posset
449 2372 475 2400 in
498 2379 570 2408 opus
592 2372 768 2400 meritorium
792 2372 871 2400 exire
892 2372 952 2400 abs-

100 2427 154 2456 que
176 2419 248 2448 dono
271 2420 383 2456 gratiae.
409 2419 438 2447 Et
458 2419 533 2456 quod
555 2418 610 2451 sic,
632 2418 752 2447 videtur.

182 2467 204 2494 t.
228 2465 399 2503 Augustinus
425 2465 452 2493 10
479 2465 550 2493 libro
577 2465 611 2493 de
636 2464 741 2492 Natura
768 2468 795 2493 et
820 2464 950 2501 gratia¹:

106 2513 201 2549 «Quis
222 2512 341 2547 nesciat,
365 2513 401 2541 ita
426 2512 529 2541 factum
552 2511 709 2545 1100110010,
732 2514 763 2539 111
785 2511 811 2539 10
833 2519 866 2539 eo
888 2511 953 2540 libe-

101 2568 164 2588 rum
187 2560 334 2589 arbitrium
358 2560 393 2588 ad
415 2560 487 2588 iuste
513 2559 664 2587 vivendum
693 2567 744 2596 pro
769 2559 951 2596 possibilitate

102 2610 128 2635 01
143 2607 293 2644 capacitate
308 2615 359 2636 sua
374 2607 591 2635 constitueretur
607 2608 640 2633 »?
654 2606 723 2642 Ergo
740 2606 860 2641 videtur,
875 2606 950 2643 quod

102 2661 138 2682 ex
161 2654 287 2683 libertate
308 2654 416 2683 arbitrii
433 2653 553 2682 naturali
570 2656 662 2690 posset
678 2653 749 2682 iuste
765 2653 869 2687 vivere,
885 2661 951 2690 ergo

103 2703 129 2729 01
149 2709 234 2738 opera
255 2701 398 2730 meritoria
419 2701 518 2729 facere.

166 2833 172 2848 ¹
191 2833 244 2862 Cap.
265 2834 300 2856 43.
314 2841 335 2857 n.
348 2834 389 2857 50:
409 2835 464 2863 Quis
481 2835 608 2856 enimenin
628 2834 769 2862 [hominem]
788 2835 858 2857 nescit
870 2841 951 2857 sanum

103 2875 124 2894 et
142 2873 303 2900 inculpabilem
321 2874 419 2901 factum,
437 2876 458 2895 et
476 2873 547 2895 libero
560 2873 654 2895 arbitrio
672 2875 740 2901 atque
758 2873 787 2895 ad
800 2874 857 2896 iuste
875 2874 952 2895 viven-

104 2910 158 2932 dum
178 2914 287 2939 potestate
305 2912 374 2935 libera
393 2913 556 2935 constitutum?
628 2911 631 2914 ⁴

165 2950 174 2964 ⁴²
191 2950 251 2973 Libr.
271 2951 294 2973 11.
313 2951 341 2973 (10
359 2951 413 2973 Fide
430 2951 520 2974 orthod.
539 2957 558 2973 c.
577 2951 613 2972 30.

165 2989 176 3003 3
193 2990 255 3013 Deut.
275 2991 314 3018 32,
334 2990 355 3013 4.
374 3003 404 3006 —
422 2991 511 3013 Dictum
530 2990 665 3017 Aristotelis,
689 2990 751 3019 quod
770 2991 805 3012 hic
822 2991 950 3013 secundum

103 3028 219 3056 antiquam
238 3029 407 3051 translationem
420 3030 523 3057 affertur,
543 3029 640 3051 liabetur
652 3029 697 3051 vit.
716 3029 781 3056 Phys.
798 3032 848 3051 text.
866 3030 899 3051 18.
919 3030 950 3057 (c.

229 3079 252 3102 S.
272 3080 358 3103 Bonae.
376 3092 408 3096 —
426 3080 492 3102 Tom.
512 3080 533 3102 ΙΙ.

1089 2326 1114 2353 2.
1138 2326 1220 2360 Item,
1243 2326 1432 2355 Damascenus
1445 2327 1473 2354 ²:
1501 2338 1514 2352 «
1530 2327 1670 2356 Manentes
1691 2328 1717 2356 in
1738 2336 1770 2357 eo
1785 2329 1858 2365 quod

1009 2375 1051 2400 est
1066 2373 1227 2400 secundum
1238 2377 1377 2407 naturam,
1394 2374 1419 2401 in
1437 2374 1540 2403 virtute
1556 2383 1655 2403 sumus
1668 2387 1695 2409 »3
1710 2376 1758 2404 sed
1774 2384 1860 2413 opera

1010 2419 1134 2447 virtuosa
1157 2424 1222 2448 sunt
1245 2421 1404 2449 meritoria:
1427 2429 1493 2458 ergo
1516 2422 1637 2451 liberum
1659 2423 1807 2452 arbitrium
1832 2425 1858 2452 in

1010 2466 1167 2503 integritate
1182 2474 1250 2495 suae
1266 2471 1383 2496 naturae
1399 2476 1529 2502 manens,
1545 2469 1651 2506 absque
1673 2470 1746 2498 omni
1770 2471 1860 2507 gratia

1010 2516 1117 2549 poterat
1139 2513 1230 2541 tacere
1252 2522 1335 2550 opera
1359 2515 1510 2543 meritoria.

1089 2559 1114 2588 3.
1138 2560 1220 2592 11001.
1244 2561 1297 2589 Dei
1314 2561 1446 2598 perfectu
1468 2566 1537 2591 sunt
1558 2564 1685 2600 operest,
1701 2568 1727 2593 et
1748 2576 1760 2589 «
1773 2566 1859 2602 perfe—

1009 2611 1084 2635 ctum
1108 2610 1148 2636 est
1170 2607 1290 2644 aliquid,
1312 2612 1343 2636 ut
1365 2609 1424 2636 vult
1441 2609 1640 2646 Philosophus,
1663 2619 1727 2639 cum
1750 2612 1859 2648 attingit

1009 2655 1138 2691 propriae
1163 2655 1256 2683 virtuti
1273 2666 1299 2683 »ι
1322 2663 1388 2692 ergo
1410 2657 1430 2685 si
1455 2657 1538 2685 110010
1564 2658 1704 2694 perfectus
1730 2660 1859 2689 conditus

1008 2704 1065 2735 est,
1087 2705 1195 2738 poterat
1216 2702 1294 2730 exire
1317 2702 1343 2730 in
1365 2703 1571 2739 operationem,
1593 2709 1708 2742 propter
1723 2714 1806 2743 quarn
1824 2707 1860 2735 fa-

1010 2836 1053 2863 3),
1072 2838 1094 2857 et
1110 2836 1236 2863 explicatur
1248 2836 1290 2857 illis
1302 2835 1380 2858 verbis
1398 2836 1502 2858 eiusdem
1520 2838 1629 2865 auctoris,
1650 2839 1675 2860 V.
1689 2839 1778 2867 Metapa
1806 2842 1856 2862 text.

1010 2875 1046 2896 21.
1065 2874 1115 2902 (lV.
1134 2881 1153 2897 c.
1176 2875 1230 2902 16.):
1250 2875 1327 2897 Virtus
1344 2881 1437 2903 quoquc
1456 2876 1570 2904 quaedam
1590 2877 1698 2904 perfectio
1715 2881 1758 2905 cst;
1778 2885 1858 2901 unum-

1009 2913 1119 2942 quodque
1138 2920 1238 2942 namque
1256 2917 1309 2936 tunc
1327 2914 1453 2942 perfeetum
1467 2918 1500 2937 est
1517 2920 1646 2945 cunctaque
1663 2917 1788 2940 substantia
1804 2922 1858 2942 tunc

1010 2952 1122 2979 perfecta,
1139 2958 1192 2974 cum
1211 2952 1338 2974 secundum
1357 2954 1458 2981 speciem
1483 2956 1590 2982 propriae
1608 2956 1698 2978 virtutis
1722 2957 1781 2979 nulla
1800 2957 1858 2981 desit

1009 2991 1117 3018 particula
1137 2991 1301 3019 magnitudinis
1319 2993 1433 3015 naturalis.
1446 3005 1477 3009 —
1487 2993 1536 3015 Vat.
1555 3000 1608 3017 cum
1621 2995 1658 3018 ed.
1675 2995 1687 3017 4
1701 2998 1752 3024 post
1764 2996 1858 3027 altingit

1009 3030 1071 3052 addit
1085 3030 1184 3059 proprio
1201 3030 1245 3061 sini
1261 3037 1308 3054 seit.

1701 3088 1729 3107 88
