2243 3425
13 1775 36 1793 {d
49 1776 123 1799 opposi-

7 1800 9 1806 '
42 1801 86 1817 tum.

771 194 853 222 DlST.
876 194 938 223 XLI.
960 194 1033 223 ART.
1055 195 1072 223 I.
1095 195 1231 231 QUAEST.
1253 195 1281 223 Il.

149 270 251 308 posita,
274 270 467 307 dispositione,
489 271 619 309 inquam,
640 279 712 309 quae
735 272 825 300 variat
843 272 870 300 in
895 280 998 309 genere

148 317 251 351 moris,
273 317 345 346 sicut
367 321 408 346 est
430 318 545 347 intentio
567 321 643 347 recta
663 321 690 347 et
711 317 832 355 obliqua.

228 365 254 392 5.
276 364 314 393 Ad
337 364 407 393 illud
429 365 503 402 quod
526 364 665 399 obiicitur,
686 364 763 401 quod
784 364 889 393 bonum
912 368 953 395 est
968 365 996 395 in

1848 196 1903 225 939

1055 273 1134 310 plus3
1157 273 1212 302 iam
1234 276 1310 311 patet
1330 274 1488 311 responsio;
1510 273 1604 303 obiicit
1625 274 1699 303 enim
1721 274 1756 303 de
1771 274 1844 303 bono
1859 282 1904 303 na·

1054 322 1147 353 turae,
1169 324 1196 349 et
1210 321 1263 350 hoo
1285 321 1368 349 modo
1390 329 1444 350 non
1460 324 1501 350 est
1516 321 1673 350 differentia
1688 321 1807 350 divisiva
1821 322 1902 351 actio

1054 366 1097 396 nis
1118 367 1326 397 deliberativae.

892 455 1155 492 SGHOLION.

210 544 224 566 1.
241 544 302 566 Haec
319 545 422 573 quaestio
439 547 461 566 et
478 550 525 572 seq.
544 546 679 571 supponunt
696 549 765 571 saepe
778 544 899 572 repetitam
917 544 994 566 distin-

146 584 245 605 ctionem
267 582 375 605 bonitatis
397 584 419 605 in
443 589 528 611 genere
549 583 652 605 naturae
674 585 696 605 et
718 583 740 604 in
762 589 848 610 genere
865 582 953 612 itioris,
972 586 994 606 et

144 623 263 650 speciatim
280 628 305 644 ea
324 628 383 650 quae
401 622 459 644 dicta
477 624 531 644 sunt
547 627 617 649 supra
636 621 657 644 d.
677 621 714 643 37.
732 627 752 643 a.
771 622 791 643 2.
810 628 833 650 q.
855 621 873 643 l.

208 661 299 689 Quaest.
319 662 338 683 sl.
357 667 368 683 a
387 662 408 683 S.
427 661 516 683 Thoma
529 664 550 683 et
562 660 677 683 Richardo
689 661 786 689 aliisque
797 661 830 683 sic
842 661 992 688 proponitur:

144 704 221 723 utrum
239 700 320 723 eadem
338 701 397 723 actio
414 701 486 728 possit
497 706 547 722 esse
564 699 624 722 bona
637 703 659 722 et
670 700 742 728 mala;
761 703 783 722 et
800 701 926 728 praecipue
943 706 992 722 ver-

142 742 205 762 satur
222 741 281 762 eirca
299 740 400 762 actiones
416 739 558 767 extem'ores,
579 739 706 768 dequibus
717 739 866 762 solummodo
885 743 919 762 est
936 739 993 762 diffi-

143 779 226 807 cultas;
245 785 298 801 nam
316 780 358 801 hae
381 782 478 807 possunt
494 784 545 801 esse
566 777 714 802 successivae
736 782 757 801 et
774 777 915 807 divisibiles,
936 779 993 801 dum

142 819 201 841 actio
219 819 305 840 interna
318 820 352 841 est
363 817 467 847 simplem
479 821 501 840 et
517 817 666 841 indivisibilis·
679 818 727 845 (cir.
746 818 812 840 solut.
831 818 861 840 ad
879 819 918 847 3.).
936 817 993 841 Con-

141 858 237 880 veniunt
254 859 331 880 autem
349 858 452 885 magistri
470 858 492 879 in
506 858 556 886 hoc,
574 858 637 886 quod
656 859 723 880 etiam
742 858 800 880 actio
817 859 908 880 externa
925 864 989 886 una,

142 896 270 919 secundum
289 896 352 925 quod
369 899 403 919 est
415 902 472 925 urna,
487 903 531 919 non
550 898 622 925 possit
643 903 693 919 esse
711 897 778 919 simul
797 896 857 919 bona
880 900 902 920 et
918 897 990 925 mala,

143 936 184 958 sed
202 939 301 964 tantum,
320 935 449 958 secundum
468 936 532 964 quod
548 938 583 958 est
599 935 684 959 multa.

204 975 235 997 De
258 975 275 997 1.
293 976 441 1004 quaestione:
458 975 519 997 Alex.
532 975 587 1003 Hal„
600 975 622 997 S.
640 981 663 1003 p.
676 975 698 997 ll.
717 982 739 1004 q.
752 975 789 997 96,
803 981 833 997 m.
850 975 867 997 1.
888 982 908 997 a.
927 976 948 997 2.
960 988 992 992 --

140 1015 207 1042 scot,
218 1013 300 1042 Quodl.
312 1020 333 1043 q.
350 1014 383 1036 18.
396 1020 417 1035 n.
435 1014 467 1035 12.
480 1020 544 1043 seqq.
554 1014 616 1036 —S.
630 1014 721 1042 Thom.,
736 1014 757 1036 lt.
770 1014 830 1036 Sent.
845 1014 866 1036 d.
880 1013 916 1036 40.
930 1020 949 1036 a.
964 1013 990 1042 4;

139 1053 160 1076 S.
181 1054 194 1076 1.
213 1054 236 1075 11.
254 1059 276 1082 q.
294 1053 331 1075 20.
349 1059 369 1075 a.
388 1053 408 1074 6.
425 1065 457 1069 —
474 1053 498 1075 B.
515 1052 608 1080 Albert.,
627 1053 655 1075 de
673 1053 715 1075 hac
731 1055 753 1075 et
769 1059 817 1082 seq.
836 1059 858 1082 q.
885 1054 906 1075 S.
926 1060 947 1081 p.
967 1053 990 1076 ll.

139 1096 166 1115 tr.
185 1093 222 1114 22.
235 1099 257 1121 q.
272 1092 323 1114 137.
338 1098 369 1114 m.
387 1092 512 1114 l.—Petr.
525 1099 536 1114 a
550 1092 610 1119 Tar.,
624 1092 646 1114 ΙΙ.
659 1092 719 1115 Sent.
733 1092 755 1114 d.
769 1091 805 1114 40.
819 1099 840 1121 q.
855 1093 874 1114 2.
888 1099 907 1114 a.
926 1093 942 1114 l.
959 1105 991 1109 —

140 1132 248 1154 Richard.
265 1138 277 1153 a
296 1132 361 1159 Med„
379 1132 403 1154 11.
421 1132 482 1154 Sent.
507 1131 529 1154 d.
553 1131 589 1154 40.
612 1138 632 1153 a.
651 1132 671 1154 2.
690 1138 712 1160 q.
732 1132 752 1154 2.
770 1143 802 1148 —-
818 1131 893 1160 AEgid.
912 1132 945 1159 R„
965 1132 988 1154 11.

139 1171 200 1193 Sent.
219 1170 240 1193 d.
259 1170 295 1192 40.
314 1177 336 1199 q.
356 1171 376 1192 l.
394 1177 414 1193 a.
433 1171 454 1193 3.
471 1182 503 1187 —-—·
519 1170 629 1198 Durand.,
647 1170 671 1192 ll.
694 1171 754 1193 Seni.
778 1170 800 1193 d.
824 1170 861 1192 40.
880 1177 902 1199 q.
920 1171 941 1193 3.
958 1183 990 1187 —

138 1210 232 1238 Dionys.
250 1209 333 1238 Carth.,
352 1210 374 1232 ll.
393 1210 453 1232 Sent.
473 1209 494 1232 d.
513 1209 549 1232 40.
567 1216 589 1239 q.
609 1209 629 1232 4.

202 1249 224 1270 11.
244 1249 325 1277 Quoad
342 1251 476 1277 sequentem
495 1249 536 1277 (2.)
559 1251 646 1277 quaest.
670 1250 810 1271 conveniunt
827 1249 931 1277 magistri
949 1255 989 1271 an-

138 1289 194 1317 tiqui
213 1289 234 1310 in
253 1289 307 1315 hoc,
326 1288 390 1317 quod
407 1288 524 1316 loquendo
549 1287 577 1310 de
603 1289 691 1310 actione
717 1288 845 1310 voluntaria
863 1290 885 1310 et
903 1287 986 1316 libera,

138 1326 226 1350 bomem
243 1329 265 1349 et
281 1326 375 1350 malum
393 1333 437 1349 non
463 1330 516 1349 sunt
541 1327 681 1349 differentiae
707 1328 854 1355 essentialeS,
873 1331 988 1356 quatenus

138 1367 196 1389 aetio
212 1369 246 1389 est
263 1367 284 1388 in
303 1373 387 1394 genere
404 1367 515 1394 naturae,
535 1372 588 1389 eum
606 1366 716 1390 accidant
733 1368 831 1394 actioni;
850 1367 903 1389 item
923 1367 985 1396 quod

1054 544 1175 573 «maium,
1195 549 1264 573 prout
1281 546 1335 569 dicit
1350 546 1510 576 privationem
1528 550 1628 576 tantum,
1652 554 1695 570 non
1715 551 1789 576 potest
1806 549 1900 577 proprie

1051 583 1096 606 dici
1113 584 1243 607 essentialis
1260 585 1385 608 differentia
1397 595 1407 606 u
1429 587 1460 614 (S.
1479 587 1570 615 Thom„
1589 587 1613 609 ll.
1626 587 1686 610 Seni.
1705 588 1727 610 d.
1746 587 1782 610 40.
1801 594 1820 610 a.
1836 589 1855 610 11.
1870 588 1899 610 ad

1052 623 1090 651 2.).
1109 623 1156 645 Sub
1175 624 1218 645 hoc
1235 627 1312 646 autem
1324 627 1429 652 respectu
1446 626 1467 647 S.
1486 626 1572 648 Bonav.
1584 627 1666 655 aegytii,
1687 627 1745 649 hane
1762 627 1899 649 divisionem

1051 667 1101 683 esse
1118 667 1160 689 per
1177 661 1316 685 differentias
1327 663 1462 686 essentiales
1474 666 1495 686 et
1513 664 1661 688 intrinsecas.
1674 678 1703 681 -
1716 666 1739 687 Si
1751 668 1828 688 autem
1841 667 1900 688 actio

1051 700 1209 722 consideratur
1221 702 1243 722 in
1255 707 1341 729 genere
1352 701 1427 724 moris
1444 703 1493 724 sive
1509 703 1637 725 secundum
1650 703 1758 727 ordinem
1770 704 1802 727 ad
1812 704 1899 734 fimum

1050 741 1105 761 tnnc
1122 739 1158 761 alii
1176 741 1329 762 communiter
1347 740 1439 768 docent,
1458 741 1521 769 quod
1540 741 1628 764 bovium
1645 747 1666 765 et
1683 743 1775 766 mabam
1793 743 1900 766 dividunt

1049 779 1150 800 actiones
1173 778 1328 802 essentialiter
1353 783 1374 802 et
1400 779 1531 803 secundam
1547 781 1654 809 speciem.
1680 782 1742 804 «Per
1768 783 1811 805 hoc
1836 784 1897 805 enim

1050 819 1108 840 actio
1126 818 1148 839 in
1167 824 1251 845 genere
1264 818 1339 841 moris
1351 820 1502 848 constituitur,
1521 821 1574 848 quia
1587 823 1621 842 est
1633 820 1691 842 bona
1710 821 1746 843 vel
1760 822 1826 844 mala.
1840 822 1897 850 Quia

1050 863 1106 879 vero
1122 857 1223 884 primum
1242 862 1292 879 esse
1309 857 1404 886 [scilicet
1421 859 1525 886 naturae]
1544 862 1578 881 est
1599 865 1648 882 esse
1665 858 1816 888 simpliciter,
1836 861 1897 883 aliud

1049 896 1181 919 secmzclum
1198 896 1270 926 quast
1287 897 1339 919 ideo
1363 897 1451 919 bonum
1473 901 1495 920 et
1519 898 1605 920 malum
1625 904 1668 920 non
1687 902 1740 921 sunt
1757 899 1897 922 differentiae

1048 936 1181 958 essentiales
1198 937 1293 959 actionis
1309 935 1460 966 simpliciter,
1480 937 1521 959 sed
1538 937 1670 960 seeundum
1687 937 1750 967 quid,
1772 942 1842 966 prout
1858 940 1898 961 sei-

1048 975 1100 997 licet
1116 977 1150 997 est
1167 975 1188 996 in
1206 981 1291 1003 genere
1310 976 1400 997 moris»
1422 975 1490 1003 (Petr.
1508 982 1519 998 a
1539 976 1599 1004 Tan,
1619 977 1642 998 ΙΙ.
1662 977 1723 999 Seni.
1742 976 1764 999 d.
1784 976 1820 999 40.
1839 984 1861 1006 q.
1874 978 1895 1000 2.

1048 1020 1068 1036 a.
1087 1014 1125 1041 2.).
1138 1014 1199 1036 Licet
1211 1018 1287 1036 autem
1300 1014 1322 1036 S.
1335 1014 1420 1036 Bonav.
1434 1015 1482 1036 aliis
1494 1014 1572 1037 verbis
1584 1018 1606 1037 et
1618 1015 1801 1038 distinctionibus
1814 1019 1898 1044 utatur,

1048 1055 1123 1075 tamen
1141 1053 1163 1075 in
1176 1053 1277 1075 doctrina
1292 1054 1399 1076 convenit
1416 1060 1469 1076 curn
1489 1055 1570 1077 ceteris
1592 1055 1714 1083 magistris.
1735 1055 1804 1077 Addit
1820 1058 1896 1078 autem

1049 1093 1070 1114 S.
1090 1092 1172 1114 Thorn.
1190 1096 1241 1119 (art.
1260 1094 1314 1121 cit),
1328 1093 1389 1122 quod
1403 1097 1467 1116 actus
1479 1093 1605 1116 interiores
1617 1093 1746 1117 voluntatis
1758 1094 1896 1124 simpliciter

1047 1131 1080 1152 sic
1096 1132 1172 1158 specie
1190 1131 1338 1159 dividuntur,
1358 1134 1421 1154 actus
1439 1138 1495 1154 vero
1518 1132 1629 1162 imperati
1646 1140 1658 1155 a
1682 1133 1798 1156 voluntate
1821 1137 1843 1156 et
1860 1134 1898 1156 eli-

1047 1170 1083 1192 citi
1102 1169 1131 1192 ab
1148 1170 1197 1192 aliis
1215 1171 1321 1198 potentiis
1339 1174 1426 1193 tantum
1443 1177 1486 1200 per
1503 1171 1619 1200 accidens,
1639 1172 1767 1195 secundum
1786 1172 1849 1202 quod
1867 1173 1895 1195 ad

1047 1216 1121 1238 genus
1139 1211 1210 1232 moris
1228 1211 1349 1238 pertinent.

1110 1249 1200 1271 Praeter
1218 1249 1333 1272 laudatos:
1352 1250 1413 1272 Alex.
1437 1250 1496 1278 Hal.,
1519 1250 1561 1272 loc.
1579 1252 1616 1273 cit.
1635 1254 1722 1279 quaest.
1742 1251 1804 1273 later.
1823 1264 1853 1267 —
1870 1252 1893 1274 B.

1045 1288 1138 1317 Albert.,
1157 1289 1179 1311 ΙΙ.
1198 1289 1258 1311 Sent.
1282 1289 1304 1311 d.
1329 1289 1365 1311 40.
1383 1296 1402 1311 a.
1426 1290 1442 1311 1.
1462 1303 1491 1305 -
1514 1290 1620 1312 Riehard.
1639 1297 1650 1312 a
1670 1291 1735 1319 Med„
1754 1291 1795 1313 loc.
1814 1292 1850 1313 cit.
1868 1298 1890 1320 q.

1050 1329 1066 1350 1.
1085 1341 1114 1344 -
1132 1328 1206 1356 AEgid.
1224 1329 1257 1356 R„
1276 1329 1317 1351 loe..
1337 1330 1372 1351 eit.
1391 1336 1413 1358 q.
1432 1329 1452 1351 2.
1472 1336 1492 1351 a.
1516 1330 1532 1351 l.
1551 1342 1580 1345 —
1598 1330 1651 1357 Biel,
1670 1331 1705 1352 nic
1723 1336 1744 1358 q.
1764 1331 1837 1352 unica.

908 1433 1072 1471 QUAESTIO
1095 1434 1123 1462 ΙΙ.

403 1509 508 1537 Utrum
530 1508 599 1537 llaec
621 1509 726 1537 divisio
747 1508 802 1546 siat
821 1518 873 1547 per
895 1508 1076 1547 differentias
1098 1509 1274 1543 essentiales,
1297 1518 1335 1538 an
1356 1518 1409 1546 per
1431 1510 1632 1539 accidentales.

215 1585 342 1613 Secundo
364 1585 519 1621 quaeritur,
542 1588 638 1613 utrum
661 1585 729 1614 haec
752 1585 852 1613 divisio
867 1585 915 1613 fiat
936 1592 986 1622 per

136 1632 306 1661 differentias
328 1632 502 1665 essentiales,
525 1640 559 1660 an
582 1640 632 1669 per
646 1632 840 1661 accidentales.
865 1633 895 1661 Et
910 1633 985 1670 quod

135 1687 186 1717 per
208 1679 381 1714 essentiales,
404 1679 524 1707 videtur.

217 1727 240 1754 1.
263 1726 420 1755 Accidentia
451 1729 517 1754 sunt
548 1726 773 1755 transmutabilia
799 1727 870 1755 cirea
895 1727 985 1756 subie-

135 1776 225 1807 etum3
248 1773 296 1802 sed
321 1773 427 1802 bonitas
449 1777 475 1802 et
507 1774 612 1802 malitia
642 1774 718 1802 nullo
742 1774 823 1802 modo
846 1777 984 1803 transmu-

135 1824 230 1849 tantur
252 1821 324 1849 cirea
346 1821 492 1855 actionem,
514 1824 545 1849 ut
567 1821 614 1849 illa
635 1821 719 1855 actio,
742 1829 814 1858 quae
837 1821 919 1849 modo
941 1825 983 1850 est

134 1868 219 1902 bona,
252 1868 349 1896 eadem
383 1876 501 1896 numero
530 1868 711 1904 postmodnm
734 1869 769 1897 sit
792 1869 879 1899 mala.
902 1868 945 1897 vel
967 1876 982 1897 e

131 1922 266 1944 converso
279 1915 298 1942 ¹:
321 1922 387 1951 ergo
409 1915 518 1944 bonitas
533 1919 560 1943 et
575 1915 681 1943 malitia
697 1923 751 1943 non
773 1919 839 1943 sunt
855 1916 982 1944 differen-

132 1962 185 1990 tiae
207 1961 392 1990 aceidentales
414 1962 543 1996 aetionis3
572 1965 598 1990 et
619 1965 685 1990 sunt
712 1962 913 1996 accidentales,
936 1962 980 1990 vel

130 2009 302 2037 essentiales:
327 2016 394 2046 ergo
415 2012 466 2037 etc.

210 2057 236 2084 Ω,2.
259 2056 335 2090 item,
356 2056 486 2093 quamvis
507 2056 645 2093 quaedam
668 2056 821 2085 accidentia
836 2056 890 2084 sint
913 2056 982 2084 inse-

130 2103 267 2141 parabilia
289 2104 445 2132 seeundum
468 2111 539 2137 rem,
562 2107 653 2132 tamen
669 2103 762 2131 onmia
785 2107 850 2132 sunt
872 2111 981 2140 separa-

129 2150 196 2179 bilia
218 2150 374 2179 secundum
394 2150 565 2179 intellectum
579 2150 602 2183 ‘²3
624 2150 673 2179 sed
691 2150 830 2187 quaedam
852 2151 923 2179 actio
938 2154 980 2179 est

129 2198 167 2226 ita
189 2197 281 2231 mala,
313 2197 388 2235 quod
417 2205 563 2234 nunqnam
585 2200 675 2234 potest
706 2205 767 2226 esse
789 2205 839 2226 neo
862 2197 977 2233 intelligi

128 2244 210 2278 bona,
231 2248 327 2281 utpote
349 2244 546 2281 blasphemare
568 2248 594 2273 et
615 2244 694 2273 odire
719 2244 820 2272 Deum:
843 2252 910 2281 ergo
942 2244 979 2272 vi-

129 2292 221 2325 detur,
244 2291 319 2328 quod
340 2291 446 2320 malitia
466 2299 521 2319 non
542 2291 650 2320 aecidat
673 2291 717 2319 tali
741 2291 851 2319 actioni.

208 2337 233 2366 3.
256 2338 333 2372 Item,
355 2338 501 2374 contingit,
523 2338 645 2375 aliquem
668 2338 795 2366 habitum
812 2345 873 2366 esse
888 2345 978 2366 essen-

1045 1584 1146 1613 tialiter
1180 1584 1302 1618 bonum,
1336 1588 1430 1622 utpote
1462 1585 1604 1614 caritatem
1634 1589 1660 1614 et
1681 1586 1815 1623 gratiam,
1847 1587 1893 1615 ali-

1043 1639 1127 1669 quem
1143 1632 1327 1661 essentialiter
1339 1632 1455 1667 malum,
1471 1635 1502 1661 ut
1515 1632 1677 1661 iniustitiam
1693 1636 1720 1661 et
1736 1633 1890 1662 lasciviam:

1042 1687 1109 1716 ergo
1131 1680 1191 1716 pari
1214 1680 1333 1714 ratione,
1356 1688 1418 1708 cum
1442 1683 1521 1709 actus
1544 1680 1598 1708 sint
1623 1681 1703 1717 quasi
1734 1688 1770 1709 ex
1793 1681 1891 1709 hahiti-

1042 1727 1133 1761 bus³;
1156 1727 1283 1759 videtur,
1312 1727 1387 1764 quod
1416 1727 1501 1765 aliqui
1528 1730 1608 1756 actus
1630 1728 1684 1756 sint
1706 1728 1890 1757 essentialiter

1041 1774 1115 1808 boni,
1138 1777 1164 1803 et
1185 1774 1271 1811 aliqui
1294 1774 1478 1803 essentialiter
1500 1774 1575 1808 mali,
1598 1774 1737 1811 loquendo
1759 1775 1793 1804 de
1816 1775 1891 1803 boni-

1040 1823 1096 1849 tate
1118 1824 1145 1849 et
1167 1821 1272 1849 malitia
1294 1821 1388 1849 moris.

1118 1868 1144 1896 4.
1168 1868 1247 1902 Item,
1276 1868 1370 1904 generi
1401 1868 1551 1905 respondet
1584 1869 1702 1905 species:
1735 1876 1801 1905 ergo
1824 1877 1888 1898 cum

1039 1914 1074 1942 sit
1096 1915 1201 1943 bonum
1224 1915 1250 1943 in
1273 1923 1375 1951 genere
1397 1919 1424 1944 et
1450 1915 1555 1943 malum
1580 1915 1605 1943 in
1638 1924 1752 1952 genere,
1775 1917 1888 1953 utrique

1039 1962 1219 1998 respondebit
1241 1962 1343 1991 bonum
1368 1965 1394 1991 et
1416 1963 1521 1990 malum
1544 1963 1663 1999 speciale
1685 1963 1743 1991 sive
1769 1971 1818 2000 per
1834 1971 1889 1991 mo-

1038 2009 1106 2037 dum
1129 2009 1229 2046 speciei
1252 2017 1281 2037 se
1303 2009 1421 2042 habens;
1437 2010 1484 2038 sed
1502 2017 1590 2046 genus
1605 2013 1647 2038 est
1667 2010 1814 2038 essentiale
1829 2018 1888 2047 spe-

1037 2055 1101 2085 ciei.
1123 2059 1150 2084 et
1165 2056 1272 2093 species
1287 2056 1370 2084 etiam
1385 2056 1464 2084 addit
1485 2064 1571 2093 super
1590 2064 1678 2093 genus
1699 2056 1884 2085 differentiam

1037 2103 1226 2131 essentialem:
1250 2111 1316 2139 ergo
1339 2111 1450 2132 necesse
1472 2106 1514 2131 est
1535 2103 1657 2140 aliquam
1681 2103 1816 2132 actionem
1840 2112 1884 2140 po-

1036 2158 1115 2184 nere,
1141 2158 1213 2187 quae
1240 2150 1274 2178 sit
1305 2150 1490 2179 essentialiter
1519 2153 1545 2179 et
1576 2150 1648 2178 bona
1670 2151 1697 2179 in
1729 2158 1831 2187 genere
1858 2154 1885 2179 et

1036 2197 1108 2225 bona
1130 2205 1166 2225 ex
1199 2197 1421 2230 eireuinstantia3
1455 2198 1513 2234 pari
1546 2197 1651 2226 ratione
1673 2201 1700 2226 et
1721 2197 1755 2226 de
1777 2197 1884 2226 actione

1037 2244 1117 2272 mala.
1141 2244 1258 2273 Videtur
1279 2252 1354 2281 ergo⁷
1377 2244 1451 2280 quod
1474 2244 1574 2272 divisio
1596 2244 1739 2281 praedicta
1765 2244 1812 2272 fiat
1833 2252 1883 2281 per

1035 2291 1207 2319 differentias
1229 2291 1391 2319 essentiales
1413 2294 1439 2319 et
1462 2291 1625 2319 intrinsecas
1639 2291 1657 2318 ⁴.

1114 2337 1166 2365 Snn
1188 2345 1310 2365 coNTnA:
1336 2338 1359 2364 l.
1386 2338 1557 2374 Augustinus
1584 2337 1610 2365 in
1643 2341 1743 2373 quarta
1765 2338 2022 2374 Respon-Fundamenta·

191 2444 197 2458 ¹
216 2444 260 2467 Cir.
279 2444 350 2467 verba
369 2445 459 2467 Aristot.
478 2450 548 2472 supra
567 2451 619 2472 pag.
639 2444 690 2471 937,
706 2446 756 2466 nota
776 2444 796 2465 6.
816 2444 888 2466 allata.
907 2444 928 2465 ln
942 2449 977 2465 eo-

128 2484 181 2506 dem
199 2485 288 2506 Aristot.
307 2484 365 2506 libro
389 2484 417 2506 de
444 2483 583 2506 i‘raoclicam.
609 2483 739 2512 eodemque
757 2490 775 2505 c.
793 2483 820 2505 [le
838 2482 976 2506 Substantia

127 2524 195 2545 etiam
214 2530 273 2552 quae
292 2524 327 2545 iiic
345 2524 366 2545 in
385 2522 474 2545 viatori*
490 2523 597 2545 dicuntur
609 2523 750 2549 explicantur
763 2523 797 2544 his
814 2521 907 2543 verbis:
920 2521 975 2543 Nam

127 2568 153 2585 ea
171 2569 231 2591 quae
248 2563 270 2584 in
288 2562 421 2585 substantiis
438 2566 502 2589 sunt,
521 2563 570 2589 ipsa
589 2562 683 2590 quidem
703 2564 801 2588 mutata,
819 2560 974 2588 susceptibilia

126 2604 179 2624 sunt
197 2603 380 2629 contrariorum3
399 2602 508 2630 frigidum
527 2602 587 2623 enim
611 2607 637 2623 ex
664 2601 737 2623 calido
764 2601 847 2623 tactum
874 2604 975 2622 mutatur

127 2641 244 2667 (alteratur
261 2643 345 2669 enim),
363 2644 385 2663 et
403 2642 495 2669 nigrum
522 2647 548 2663 ex
575 2640 627 2662 albo
653 2643 694 2662 etc.
713 2639 757 2662 Csr.
776 2640 843 2661 etiam
862 2640 875 2661 1.
895 2639 974 2666 Topic.

126 2687 145 2703 e.
164 2680 189 2708 4,
208 2681 247 2703 ubi
265 2681 372 2703 accidens
390 2681 422 2703 sie
440 2681 562 2703 desinitur:
581 2680 648 2708 Quod
672 2680 782 2707 contingit
805 2680 878 2701 inesse
901 2679 975 2701 cuivis

126 2720 165 2742 uni
183 2723 205 2742 et
221 2720 296 2742 eidem
314 2723 336 2742 et
353 2726 397 2741 non
416 2721 498 2741 inesse.

188 2758 197 2772 ‘2
215 2759 306 2785 Boeth.,
325 2758 349 2780 11.
367 2758 455 2786 Dialog.
474 2759 495 2780 in
514 2758 625 2785 Porphyr.
644 2764 662 2780 e.
681 2757 708 2780 (Ie
724 2756 858 2783 Aecidenti,
877 2756 974 2779 difficul-

127 2800 206 2824 tatem,
225 2803 285 2825 quae
302 2803 329 2819 ex
348 2797 520 2824 comparatione
546 2796 683 2818 definitionis
706 2796 829 2818 accidentis
847 2802 899 2818 cuni
918 2795 973 2818 divi-

125 2837 189 2858 sione
207 2837 256 2858 eius
273 2837 294 2857 in
313 2836 420 2858 accidens
437 2835 565 2863 separabile
583 2838 605 2857 et
616 2834 768 2863 inseparabile
780 2835 912 2862 emergitur,
925 2835 972 2857 scil.

126 2875 189 2904 quod
207 2875 236 2897 de
253 2874 412 2902 inseparabili,
431 2881 458 2897 eo
477 2876 526 2902 ipso
544 2874 607 2903 quod
632 2873 797 2902 inseparabile,
820 2873 921 2896 definitio
939 2880 973 2896 ae-

125 2914 222 2937 cidentis
238 2914 351 2936 verificari
371 2916 480 2942 nequeat,
498 2914 525 2935 ita
543 2913 625 2935 solvit:
639 2920 650 2933 u
664 2913 709 2934 Sed
722 2913 777 2935 haec
790 2916 835 2934 tam
848 2913 973 2935 vehemens

125 2954 229 2982 quaestio
247 2953 344 2975 solvitur
365 2954 411 2980 sic,
431 2952 493 2981 quod
511 2953 567 2974 haec
585 2953 633 2980 ipsa
652 2952 753 2974 definitio
771 2952 799 2974 de
816 2951 973 2974 accidentibus

127 2994 183 3015 tacta
201 2996 235 3015 est
251 2994 378 3022 potestate,
399 2998 443 3014 non
461 2993 532 3020 (titia,
560 2995 582 3014 et
606 2991 776 3021 intelligentia,
805 2997 848 3013 non
867 2991 971 3014 veritate.

1033 2443 1081 2465 Non
1100 2444 1153 2472 qnia
1172 2444 1280 2471 Aethiops
1298 2447 1320 2466 et
1337 2449 1421 2466 corvus
1447 2444 1547 2465 colorem
1573 2444 1686 2471 [nigrum]
1705 2445 1821 2471 amittant,
1840 2445 1880 2466 sed

1033 2483 1081 2504 sine
1099 2483 1141 2504 isto
1159 2483 1235 2504 colore
1253 2482 1281 2504 ad
1299 2482 1477 2511 iizielliyeuliam
1496 2486 1595 2505 nostram
1609 2486 1705 2510 possunt
1722 2483 1846 2505 subsistere
1859 2492 1880 2506 ».

1033 2522 1059 2544 Et
1085 2522 1120 2543 lV.
1146 2521 1273 2544 Comment.
1300 2522 1320 2543 in
1348 2522 1458 2549 Porphyr.
1484 2528 1503 2543 c.
1525 2521 1553 2544 [Ie
1570 2521 1690 2545 Accidentt
1706 2523 1750 2544 ait:
1772 2531 1781 2542 α
1795 2523 1838 2544 Sed
1857 2523 1881 2545 sit

1033 2568 1114 2589 saepe,
1133 2564 1155 2583 nt
1174 2568 1232 2590 quae
1251 2564 1301 2583 actu
1320 2561 1420 2588 disiungi
1438 2567 1482 2582 non
1504 2561 1593 2583 valeant
1611 2562 1686 2583 nuntie
1703 2562 1725 2583 et
1741 2561 1880 2591 cogitatione

1032 2604 1191 2628 separentur»
1210 2603 1251 2622 ete.
1271 2601 1411 2628 Porphyrius
1428 2601 1476 2628 ipse
1494 2601 1536 2622 loc.
1559 2601 1595 2622 cit.
1614 2601 1658 2622 ait:
1678 2601 1751 2623 Potest
1768 2601 1829 2623 enim
1847 2601 1878 2623 in-

1033 2639 1106 2669 [elligi
1122 2642 1143 2662 et
1161 2646 1246 2661 corvus
1263 2639 1329 2661 albus
1346 2642 1388 2661 etc.

1095 2677 1105 2692 ³
1121 2678 1165 2700 Ctr.
1184 2684 1252 2706 supra
1272 2684 1324 2705 pag.
1343 2678 1401 2705 718,
1428 2681 1479 2700 nota
1506 2679 1527 2700 9.
1553 2682 1575 2700 et
1592 2685 1645 2706 pag.
1663 2678 1720 2706 760,
1740 2682 1790 2701 nota
1810 2679 1830 2701 6.
1848 2691 1879 2695 —

1031 2716 1103 2739 Codd.
1122 2717 1139 2739 H
1159 2717 1187 2745 (T
1206 2724 1217 2738 a
1235 2717 1335 2739 secunda
1361 2721 1440 2745 manu)
1463 2717 1481 2739 Y
1499 2717 1530 2739 bb
1548 2723 1573 2739 cc
1591 2720 1612 2740 et
1629 2718 1665 2739 alii
1684 2724 1725 2740 neo
1743 2724 1786 2739 non
1805 2718 1840 2740 ed.
1866 2719 1873 2740 i

1032 2756 1138 2778 omittunt
1155 2755 1230 2785 quasi.

1094 2794 1102 2808 ⁴
1120 2795 1152 2817 De
1170 2795 1288 2822 principiis
1305 2795 1333 2817 ad
1352 2795 1449 2822 logicam
1475 2795 1643 2823 spectantibus,
1665 2795 1750 2824 quibus
1768 2797 1811 2818 hoc
1828 2803 1876 2824 arg.

1030 2835 1144 2861 Innititur,
1163 2835 1202 2856 el'r.
1222 2835 1344 2862 porphyra,
1371 2834 1399 2856 (le
1427 2834 1557 2857 Praedicab.
1584 2841 1603 2857 c.
1627 2835 1654 2858 tle
1671 2835 1751 2865 Spei-[e
1768 2839 1789 2858 ct
1807 2842 1826 2858 c.
1849 2836 1877 2859 de

1030 2873 1184 2903 Differenlia,
1205 2880 1263 2902 quae
1281 2879 1348 2901 capp.
1366 2873 1468 2895 breviter
1489 2874 1589 2896 reddunt
1607 2874 1733 2896 doctrinam
1752 2875 1877 2897 Aristotelis

1031 2912 1059 2935 de
1077 2912 1156 2941 Specie
1173 2915 1195 2934 et
1210 2911 1364 2942 Differ-entia,
1385 2913 1407 2934 in
1425 2912 1460 2934 IV.
1478 2916 1500 2935 et
1518 2912 1553 2934 Vl.
1573 2913 1652 2941 Topic.
1679 2914 1751 2935 fusius
1773 2915 1876 2941 proposi-

1030 2955 1083 2974 tam.
1102 2952 1123 2974 ln
1142 2952 1209 2974 codd.
1228 2952 1245 2973 H
1256 2952 1274 2973 li
1286 2952 1304 2973 T
1316 2951 1334 2973 V
1345 2952 1373 2973 W
1385 2952 1405 2973 X
1416 2951 1460 2973 YZ
1478 2958 1503 2973 ee
1521 2956 1543 2974 et
1560 2952 1608 2974 aliis
1627 2958 1667 2974 nec
1685 2958 1729 2975 non
1748 2953 1769 2974 in
1788 2953 1841 2975 edd.
1855 2954 1875 2981 sl,

1030 2992 1043 3013 2
1062 2991 1204 3013 desideratur
1222 2993 1278 3020 erpo
1296 2994 1347 3018 post
1368 2990 1472 3013 Videtur.
