2243 3425
55 1541 191 1561 Fundamenm.

804 196 886 225 DIST.
910 197 996 226 XLIV.
1018 197 1092 226 ART.
1114 197 1154 225 lll.
1177 198 1312 234 QUAEST.
1335 199 1363 226 ll.

207 273 343 310 praecipit
370 273 511 310 praelatus
540 274 723 311 impossibile,
753 275 916 303 tentandum
946 278 987 304 est
1015 275 1054 304 fa-

209 328 311 349 cere»:
334 328 400 357 ergo
415 321 437 349 si
454 321 481 349 in
503 321 722 357 impossibilibus
738 321 927 350 obediendum
949 325 990 351 est
1011 322 1053 357 ei,

206 367 296 396 multo
317 367 416 396 fortius
438 368 464 396 in
487 367 681 405 possibilibus:
704 375 770 403 ergo
792 368 819 396 in
841 368 979 397 omnibus.

285 415 311 442 [ι.
335 414 413 448 ltem,
446 414 628 451 Hieronymus
659 415 694 443 ad
728 415 870 444 Rusticum
889 415 912 444 ¹:
941 426 953 441 «
976 415 1053 444 Prae-

206 461 329 498 positum
364 462 525 490 monasterii
558 461 655 490 timeas
687 465 718 490 ut
753 462 917 496 dominum,
953 462 1052 499 diligas

206 511 237 536 ut
265 511 390 545 patrem,
412 508 510 537 credas
538 508 676 545 quidquid
704 508 809 537 dixerit
837 509 973 543 salutare,
1001 517 1052 538 nec

206 555 346 583 maiorum
368 555 472 584 iudices
487 555 665 589 sententiam,
688 555 768 584 cuius
783 559 825 584 est
846 555 969 585 officium
991 556 1052 585 obe-

205 602 265 630 dire
287 605 314 630 et
335 602 410 631 iussa
432 602 561 639 implere,
577 602 685 631 dicente
707 602 810 639 Moyse:
831 603 925 636 Attali,
942 603 1050 637 Israel,

204 652 230 677 et
251 653 312 677 tace
327 660 353 677 ».

284 697 309 724 5.
332 696 411 730 Item,
434 696 510 733 Hugo
532 696 567 725 de
595 700 689 725 sancto
710 697 832 725 Victore:
855 708 868 723 «
887 697 1051 725 Obedientia

204 747 245 773 est
266 744 368 777 virtus,
389 751 461 780 quae
482 744 575 772 omnia
603 744 781 781 amplectitur
803 744 925 773 iniuncta
954 752 1050 773 neces-

202 791 277 819 sario
305 790 462 827 imp’lenda,
491 791 543 819 nisi
572 791 710 820 obstiterit
738 792 901 829 imperantis
930 792 1051 820 auctori-

203 837 312 866 tas²>12
334 846 400 874 ergo
422 838 549 872 videtur,
572 838 647 875 quod
677 838 698 867 si
721 847 775 867 non
797 839 892 867 obedit
912 838 939 867 in
962 839 1051 867 omni-

202 884 271 919 bus,
299 893 351 913 non
380 884 465 913 habet
489 892 585 913 veram
614 885 815 914 obedientiam:
839 893 905 922 ergo
934 886 956 915 si
979 890 1050 915 tene-

202 935 249 960 tur
271 931 375 960 habere
396 939 493 960 veram
514 931 714 967 obedientiam,
736 935 848 961 tenetur
869 933 895 961 in
918 933 1049 962 omnibus

202 978 325 1007 obedire.

282 1027 308 1054 6.
330 1026 409 1061 Item,
425 1025 537 1054 videtur
552 1026 674 1054 ratione.
690 1026 766 1055 Sicut
788 1027 871 1055 homo
887 1030 969 1055 vovet
983 1035 1050 1064 pau-

202 1076 339 1109 pertatem
368 1077 395 1102 et
422 1073 635 1107 continentiam,
664 1073 703 1102 sic.
732 1077 814 1102 vovet
841 1074 1048 1109 obedientiam3

201 1120 251 1148 sed
279 1120 327 1157 qui
359 1123 441 1148 vovet
472 1120 669 1149 continentiam
701 1124 813 1149 tenetur
841 1121 982 1150 abstinere
1013 1122 1048 1150 ab

201 1167 276 1196 omni
298 1167 386 1201 coitu,
401 1171 428 1196 et
449 1167 496 1204 qui
511 1171 594 1196 vovet
608 1170 802 1205 paupertatem
822 1171 933 1197 tenetur
948 1176 1049 1197 renun-

200 1214 270 1243 tiare
291 1214 421 1243 omnibus
437 1214 650 1251 temporalibus:
673 1223 739 1251 ergo
757 1215 804 1252 qui
820 1218 903 1244 vovet
921 1215 1049 1244 obedien-

200 1261 267 1289 tiam
296 1264 406 1290 tenetur
428 1261 541 1290 obedire
570 1261 596 1289 in
618 1262 763 1297 omnibus,
786 1270 857 1299 quae
887 1262 939 1291 sibi
961 1263 1049 1291 iniun-

200 1311 314 1345 guntur.
338 1309 408 1344 Ergo
436 1308 507 1337 sicut
528 1308 629 1346 aliquis
658 1309 800 1338 iudicatur
827 1310 1047 1347 proprietarius,

201 1355 223 1383 si
245 1363 329 1383 unam
356 1355 443 1384 solam
465 1356 567 1392 pictam
584 1355 593 1368 ⁸
620 1355 736 1390 liabeatg
759 1356 797 1385 sic
826 1357 909 1385 debet
928 1357 1047 1386 iudicari

200 1402 375 1436 inobediens,
390 1402 411 1430 si
428 1410 515 1430 unum
532 1402 623 1431 solum
640 1403 755 1439 praelati
772 1402 890 1431 verbum
907 1407 1047 1440 pertrans-

198 1451 258 1476 eat:
281 1456 347 1485 ergo
368 1451 479 1476 tenetur
500 1448 524 1476 ei
547 1448 660 1477 obedIre
682 1449 709 1477 in
732 1449 870 1478 omnibus.

277 1495 329 1523 SED
350 1503 471 1523 conrna:
490 1496 514 1523 l.
536 1496 653 1524 :ictuum
676 1496 773 1533 quinto
785 1496 808 1524 ⁴:
827 1496 947 1525 obedire
966 1506 1047 1534 opor-

199 1546 235 1571 tet
256 1543 312 1571 Deo
334 1542 431 1580 inopis
453 1551 543 1580 (litam
565 1542 744 1571 tzomi'iztbus:
767 1552 833 1581 ergo
856 1544 882 1572 in
904 1545 1046 1582 aliquibus

197 1594 327 1619 tenemur
348 1590 462 1618 obedIre
484 1590 553 1624 Deo,
576 1590 603 1618 in
633 1590 736 1626 quibus
757 1599 810 1619 non
836 1594 963 1620 tenemur
985 1592 1046 1621 obe-

197 1637 258 1666 dire
279 1637 455 1665 hominibus:
485 1644 551 1673 ergo
573 1637 700 1672 videtur,
722 1638 795 1674 quod
823 1647 878 1666 non
900 1642 1046 1668 teneamur

197 1684 310 1713 obedire
332 1683 456 1720 praelato
478 1683 506 1712 in
528 1684 666 1712 omuibus.

276 1732 302 1759 Ξ).
323 1731 406 1766 ltem,
435 1731 595 1760 Bernardus
620 1732 647 1759 in
680 1731 751 1760 libro
776 1732 811 1761 de
836 1733 1045 1770 Dispensatione

196 1781 223 1807 et
244 1780 392 1814 praecepto
408 1777 426 1805 ⁵:
455 1788 467 1803 «
487 1777 621 1806 Subditus
642 1786 692 1807 nec
714 1778 783 1807 citra
803 1780 974 1815 promissum
1004 1784 1046 1810 est

198 1825 367 1854 inhibendus
395 1832 445 1853 nec
467 1824 542 1852 ultra
563 1825 704 1861 cogendus
733 1833 783 1862 per
806 1825 894 1863 legem
917 1827 1046 1856 obedien-

196 1872 250 1900 tiae
265 1882 295 1899 »2
318 1879 384 1908 ergo
406 1871 426 1900 si
450 1871 551 1908 aliquis
580 1871 722 1908 praelatus
743 1873 896 1909 praecipiat
923 1873 946 1902 ei
969 1874 1045 1902 ultra

196 1919 266 1947 illud
288 1918 363 1955 quod
385 1918 525 1955 promisit,
547 1926 601 1946 non
624 1919 749 1953 videtur,
772 1919 847 1956 quod
870 1923 997 1949 teneatur
1019 1921 1043 1949 ei

196 1965 319 1994 obedire.

275 2011 300 2040 3.
325 2012 406 2046 ltem,
428 2011 560 2048 perfectio
575 2011 717 2048 religionis
732 2012 855 2041 maxime
877 2014 1001 2043 consistit
1016 2014 1044 2042 in

195 2059 364 2097 perfectione
385 2059 571 2088 obedientiae:
594 2067 661 2096 ergo
676 2059 698 2088 si
718 2068 814 2089 omnes
829 2060 949 2098 religiosi
973 2064 1045 2090 tene-

196 2110 294 2135 rentur
320 2106 346 2134 in
362 2105 492 2134 omnibus
513 2105 640 2140 obedire,
663 2114 760 2135 omnes
782 2107 930 2144 religiones
952 2112 1044 2138 essent

195 2153 321 2191 aequalis
342 2152 526 2190 perfectionis.
556 2153 660 2189 Quodsi
682 2153 735 2182 hoc
756 2157 798 2183 est
818 2154 901 2191 plane
922 2155 1043 2184 falsum:

195 2207 262 2236 ergo
283 2202 333 2227 etc.

274 2246 300 2274 [ι.
323 2246 406 2280 Item,
429 2246 576 2283 religiosus
594 2255 648 2275 non
666 2250 775 2276 tenetur
790 2248 904 2277 obedire
919 2250 1044 2286 praelato

196 2301 247 2321 suo
268 2293 319 2321 nisi
344 2300 393 2330 per
415 2293 504 2330 legem
528 2294 602 2328 voti3
624 2294 673 2323 sed
694 2302 746 2331 per
762 2295 850 2332 legem
866 2296 920 2324 voti
938 2305 992 2325 non
1008 2300 1044 2325 te-

194 2343 277 2368 netur
299 2340 382 2368 homo
404 2340 512 2369 solvere
534 2341 587 2369 nisi
608 2341 679 2370 illud
694 2341 769 2378 quod
786 2342 861 2370 vovit
875 2347 1040 2379 spontanee:

1887 203 1960 233 1013

1111 283 1179 312 ergo
1200 276 1328 311 videtur,
1350 277 1426 314 quod
1447 278 1591 314 praelatus
1612 287 1666 308 non
1687 280 1775 317 possit
1796 281 1832 309 ab
1853 289 1885 310 eo
1906 282 1962 310 exi-

1111 330 1177 359 gere
1198 323 1250 352 nisi
1272 323 1343 352 illud
1365 325 1440 361 quod
1461 326 1590 362 promisit
1612 326 1772 356 observare.

1426 426 1638 449 CONCLUSIO.

1110 509 1277 539 Secundam
1298 512 1499 540 neeessariam
1520 512 1725 551 obligationem
1740 515 1901 546 obedientia
1916 527 1958 546 re-

1189 557 1364 595 liqiosormn
1378 558 1463 587 habet
1478 560 1635 588 terminum
1647 565 1672 589 et
1685 571 1857 592 mett-suram
1872 564 1958 594 ittaetct

1187 604 1422 641 magnitudinem
1437 606 1497 634 voti
1511 607 1619 641 emissi,
1636 607 1700 636 licet
1713 617 1822 637 semiim
1841 611 1881 639 sit
1894 620 1957 640 eon—

1188 650 1307 684 silium,
1331 652 1409 689 quod
1430 652 1459 680 in
1482 653 1616 682 omnihus
1638 648 1782 690 obediant,
1804 666 1879 695 qucte
1899 667 1958 687 iton

1187 701 1257 725 sunt
1278 704 1382 727 contra
1406 699 1506 728 Deum.

1187 791 1368 821 RespoNnsso:
1390 793 1562 827 Dicendum,
1584 796 1660 832 quod
1681 797 1763 826 aliter
1784 797 1957 836 loquendum

1107 841 1149 866 est
1171 838 1205 866 de
1231 838 1390 868 obedientia
1418 840 1578 870 exhibenda
1599 843 1725 879 praelato
1746 852 1763 872 a
1784 845 1897 874 subdito
1919 854 2044 880 re-nupiex
2059 863 2100 884 gm-

1107 884 1205 921 ligioso
1233 886 1389 914 secundum
1416 886 1593 916 obedientiae
1617 888 1846 927 perfectionem,
1876 880 2100 922 aliterflffhedffin'

1107 931 1264 960 secundum
1284 933 1465 962 necessitatis
1487 934 1699 972 obtiyationem.
1715 937 1741 966 Si
1756 938 1907 975 loquamur
1922 940 1957 969 de

1106 978 1167 1015 ipsa
1187 979 1344 1008 secundum
1359 979 1577 1017 perfectionem,
1592 983 1632 1012 sic
1647 983 1798 1013 dicendum
1814 989 1865 1020 est,
1881 987 1957 1023 quod
1970 997 2068 1017 Conclusio
2079 997 2097 1016 t.

1106 1025 1179 1054 sicut
1199 1026 1267 1055 dicit
1288 1026 1486 1062 Bernardus⁶,
1514 1030 1665 1066 «perfecta
1686 1031 1845 1060 obedientia
1872 1033 1956 1062 finem

1106 1073 1194 1102 nescit
1209 1084 1236 1108 »‚
1258 1077 1285 1102 et
1300 1074 1441 1111 perfectus
1456 1075 1589 1105 obediens
1605 1085 1658 1106 non
1674 1078 1766 1107 solum
1784 1079 1810 1107 in
1826 1079 1869 1108 his
1884 1088 1957 1117 quae

1107 1120 1236 1155 mandat,
1270 1121 1318 1149 sed
1350 1121 1432 1150 etiam
1460 1130 1547 1160 supra
1567 1131 1599 1152 ea
1621 1132 1693 1161 quae
1715 1126 1845 1161 mandat,
1867 1135 1958 1163 prom-

1106 1169 1185 1203 ptum
1202 1167 1287 1195 habet
1301 1167 1432 1197 affectum
1448 1169 1482 1197 ad
1499 1170 1703 1200 subiacendum
1719 1177 1869 1210 praecepto
1881 1182 1958 1210 prae-

1106 1213 1163 1248 lati,
1175 1213 1339 1243 desiderans
1351 1214 1431 1243 illum
1445 1216 1556 1251 imitari,
1569 1217 1616 1254 qui
1634 1216 1796 1247 ltttiitilians
1807 1228 1837 1248 se
1848 1220 1956 1257 ipsum,

1103 1259 1205 1298 faetus
1226 1265 1267 1289 est
1288 1261 1420 1290 obediens
1435 1263 1526 1291 Patri
1539 1272 1631 1302 usque
1652 1265 1693 1293 ad
1710 1270 1833 1294 mortem
1842 1268 1860 1295 ⁷.
1876 1285 1914 1288 —
1929 1268 1955 1296 Si

1105 1310 1199 1336 autem
1222 1308 1372 1345 loquamur
1402 1309 1437 1338 de
1465 1310 1623 1339 obedientia
1651 1313 1807 1341 secundum
1830 1322 1956 1343 neeessa-

1104 1355 1185 1383 riam
1207 1355 1431 1393 obliqcttionem,
1453 1357 1492 1386 sic
1508 1357 1592 1387 habet
1617 1360 1769 1389 terminum
1798 1363 1825 1389 et
1847 1369 2098 1391 mensu-eonciusme.

1105 1410 1165 1430 ram
1187 1403 1268 1431 iuxta
1289 1403 1511 1440 magnitudinem
1534 1406 1590 1433 voti
1612 1406 1714 1435 emissi.
1738 1407 1795 1436 Non
1811 1408 1884 1436 enim
1900 1417 1956 1437 am-

1104 1449 1179 1486 plius
1206 1452 1337 1478 tenentur
1365 1450 1480 1479 obedite
1510 1452 1568 1480 suis
1596 1453 1744 1489 praelatis,
1773 1455 1826 1483 nisi
1855 1456 1881 1483 in
1911 1456 1955 1485 liis

1109 1506 1122 1521 «
1137 1504 1209 1533 (inae
1230 1497 1422 1533 promiserunt
1443 1497 1560 1527 Domino
1581 1499 1732 1529 observare
1754 1504 1781 1529 et
1803 1510 1874 1539 quae
1899 1511 1954 1531 non

1104 1547 1170 1572 sunt
1190 1544 1330 1572 contraria
1358 1544 1467 1574 animae
1489 1548 1516 1574 et
1537 1546 1652 1583 regulae
1675 1547 1762 1576 suae⁸
1776 1558 1803 1576 ».
1827 1549 1903 1578 Unde
1932 1550 1954 1579 si

1104 1590 1248 1626 praelatus
1276 1590 1382 1627 aliquid
1411 1591 1564 1629 praecipiat
1586 1594 1660 1630 quod
1684 1594 1718 1622 sit
1740 1603 1826 1632 supra
1848 1600 1954 1632 votum,

1104 1636 1235 1665 subditus
1256 1645 1310 1665 non
1332 1640 1441 1666 tenetur
1456 1638 1490 1667 ad
1508 1638 1578 1667 illud
1593 1639 1777 1677 implendum.
1793 1659 1830 1662 —
1846 1643 1877 1673 Et
1891 1643 1954 1673 ideo

1103 1683 1313 1712 concedendum
1336 1687 1390 1719 est,
1412 1685 1487 1722 quod
1510 1685 1631 1723 religiosi
1654 1696 1708 1716 non
1724 1692 1856 1717 tenentur
1877 1699 1955 1727 prae-

1103 1729 1165 1758 latis
1187 1730 1246 1759 suis
1266 1731 1381 1759 obedire
1403 1732 1431 1760 in
1453 1733 1599 1766 omnibus„
1622 1734 1687 1763 licet
1709 1743 1808 1764 sanum
1835 1737 1870 1765 sit
1891 1746 1954 1765 coit-

1101 1777 1224 1811 silium,
1247 1777 1322 1814 quod
1345 1778 1371 1806 in
1395 1779 1526 1808 omnibus
1547 1780 1694 1815 obediant,
1720 1790 1792 1819 quae
1812 1791 1866 1812 non
1889 1788 1954 1813 sunt

1102 1827 1199 1852 contra
1227 1823 1325 1852 Deum.
1354 1825 1432 1853 Unde
1464 1826 1602 1862 rationes,
1631 1836 1703 1865 quae
1735 1829 1771 1858 ad
1801 1832 1953 1860 secundam

1102 1873 1210 1907 partem
1232 1870 1423 1906 inducuntur,
1446 1874 1640 1903 concedendae
1663 1878 1743 1911 sunt,
1766 1877 1831 1914 quia
1852 1886 1952 1907 verum

1102 1917 1282 1946 concludunt.

1183 1965 1206 1992 l.
1230 1964 1267 1993 Ad
1290 1965 1361 1993 illud
1383 1974 1449 2003 ergo
1471 1967 1546 2004 quod
1568 1968 1660 2005 primo
1681 1969 1811 1999 obiicitur
1837 1971 1864 2000 in
1893 1974 2085 2017 con-Stgffiffiffl-

1102 2010 1238 2045 trarium,
1261 2012 1336 2049 quod
1359 2013 1546 2042 obediendum
1571 2017 1612 2043 est
1634 2016 1661 2044 in
1683 2017 1814 2046 omnibus
1838 2018 1883 2047 his
1905 2020 1953 2057 qui
1971 2004 1982 2022 p
2079 2012 2084 2017 ⁷

1101 2057 1200 2085 sedent
1221 2057 1247 2085 in
1270 2059 1423 2094 cathedra,
1454 2068 1553 2089 verum
1576 2065 1617 2090 ost
1639 2062 1673 2091 de
1696 2063 1740 2092 his
1762 2072 1833 2101 quae
1855 2065 1891 2094 ad
1912 2073 1954 2094 ca-

1101 2103 1230 2132 thedram
1253 2109 1393 2142 spectant,
1423 2110 1450 2135 et
1478 2108 1512 2136 de
1541 2110 1698 2146 praeceptis
1727 2110 1813 2148 legis,
1836 2112 1870 2141 de
1891 2112 1953 2142 aliis

1101 2154 1195 2179 autem
1218 2159 1273 2180 non
1295 2153 1418 2181 mandat.
1441 2171 1479 2174 —
1502 2155 1532 2183 Et
1553 2156 1628 2192 qnod
1657 2156 1767 2191 obiicit,
1794 2159 1869 2195 quod
1894 2159 1953 2196 ipse

1102 2198 1237 2227 Dominus
1258 2198 1342 2227 dicit:
1368 2200 1426 2236 Qui
1445 2210 1495 2229 vos
1510 2202 1597 2230 aztflit
1611 2206 1682 2238 etc.;
1698 2204 1862 2240 dicendum,
1877 2207 1953 2243 quod

1102 2253 1201 2274 verum
1224 2250 1280 2281 est,
1310 2247 1385 2284 quod
1415 2248 1539 2285 loquitur
1561 2249 1595 2278 de
1618 2250 1661 2279 liis
1683 2259 1755 2288 quae
1777 2252 1897 2289 Apostoli
1927 2257 1954 2283 et

1101 2306 1202 2328 eorum
1229 2308 1406 2329 successores
1435 2303 1569 2332 mandant
1597 2312 1632 2333 ex
1655 2313 1775 2342 persona
1796 2307 1897 2336 Christi
1925 2311 1953 2337 et

1100 2345 1183 2374 etlam
1205 2353 1240 2374 ex
1263 2347 1429 2376 auctoritate
1451 2349 1503 2377 sibi
1525 2350 1608 2385 data,
1624 2351 1651 2379 in
1666 2352 1745 2381 nullo
1761 2356 1861 2389 tamen,
1877 2355 1953 2392 (Juod

259 2515 265 2529 ¹
284 2516 354 2543 Epist.
377 2516 425 2537 1255.
444 2522 465 2538 n.
483 2516 520 2539 15:
540 2517 697 2544 Praepositum
716 2519 847 2540 monasterii
865 2519 946 2540 timeas
964 2523 988 2541 'lt
1006 2519 1044 2542 do-

196 2556 297 2583 minum,
317 2556 399 2583 diligas
417 2558 441 2577 ut
458 2560 585 2583 parentem.
604 2555 690 2578 Credas
708 2556 747 2578 tibi
766 2557 864 2579 salutare
882 2558 996 2586 quidquid
1008 2559 1044 2581 ille

195 2595 353 2621 praeceperit5
372 2599 414 2616 nec
431 2594 459 2616 de
477 2595 592 2616 maiorum
610 2596 719 2617 sententia
738 2596 834 2623 iudices,
847 2597 912 2618 cuius
930 2597 998 2618 oflicii
1010 2600 1044 2619 cst

195 2632 291 2654 obedire
316 2636 338 2654 et
362 2633 459 2660 implore
486 2639 545 2661 quae
570 2634 631 2656 iussa
658 2637 725 2662 sunt,
744 2634 833 2657 dicente
851 2635 944 2663 Moyse:
962 2635 1040 2664 Audi,

196 2671 286 2700 lsrael,
307 2673 328 2694 et
345 2673 394 2695 tuce
414 2672 495 2701 [Dent.
509 2673 550 2701 27,
564 2674 577 2695 9
588 2691 593 2701 ,
612 2674 673 2695 iuxta
690 2674 839 2702 Septuaginta
857 2676 1003 2703 inte1·pretes;
1021 2677 1042 2698 in

196 2710 294 2738 Vulgata
321 2711 421 2739 tegitur:
438 2711 536 2734 Attemle
560 2713 581 2735 et
602 2712 675 2739 andi,
694 2706 793 2742 'lmvzelL
813 2726 842 2729 —
861 2714 902 2736 Pro
922 2714 1044 2738 iuniorum

195 2749 283 2773 {inlices
303 2751 351 2772 Vat.
370 2753 391 2772 et
408 2751 461 2773 edd.
480 2751 492 2773 3
504 2769 509 2779 ,
528 2751 540 2773 4
559 2751 658 2774 maioris
675 2752 768 2776 iudicet.

258 2788 267 2803 ‘2
284 2789 344 2811 Haec
369 2789 470 2812 definitio
496 2790 594 2813 habetur
620 2791 640 2812 in
665 2791 739 2819 libi-o,
758 2793 793 2814 cui
813 2793 905 2815 titulus:
924 2793 1044 2816 Tractatus

196 2827 224 2849 de
248 2831 306 2850 statu
328 2829 440 2850 virtutum
464 2829 537 2855 (inter
562 2835 631 2857 opera
656 2830 787 2859 Romami),
806 2838 828 2859 p.
854 2832 875 2853 11.
895 2838 915 2854 n.
940 2833 984 2854 20:
1008 2833 1045 2855 Est

195 2873 252 2894 crgo
265 2866 394 2889 obedientia
408 2868 491 2895 virtus,
510 2874 554 2896 qna
568 2869 649 2896 homo,
665 2871 758 2897 propria
776 2870 892 2893 voluntate
904 2872 1043 2899 postpositay

197 2906 274 2927 animo
292 2906 437 2933 amplectitur
455 2907 554 2929 iniuncta
567 2913 636 2935 opere
649 2908 778 2937 implenda,
796 2910 838 2931 nisi
851 2909 963 2932 obstiterit
974 2916 1042 2932 causa

196 2944 345 2972 invincibilis,
358 2945 394 2967 vel
407 2946 501 2973 praelati
518 2947 640 2969 auctoritas
657 2947 718 2969 idem
737 2948 872 2976 prohibens,
893 2949 955 2977 quod
973 2950 1044 2971 iniun-

197 2986 265 3005 xerat.
284 2996 314 2998 —
332 2983 363 3005 De
385 2984 482 3012 Ilugone
508 2985 547 3007 cfr.
574 2985 623 3007 eius
640 2986 721 3014 Expos.
749 2987 770 3008 in
796 2986 876 3014 Regul.
901 2987 923 3008 S.
940 2986 1043 3016 [August.

1101 2527 1119 2543 c..
1151 2523 1182 2549 11,
1201 2525 1223 2545 ot
1240 2523 1266 2545 V.
1285 2524 1384 2551 Allegor.
1403 2525 1424 2546 in
1444 2528 1510 2547 vetus
1528 2525 1628 2548 Testnm.
1647 2532 1665 2549 c.
1688 2527 1721 2555 19,
1739 2528 1811 2549 Scrm.
1833 2528 1869 2550 56.
1884 2529 1952 2556 (inter

1101 2565 1171 2587 opera
1192 2562 1273 2589 llug.):
1287 2561 1401 2584 Obediens
1419 2564 1494 2585 anima
1512 2564 1541 2586 ad
1554 2568 1633 2587 cuncta
1646 2583 1650 2592 ‚
1669 2572 1728 2593 quae
1740 2566 1784 2587 sibi
1796 2567 1950 2595 imperantury

1101 2599 1150 2621 sive
1168 2600 1309 2623 honorabilia
1335 2601 1457 2624 videantur
1474 2603 1523 2625 sive
1541 2604 1632 2632 turpia,
1658 2604 1790 2627 festinanter
1815 2611 1895 2628 aurem
1921 2607 1952 2628 in-

1101 2637 1175 2659 clinat.

1163 2675 1172 2690 ³
1188 2676 1254 2699 Picta
1267 2677 1328 2700 idem
1340 2680 1374 2700 est
1391 2685 1417 2701 ac
1432 2678 1546 2708 pictai-m
1565 2680 1618 2703 vide
1636 2681 1669 2703 Du
1694 2681 1786 2710 Gange,
1805 2683 1950 2706 Glossarium

1101 2718 1143 2736 etc.
1162 2715 1204 2737 Pro
1226 2722 1299 2738 vunum
1318 2716 1394 2739 solam
1414 2718 1502 2747 plutum
1525 2719 1602 2745 (codd.
1615 2719 1644 2741 W
1654 2720 1673 2742 Y
1690 2720 1722 2743 bb
1742 2720 1872 2751 picturum)
1899 2723 1949 2745 Vat.

1101 2756 1123 2775 et
1140 2754 1192 2776 edd.
1206 2754 1227 2782 3,
1241 2754 1253 2776 li
1265 2755 1432 2778 substituerunt
1444 2763 1521 2780 atuum
1532 2757 1611 2781 solum
1621 2760 1745 2788 punctum.

1164 2792 1173 2806 ¹¹
1193 2794 1256 2816 Vers.
1275 2795 1312 2816 ⁴29.

1165 2831 1175 2846 ⁵
1192 2831 1246 2860 Cap.
1265 2833 1286 2855 3.
1305 2839 1326 2855 n.
1346 2834 1382 2856 11,

1165 2870 1175 2884 ⁶
1191 2870 1251 2893 Libr.
1269 2871 1297 2893 (lo
1316 2872 1439 2901 Praecepto
1457 2876 1479 2895 ct
1495 2873 1596 2902 dispens.
1615 2881 1634 2897 c.
1653 2876 1674 2897 6.
1692 2882 1713 2898 n.
1736 2876 1777 2898 12:
1795 2877 1852 2900 Nam
1877 2879 1965 2906 perfe-‚

1102 2912 1137 2932 cta
1155 2909 1284 2932 obedientia
1302 2911 1377 2939 legem
1396 2913 1482 2941 nescit,
1501 2914 1603 2936 terminis
1620 2920 1665 2936 non
1683 2918 1791 2938 arctatur.

1165 2948 1174 2962 ⁷
1193 2949 1288 2977 Philipp.
1307 2950 1335 2978 2,
1355 2950 1374 2972 8,

1165 2987 1174 3001 ⁸
1193 2987 1219 3010 Ut
1237 2988 1320 3016 legitur
1337 2989 1359 3011 in
1377 2990 1465 3018 Regula
1483 2990 1588 3014 Fratrum
1605 2992 1730 3022 minorum,
1749 3000 1767 3016 c.
1790 2994 1823 3016 10.
