2243 3425
192 1468 291 1487 Conclusio
303 1469 319 1487 1.

194 1798 292 1816 Conclusio
304 1798 321 1815 2.

194 1939 267 1966 Duplex
282 1944 323 1963 pas-

219 2315 323 2333 Subdistiw

205 2456 272 2474 lterum
286 2456 328 2473 suli-

220 2479 322 2497 distinctio.

335 206 391 234 846

335 284 384 313 sed
396 284 464 313 istae
479 283 623 320 passiones
637 281 747 309 animae
762 288 816 308 000
832 282 897 307 sunt
914 278 1100 306 voluntariae:
1117 285 1184 314 ergo

334 339 388 359 000
411 333 477 358 sunt
498 329 594 365 culpa,
616 328 664 356 sed
687 330 795 355 tantum
817 333 907 362 poena
919 325 935 352 ¹.

413 376 438 405 3.
461 376 544 409 Item,
559 374 633 403 omni
651 374 733 410 culpa
748 373 956 409 vituperamur3
982 371 1185 408 «passionibus

333 427 426 453 autem
449 423 558 451 animae
580 430 632 450 non
656 420 807 449 laudamur
830 427 879 448 nec
895 419 1130 455 vituperamur»,
1152 417 1186 446 si-

333 474 381 500 cut
403 470 464 499 vult
492 467 714 505 Philosophus&
744 475 811 503 ergo
833 466 977 503 passiones
998 465 1108 494 animae
1129 472 1184 492 000

333 521 398 547 sunt
420 520 540 554 peccata.

410 565 437 592 li.
460 564 543 597 Item,
570 561 722 599 «opposita
737 564 802 589 sunt
823 562 888 588 nata
903 567 963 588 esse
980 559 1005 587 in
1028 559 1126 587 eodem
1143 566 1187 595 ge-

332 619 399 640 nere
413 611 421 623 ⁵³
434 622 461 645 n,
484 610 532 639 sed
555 609 633 638 nulla
654 608 745 637 virtus
760 611 801 636 est
816 607 923 644 passio,
939 615 1003 635 cum
1026 606 1117 634 omnis
1134 606 1186 634 vir-

332 661 378 687 tus
400 658 435 686 sit
456 658 482 685 in
506 663 607 694 genere
629 655 757 684 habitus:
781 662 848 691 ergo
870 654 981 682 nullum
1004 653 1103 682 vitium
1127 653 1185 681 sive

332 708 477 743 peccatum
500 707 541 733 est
562 703 664 741 passio.

412 755 438 782 ὃ.
460 752 543 783 Item,
566 752 592 779 in
615 750 689 779 omni
706 754 818 787 peccato
833 752 875 777 est
889 748 1034 777 conversio
1056 748 1091 777 ad
1114 756 1186 777 com-

333 800 467 829 mutabile
490 797 633 831 150001οῆ
656 797 682 825 10
705 796 867 825 huiusmodi
891 799 985 824 autem
1007 795 1185 833 passionibus

332 848 456 881 animae,
479 854 551 883 quae
573 848 638 874 sunt
660 844 779 877 invidia,
802 844 859 877 ira,
882 843 1007 877 tristitia,
1029 843 1122 879 potius
1144 846 1186 872 est

332 894 455 924 taedium
480 893 542 922 honi
565 896 592 921 et
613 891 722 920 aversio
744 898 828 927 quam
845 891 1003 919 conversio:
1026 898 1094 927 ergo
1116 889 1185 918 tales

333 941 476 979 passiones
497 941 606 969 animae
628 947 682 967 non
705 942 771 967 sunt
793 937 900 974 culpae.

648 1040 862 1061 CONCLUSIO.

333 1129 492 1158 Passiones
514 1128 660 1166 quaedam
689 1126 809 1155 animae
838 1130 863 1154 et
882 1134 993 1163 poenae
1019 1129 1045 1154 et
1062 1129 1185 1162 peccata

411 1180 498 1209 suut,
520 1179 664 1213 quatenus
694 1174 835 1203 ortionem*
863 1173 904 1202 vet
933 1182 967 1202 ex
997 1173 1186 1210 corruptione

412 1222 677 1259 concup[scemate,
701 1221 744 1249 'oet
765 1230 799 1249 ez:
822 1221 992 1249 inordinato
1014 1229 1116 1249 amore
1136 1229 1185 1249 vo-

413 1270 535 1299 luntatis
558 1269 772 1298 deliberativae.

412 1365 588 1393 Respounno:
612 1363 783 1397 Dicendum,
806 1362 880 1399 quod
904 1362 976 1391 sieut
998 1370 1132 1399 expresse
1148 1362 1186 1391 di<

334 1412 370 1441 cit
391 1412 520 1449 Magister
542 1412 569 1439 in
592 1410 706 1439 littera⁵
729 1414 756 1439 et
784 1410 885 1447 probat
910 1417 960 1446 per
989 1410 1185 1438 auctoritatem

333 1460 489 1497 Augustini,
512 1459 617 1487 multae
639 1462 705 1486 sunt
727 1458 870 1495 passiones
891 1457 1009 1489 animae,
1026 1465 1097 1494 quae
1121 1461 1186 1486 sunt

333 1515 387 1535 000
411 1507 502 1535 solnm
522 1506 668 1543 poenales,
691 1513 791 1534 verum
814 1505 897 1533 etiam
920 1504 1090 1541 culpabiles,
1113 1505 1186 1533 sicut

334 1555 375 1583 ira
396 1557 422 1583 et
444 1554 556 1582 invidia.
580 1554 653 1581 Licet
674 1557 767 1581 autem
785 1552 947 1580 huiusmodi
967 1552 1110 1588 passiones
1126 1560 1186 1588 pec-

334 1606 394 1630 cata
416 1601 483 1631 sint.
506 1604 598 1629 tamen
621 1603 733 1636 peccata
755 1608 809 1627 non
833 1602 898 1627 sunt
920 1599 1099 1636 inquantum
1118 1608 1186 1636 pus-

334 1649 439 1682 sz'oncs,
462 1648 534 1676 sicut
556 1647 629 1675 idem
659 1646 830 1683 Augustinus
860 1646 939 1680 dicit,
961 1649 988 1674 et
1014 1646 1135 1674 hahetur
1158 1646 1185 1674 in

334 1696 427 1724 littera
441 1695 461 1722 5z
483 1694 601 1723 «Omnis
623 1697 717 1722 autem
739 1693 840 1730 passio,
863 1693 1041 1730 inquantum
1066 1693 1123 1730 ipsa
1140 1693 1186 1721 ali-

336 1743 398 1780 quis
427 1742 547 1779 patitur,
577 1749 631 1769 non
659 1745 701 1769 est
729 1744 913 1777 peecatum»,
946 1740 994 1769 sed
1022 1740 1185 1769 huiusmodi

336 1789 478 1826 passiones
500 1790 612 1824 peccata
634 1791 699 1816 sunt
727 1787 834 1815 ratione
856 1787 1069 1815 inordinationis
1091 1787 1186 1815 volun-

335 1836 399 1865 tatis
420 1835 584 1864 coniunctae
606 1835 649 1863 vel
671 1835 886 1869 antecedenter,
908 1834 951 1863 vel
974 1838 1185 1871 consequenter.

416 1883 530 1919 Propter
552 1882 626 1918 quod
650 1881 803 1909 notandum
826 1885 876 1913 est,
892 1880 967 1917 quod
990 1881 1127 1918 quaedam
1145 1884 1187 1910 est

336 1930 428 1967 passio
452 1930 527 1957 illata
548 1928 584 1956 ab
607 1929 786 1962 extrinseco,
809 1932 835 1956 et
858 1928 931 1956 circa
954 1928 1025 1956 lianc
1048 1936 1102 1956 non
1126 1937 1187 1957 eon-

336 1978 408 2006 sistit
436 1977 568 2006 meritum
600 1984 650 2005 nec
679 1976 864 2007 demeritum,
888 1976 938 2004 nisi
963 1976 988 2003 in
1012 1979 1148 2012 quantum
1171 1985 1187 2004 a

336 2025 479 2053 voluntate
500 2024 645 2061 respuitur
667 2024 711 2052 vel
733 2026 902 2060 acceptatur.
927 2023 1002 2052 Unde
1025 2023 1112 2052 occidi
1136 2032 1187 2060 pro

336 2072 445 2100 Christo
467 2080 521 2099 non
543 2075 585 2100 est
606 2070 798 2102 meritorium,
820 2070 872 2099 nisi
902 2071 929 2098 in
952 2073 1088 2107 quantum
1122 2071 1187 2099 voli-

336 2123 396 2148 tum
418 2122 460 2148 est
481 2119 516 2147 al]
538 2127 570 2147 eo
592 2119 639 2155 qui
655 2118 800 2147 occiditur.
817 2118 893 2147 Unde
910 2118 1022 2155 proprie
1039 2118 1187 2155 loquendo,

336 2167 363 2194 in
385 2166 489 2194 talibus
515 2166 691 2202 passionibus
717 2165 818 2202 passio
851 2173 905 2193 000
938 2168 979 2193 θεῖ
1011 2165 1155 2193 meritoria
1169 2165 1187 2197 ⁷,

336 2213 385 2242 sed
406 2211 578 2250 -szisl‘w’entt'a
597 2212 757 2249 passionis.

417 2260 461 2288 Est
483 2263 509 2287 et
530 2259 585 2287 alia
607 2259 713 2296 passio,
736 2266 807 2295 quae
823 2262 916 2286 ortum
933 2258 1017 2286 habet
1033 2257 1069 2285 ab
1087 2257 1188 2285 intriu-

335 2315 406 2335 3600.
431 2306 460 2334 Et
483 2306 549 2334 liaec
573 2306 722 2342 dupliciter
744 2308 834 2342 potest
856 2305 939 2334 oriri.
962 2305 1027 2342 quia
1049 2304 1187 2341 quaedam

337 2354 426 2382 oritur
449 2361 484 2382 ex
515 2353 703 2390 corruptione
733 2356 873 2386 naturae,
897 2352 1035 2389 quaedam
1061 2359 1125 2380 vero
1152 2359 1187 2380 ex

337 2401 523 2429 conversione
546 2400 704 2429 uoluntatis
726 2400 841 2428 liberae.
852 2416 890 2420 -—
901 2400 930 2428 Et
947 2399 993 2427 illa
1008 2406 1080 2436 quae
1097 2399 1188 2426 oritur

337 2456 373 2476 ex
395 2447 583 2484 σοιν-1111110118
606 2451 750 2481 naturae,
774 2447 799 2475 in
823 2447 927 2484 duplici
951 2446 1108 2475 differentia
1130 2449 1188 2480 est;

337 2495 468 2532 quoniam
490 2498 592 2523 natura
614 2499 747 2531 corrupta
763 2497 804 2523 est
819 2495 926 2523 vvitiosa
942 2494 1122 2531 cm‘ruptione
1138 2502 1188 2531 per

339 2542 603 2578 concupiscentiam,
626 2546 653 2570 et
667 2545 800 2578 corrupta
823 2546 865 2570 est
880 2542 1058 2578 corruptione
1072 2541 1190 2577 poenali

402 2674 408 2688 ¹
428 2675 485 2696 Vidi·
503 2681 572 2702 supra
591 2682 644 2703 pag.
662 2675 714 2702 719,
734 2678 784 2697 nota
808 2676 824 2697 1.

400 2714 408 2727 2
428 2714 502 2736 Verba
523 2715 651 2742 Philosophi
671 2715 723 2737 vide
741 2721 810 2742 snpra
830 2722 883 2743 pag.
906 2716 954 2742 113,
971 2718 1022 2738 nota
1042 2716 1061 2737 8.

400 2752 409 2766 3
428 2753 559 2775 Secundum
579 2755 676 2781 ,tristotv
695 2754 723 2776 de
741 2761 787 2783 quo
805 2755 858 2776 vide
871 2761 941 2782 snpra
960 2761 1013 2783 pag.
1031 2754 1083 2780 stt,
1098 2757 1148 2776 nota
1167 2754 1187 2776 S.

339 2802 369 2806 —
385 2791 414 2812 Do
437 2791 524 2814 minori
546 2793 585 2814 etr.
610 2793 706 2821 ‚xi-istor„
726 2794 753 2815 (lo
772 2794 911 2816 Praedia-ani.
930 2800 948 2816 c.
972 2793 1000 2816 cle
1019 2793 1106 2821 Quali,
1126 2796 1148 2815 ct
1166 2793 1188 2815 11,

340 2830 408 2852 Etnic.
427 2837 445 2852 c.
464 2831 484 2852 ἔῐ.

402 2867 410 2882 ⁴
428 2868 472 2891 Cir.
490 2876 558 2897 snpra
577 2876 629 2898 pag.
649 2871 700 2898 853ss,
720 2875 771 2893 notu
791 2871 811 2894 t.
1047 2871 1056 2886 ⁵
1072 2872 1112 2893 llic
1130 2877 1148 2893 c.
1167 2871 1188 2892 6.

402 2906 411 2920 0
429 2907 468 2928 llic
486 2914 504 2929 c.
523 2909 543 2930 s).
563 2921 592 2924 Α
613 2910 661 2931 Mox
681 2916 721 2937 pro
739 2910 789 2939 ipsu
809 2911 859 2933 cod.
878 2917 903 2933 cc
921 2914 943 2933 ct
960 2911 996 2933 vd.
1019 2912 1023 2932 1
1047 2910 1130 2940 ipsum.

403 2945 412 2959 ⁷
432 2946 451 2967 ln
470 2946 536 2968 codd.
555 2948 569 2968 F
583 2948 599 2969 tt
615 2948 628 2969 l‘
648 2948 679 2976 (Q
697 2956 708 2970 a
727 2950 800 2976 prima
814 2952 897 2978 mann)
917 2951 932 2972 Z
950 2955 971 2973 ct
989 2951 1037 2972 aliis
1051 2956 1092 2972 nec
1109 2951 1187 2971 nonin

341 2983 392 3005 Vat.
410 2987 431 3005 1-1
448 2984 499 3006 cdd.
519 2986 539 3012 2,
558 2986 578 3012 3,
597 2986 609 3008 4
628 2987 689 3009 ‹let-st
707 2988 785 3016 passio
804 2993 825 3011 et
844 2995 885 3016 pro
903 2988 1026 3012 'mm-ituria
1045 2989 1127 3017 lcgitui·
1144 2994 1189 3011 me-

1020 199 1273 228 SENTENTIARUM
1295 198 1354 227 LlB.
1377 198 1406 226 Il.

1241 285 1291 314 per
1304 276 1503 305 mortalitatem
1519 275 1662 305 inflictam.
1675 276 1739 305 Illae
1751 276 1836 313 igitur
1853 277 2004 313 passiones,
2020 285 2093 314 quae

1242 323 1374 351 oriuntur
1395 331 1431 351 ex
1458 322 1647 359 corruptione
1674 326 1820 356 naturae,
1843 326 1874 351 ut
1895 326 1937 351 est
1958 326 2091 360 corrupta
2105 329 2216 351 conclusioz

1239 370 1359 407 poenali
1379 370 1567 407 corruptione,
1589 373 1684 399 tenent
1699 370 1834 399 rationem
1852 379 1956 408 poenae
1976 375 2093 406 tantum,

1242 420 1274 446 ut
1295 418 1382 447 fames
1404 421 1432 446 et
1453 418 1526 452 sitis3
1549 417 1612 446 illae
1635 425 1710 451 vero,
1729 425 1801 454 quae
1822 418 1953 446 oriuntur
1975 418 2093 455 abipsa,

1243 468 1274 493 ut
1296 469 1338 494 est
1358 468 1491 502 corrupta
1522 464 1711 501 corruptione
1739 464 1863 498 vitiosa,
1896 473 1950 493 non
1983 469 2092 494 tantum
2106 471 2216 492 eonc1usio¹

1243 512 1348 540 hahent
1376 512 1511 540 rationem
1542 519 1660 549 poenae,
1690 511 1737 540 sed
1765 511 1849 539 etiam
1878 511 1994 548 culpae3
2023 512 2095 540 sicut

1243 562 1309 588 sunt
1330 559 1504 587 inordinatae
1525 558 1685 587 affectiones
1699 558 1818 592 animae,
1833 566 1905 595 qnae
1921 561 2095 595 consurgunt

1243 614 1279 634 ex
1303 606 1401 635 morbo
1426 606 1680 643 concupiscentiae,
1710 609 1737 634 et
1764 605 1832 634 tales
1858 608 1923 634 sunt
1951 606 2095 643 passiones

1243 653 1301 682 irae
1324 656 1350 681 et
1372 653 1493 682 invidiae
1514 656 1541 682 et
1563 653 1721 682 consimiles
1732 653 1750 680 ⁸.

1323 700 1484 731 Secundum
1515 703 1609 729 autem
1645 700 1721 737 quod
1753 699 1915 728 huiusmodi
1952 700 2095 737 passiones
2125 707 2204 726 Alterum

2104 730 2204 749 membrum
2213 732 2221 750 11

1243 747 1375 776 oriuntur
1396 755 1432 776 ex
1455 747 1642 775 conversione
1668 747 1829 775 voluntatis
1850 747 1886 776 ad
1915 747 2029 784 aliquod
2051 747 2096 776 ho·
2112 753 2209 780 subdistin-

2111 777 2176 795 ettonis
2189 778 2221 797 ite-'

1242 803 1311 823 num
1340 795 1476 828 amabile,
1499 794 1547 829 sic,
1570 794 1726 823 secundum
1753 794 1828 832 quod
1851 794 1981 823 voluntas
2011 795 2144 823 habetrurn
2158 801 2217 820 distin-

1242 842 1366 871 converti
1397 841 1563 878 dupliciter,
1596 841 1741 878 passiones
1773 841 1937 870 huiusmodi
1970 844 2036 870 sunt
2068 841 2096 869 in
2109 826 2165 842 ΨΜ

1242 889 1348 926 duplici
1371 896 1480 926 genere.
1503 888 1638 917 Voluntas
1660 888 1734 917 enim
1756 888 1908 925 aliquando
1923 889 2096 918 convertitur

1243 936 1278 964 ad
1292 936 1398 964 bonum
1409 935 1593 973 simpliciter,
1608 938 1635 964 et
1651 938 1717 964 tunc
1733 935 1888 964 detestatur
1904 939 1931 964 et
1946 936 2004 964 odit
2019 935 2095 973 quod

1243 983 1411 1012 adversatur
1433 983 1471 1011 illi
1494 983 1575 1017 bono,
1591 986 1688 1020 utpote
1703 986 1867 1020 peccatum3
1889 986 1916 1011 et
1938 983 1990 1011 hoc
2011 983 2095 1011 modo
2108 992 2220 1012 Conclusio?

1242 1030 1387 1068 passiones
1404 1030 1467 1059 inde
1483 1033 1684 1067 consurgentes
1700 1033 1766 1059 sunt
1782 1030 1871 1059 iustae
1886 1034 1913 1059 et
1928 1030 2095 1058 meritoriae.

1242 1095 1280 1098 ——
1296 1078 1474 1106 Convertitur
1496 1078 1579 1106 etiam
1596 1078 1726 1106 voluntas
1751 1077 1903 1115 aliquando
1928 1078 1963 1106 ad
1990 1077 2096 1106 bonum
2219 1112 2220 1115 Ἰ

1239 1125 1399 1163 propriam
1421 1125 1499 1154 etad
1516 1125 1623 1153 bonum
1645 1129 1678 1153 ut
1698 1134 1793 1158 mom,-
1808 1129 1835 1154 et
1852 1128 1917 1154 tunc
1938 1125 2095 1162 passiones,
2108 1134 2220 1160 Connusiot

1243 1181 1315 1210 quae
1337 1172 1400 1201 inde
1422 1176 1612 1209 consurgunt,
1635 1172 1790 1209 culpabiles
1812 1176 1878 1201 sunt
1899 1175 1927 1201 et
1948 1172 2048 1207 malae,
2064 1172 2097 1201 si-

1243 1224 1291 1249 cut
1318 1223 1345 1248 et
1374 1220 1520 1253 voluntas,
1543 1228 1559 1248 a
1587 1228 1642 1257 qua
1673 1220 1821 1254 oriuntur,
1844 1219 1892 1248 sed
1915 1228 1970 1248 non
1991 1219 2097 1248 habent

1243 1268 1354 1305 plenam
1377 1267 1513 1295 rationem
1538 1267 1646 1295 maliet
1667 1267 1782 1304 culpae,
1804 1267 1856 1296 nisi
1872 1267 1987 1304 quando
2009 1267 2035 1295 10
2052 1275 2098 1295 vo-

1243 1315 1350 1343 luntate
1365 1317 1607 1348 consummantur,
1623 1317 1719 1351 utpote
1734 1322 1798 1343 cum
1814 1314 1917 1352 aliquis
1931 1314 1993 1343 vult
2014 1314 2097 1343 irasci

1243 1366 1270 1391 et
1291 1362 1418 1390 invidere
1433 1365 1460 1390 et
1475 1361 1558 1390 etiam
1574 1361 1743 1390 contristari.
1758 1378 1797 1382 —
1812 1361 1843 1390 Et
1858 1362 1897 1390 sic
1912 1364 2004 1399 patet,
2019 1361 2096 1398 quod
2127 1369 2220 1396 emensio

1243 1409 1405 1438 huiusmodi
1423 1409 1567 1445 passiones
1581 1409 1691 1437 animae
1707 1412 1821 1446 peccata
1836 1412 1911 1443 sunt,
1926 1412 1954 1437 et
1969 1409 1995 1437 in
2012 1416 2098 1446 quan·
2110 1394 2204 1416 generans

1243 1461 1303 1486 tum
1325 1457 1457 1486 oriuntur
1479 1465 1515 1485 ex
1538 1456 1719 1493 corruptione
1741 1456 1998 1492 concupiscentiae,
2021 1459 2048 1485 et
2069 1456 2097 1484 in

1242 1508 1379 1541 quantum
1402 1508 1495 1532 ortum
1519 1503 1624 1532 habent
1645 1511 1680 1531 ex
1704 1503 1862 1532 inordinato
1883 1511 1980 1531 amore
2002 1503 2098 1531 volun-

1242 1553 1306 1581 tatis
1328 1551 1528 1580 deliberativae
1540 1550 1560 1578 ⁹.
1582 1567 1621 1571 —
1642 1550 1841 1579 Concedendae
1862 1553 1928 1578 sunt
1949 1550 2035 1587 igitur
2057 1558 2097 1578 ra-

1243 1600 1332 1628 tiones
1359 1598 1554 1632 ostendentes,
1584 1598 1693 1634 aliquas
1722 1598 1867 1635 passiones
1895 1598 2005 1627 animae
2036 1605 2098 1626 esse

1242 1650 1364 1684 peccata.

1327 1694 1349 1720 t.
1371 1692 1409 1720 Ad
1432 1691 1502 1720 illud
1526 1699 1592 1720 vero
1614 1692 1688 1728 quod
1718 1691 1850 1720 obiicitur
1872 1692 1964 1729 primo
1986 1692 2012 1720 in
2035 1700 2210 1727 con-soimioop

1243 1740 1376 1771 trarium.
1399 1739 1471 1776 quod
1508 1739 1592 1767 libido
1621 1743 1719 1776 regnat
1741 1739 1768 1767 in
1797 1739 1873 1767 omni
1899 1742 2026 1776 peccat03
2059 1726 2207 1768 di-¹³⁰⁵¹‘⁰”¹m

1243 1787 1374 1821 cendum,
1396 1786 1470 1823 quod
1494 1794 1593 1815 verum
1616 1790 1673 1820 est,
1695 1786 1851 1815 secundum
1869 1786 1943 1823 quod
1959 1786 2045 1815 libido
2061 1786 2099 1815 111-

1243 1835 1315 1863 citur
1338 1833 1474 1871 improbet
1489 1833 1643 1865 volzmtcts:
1665 1834 1713 1862 sed
1731 1842 1784 1861 non
1800 1836 1918 1870 oportet,
1940 1833 2097 1862 secundum

1244 1882 1318 1919 quod
1342 1882 1428 1910 libido
1451 1881 1554 1910 dicitur
1576 1881 1773 1909 inmoderata
1795 1881 1944 1910 delectatio
1957 1881 1982 1908 ¹⁰.
2000 1898 2037 1902 ——
2057 1881 2206 1909 Ni-Anasoiui

1244 1929 1398 1957 liilominus
1427 1932 1517 1957 tamen
1550 1931 1641 1965 potest
1670 1928 1739 1961 dici,
1762 1928 1837 1965 quod
1860 1932 1886 1957 et
1908 1928 1935 1956 in
1958 1928 2017 1957 istis
2039 1936 2100 1965 pec-

1244 1976 1312 2004 catis
1335 1975 1476 2012 reperitur
1493 1975 1578 2003 libido
1600 1979 1730 2012 respectu
1760 1975 1865 2012 proprii
1896 1975 2002 2004 motivi.
2030 1975 2097 2003 Nam

1244 2023 1358 2051 invidus
1380 2022 1535 2051 delectatur
1566 2023 1591 2050 in
1616 2022 1679 2051 boni
1710 2022 1920 2059 singularitate,
1942 2026 1969 2051 et
1991 2023 2099 2051 iracun-

1245 2071 1299 2099 dus
1328 2069 1484 2098 delectatur
1513 2069 1539 2097 in
1566 2069 1714 2106 adeptione
1736 2070 1884 2098 vindictae.
1906 2070 1993 2097 Immo
2022 2069 2098 2107 quod
2114 2078 2207 2097 sonanda-1

1244 2117 1309 2154 plus
1331 2120 1388 2148 est,
1411 2117 1483 2145 sicut
1505 2117 1547 2144 vir
1571 2116 1662 2145 iustus
1691 2125 1727 2145 ex
1756 2117 1924 2145 rectitudine
1947 2117 2098 2145 voluntatis

1245 2165 1402 2193 delei-tatur
1423 2164 1544 2192 dolendo
1560 2164 1594 2192 de
1612 2164 1684 2192 malo
1700 2164 1813 2201 culpae,
1830 2164 1868 2192 sic
1884 2164 1967 2192 etiam
1985 2164 2098 2193 invidus

1245 2212 1386 2249 quandam
1417 2211 1596 2240 resectionem
1626 2211 1731 2239 invenit
1759 2211 1785 2239 in
1809 2211 1929 2239 dolendo
1952 2211 1986 2239 de
2008 2211 2099 2239 aliena

1245 2258 1446 2295 prosperitate,
1470 2258 1506 2285 ita
1528 2258 1603 2294 quod
1629 2258 1776 2287 delectatio
1797 2262 1839 2287 est
1861 2258 1895 2287 de
1918 2266 1982 2291 nno,
2005 2261 2032 2286 et
2054 2258 2100 2286 tri—

1246 2305 1319 2333 stitia
1348 2308 1390 2333 est
1418 2305 1453 2333 de
1482 2304 1578 2333 altere.
1605 2305 1851 2341 Quemadmodum
1880 2305 1954 2333 enim
1980 2305 2098 2342 aliquis,

1246 2352 1314 2380 dum
1337 2352 1431 2380 amisit
1453 2352 1523 2381 illud
1545 2352 1620 2389 quod
1644 2352 1765 2381 multum
1789 2352 1901 2384 dilexit,
1918 2352 2100 2381 vehementer

1246 2400 1391 2434 tristatur,
1413 2403 1439 2428 et
1462 2407 1563 2436 magna
1584 2402 1625 2428 est
1648 2399 1685 2427 illi
1708 2399 1860 2428 consolatio
1881 2407 1962 2436 posse
1985 2399 2099 2434 tristari,

1245 2451 1272 2475 et
1295 2447 1331 2475 ilii
1355 2446 1447 2475 solum
1470 2446 1575 2475 invenit
1590 2447 1713 2483 quietem
1731 2447 1757 2475 in
1773 2446 1841 2475 fletu
1857 2449 1884 2475 et
1906 2446 2012 2481 dolore,
2027 2446 2100 2475 sicut

1247 2494 1419 2531 Augustinus
1442 2494 1468 2522 in
1484 2498 1585 2531 quarto
1605 2494 1815 2522 confessionum
1829 2494 1845 2508 ¹¹
1862 2494 1929 2522 dicit
1944 2494 1978 2522 cle
1993 2501 2039 2527 se,
2062 2493 2101 2522 sic

1248 2541 1362 2569 invidus
1384 2541 1411 2569 10
1434 2541 1554 2569 dolendo
1577 2541 1610 2570 (le
1640 2541 1712 2570 hono
1740 2541 1830 2569 alieno
1853 2541 1880 2568 in
1903 2541 1949 2568 illa
1971 2540 2100 2577 passione

1247 2675 1372 2703 ritorium,
1391 2676 1427 2697 cui
1445 2675 1519 2697 vei-bo
1538 2675 1586 2697 Vnt.
1600 2677 1621 2697 ct
1638 2674 1691 2697 edd.
1705 2674 1725 2701 3,
1745 2674 1757 2696 4
1777 2675 1872 2702 insuper
1890 2674 2022 2702 praefigunt
2034 2673 2099 2704 quid.

1246 2727 1277 2731 -
1289 2714 1333 2737 Ct'r.
1351 2716 1455 2742 August„
1474 2715 1529 2736 xnt.
1549 2715 1577 2737 ‹le
1595 2714 1643 2736 Civ.
1662 2714 1713 2741 Dei,
1732 2720 1750 2735 c.
1770 2713 1816 2736 t-s.

1310 2753 1319 2768 s
1336 2753 1380 2776 Csr.
1398 2760 1468 2781 supra
1487 2754 1508 2776 11.
1528 2754 1564 2775 311.
1583 2760 1602 2775 a.
1625 2754 1641 2774 t.
1660 2760 1681 2782 q.
1705 2754 1722 2775 1.
1740 2759 1788 2782 seq.
1800 2766 1829 2768 —
1842 2753 1891 2775 Mox
1909 2753 1960 2775 voci
1975 2752 2099 2781 passiones

1247 2793 1308 2821 cdd„
1326 2796 1419 2821 excepta
1440 2794 1459 2821 rl,
1478 2793 1566 2815 addunt
1585 2792 1687 2815 animae.

1309 2832 1318 2846 9
1336 2832 1379 2854 (Ἰν.
1399 2834 1503 2860 August.y
1522 2832 1559 2854 lX.
1572 2832 1601 2854 de
1619 2832 1666 2854 Civ.
1685 2832 1736 2859 Dei,
1753 2838 1772 2854 c.
1787 2831 1807 2853 4.
1825 2838 1873 2860 seq.
1891 2833 1913 2853 et
1925 2831 1984 2852 XlV.
2002 2836 2021 2853 c.
2034 2831 2097 2852 3-11.

1246 2874 1266 2893 ct
1290 2871 1321 2893 Ι5.
1342 2878 1362 2893 n.
1381 2872 1402 2893 2.

1246 2950 1268 2971 11.
1288 2950 1324 2972 31.
1344 2957 1362 2971 a.
1383 2951 1402 2971 2Δ
1422 2956 1443 2978 q.
1463 2950 1483 2971 3.
1503 2951 1523 2971 in
1543 2956 1606 2977 corp.

1310 2988 1327 3002 ¹¹
1348 2988 1403 3016 Cap.
1422 2989 1443 3011 (3.
1462 2995 1482 3010 n.
1506 2989 1537 3010 11.
