2243 3425
337 197 369 225 Vt
1088 196 1312 225 PROtAEGOMEN
1314 197 1331 224 Α

337 274 376 302 (ll.
395 274 445 297 Cur.
464 275 489 301 5
509 276 545 302 6.)
564 275 650 297 dictum
669 278 717 298 est:
735 276 774 298 Eat
798 276 866 304 parte
892 275 1056 305 coqnoscimvs
1083 275 1112 301 (i.
1131 275 1182 298 Cor.

340 323 378 351 t3,
397 324 440 351 9.),
459 323 515 345 Hinc
533 323 603 345 multa
621 327 740 345 remanent
757 324 931 351 sapientissimis
953 323 1045 350 ignota,
1064 323 1134 344 multa
1153 323 1183 344 in-

336 372 408 396 certa,
427 371 510 392 multae
529 371 680 399 quaestiones,
699 373 720 392 et
738 370 766 392 ad
785 370 883 392 morales
901 372 922 391 et
935 369 964 391 ad
980 370 1134 397 speculativas
1153 369 1184 391 di-

335 417 442 444 sciplinas
459 420 600 445 spectantes,
618 424 662 439 nou
682 418 723 439 nisi
742 423 795 439 cuni
810 416 976 446 probabilitate
1002 416 1134 438 solvendae.
1159 416 1184 438 Et

338 462 401 490 quod
418 463 470 490 plus
488 466 536 486 est.
555 469 623 485 nomo
640 464 688 485 sine
707 463 783 491 aliquo
801 468 879 484 errore
890 481 895 490 ,
913 462 993 484 saltem
1011 463 1071 484 circa
1084 463 1184 489 particu-

336 510 402 537 laria;
424 510 497 538 «quia
521 511 590 531 homo
616 510 748 538 frequenter
773 509 902 537 dcciphru,
929 509 1064 536 deceptione
1091 509 1183 536 potius,

336 562 394 584 quae
411 560 445 578 est
463 562 535 583 poena
555 562 624 585 quam
643 557 722 584 culpa,
736 562 747 578 a
766 563 811 584 qua
829 557 866 577 vix
885 556 967 584 aliquis
984 558 1091 578 tractator
1108 557 1183 578 catho-

336 604 392 626 licus
409 605 518 626 immunis
536 605 584 626 t'uit.
604 604 628 626 Et
646 604 697 625 ideo
716 604 765 626 talis
788 604 900 626 dissensio
924 603 1112 631 reprehensibilis
1138 609 1183 625 non

336 654 377 672 est.
395 651 507 679 Quamvis
524 652 584 672 enim
602 651 735 673 discordent
751 651 828 680 aliquo
847 651 916 673 nimio
930 651 1029 678 iudicia,
1042 650 1184 673 concordant

337 700 412 719 tamen
430 697 558 725 desideria,
582 703 662 719 omnes
688 699 748 719 enim
775 698 877 720 catholici
905 700 1037 720 tractatores
1062 698 1182 719 veritatem

337 743 412 766 dicere
429 744 526 766 volunt»
548 745 618 769 (infra
633 744 653 767 d.
672 745 703 766 15.
717 745 772 767 dub.
787 745 831 773 3.).
846 746 909 767 Plura
923 745 964 767 alia
978 746 1100 778 attentione
1113 745 1183 773 digna

335 791 421 813 ibidem
447 791 555 813 dicuntur
573 791 601 813 de.
619 792 761 814 dissensione
787 792 951 814 catholic‹:›rum
978 794 1098 814 auctorum
1125 785 1183 815 (cfr.

335 839 404 860 etiam
422 838 550 866 prolegom
569 840 604 861 cit.
624 845 676 867 pag.
696 839 796 866 xxxa,
814 839 856 862 col.
875 839 912 867 1.).
930 839 977 861 Hac
1002 840 1071 867 igitur
1097 839 1184 861 ratione

336 884 419 907 duetus
435 885 570 914 sinceraque
589 886 714 908 humilitate
731 886 820 914 plenus,
839 886 978 914 seraphicus
995 886 1079 909 Doctor
1090 892 1184 914 semper

334 937 388 954 cum
400 933 511 955 modestia
523 951 528 960 ,
547 933 614 955 valde
632 933 777 955 observanda
796 936 817 955 et
834 933 956 961 imitanda,
974 933 1075 962 loquitur
1088 933 1116 955 de
1131 939 1184 960 pro-

334 979 441 1002 batorum
460 980 581 1002 doctorum
598 981 746 1008 opinionibus
759 981 801 1008 ipsi
815 987 858 1002 non
873 980 982 1009 probatis.
996 980 1060 1002 Unde
1080 987 1100 1002 ν.
1120 986 1141 1008 g.
1155 980 1183 1002 (le

335 1026 435 1054 quadem
453 1027 561 1054 opinione
580 1027 682 1055 hugonis
699 1030 721 1049 et
738 1028 839 1054 Magistri
864 1028 918 1049 dicit
936 1027 1008 1053 (infra
1027 1027 1048 1049 d.
1067 1027 1103 1049 30.
1122 1033 1142 1049 a.
1161 1027 1183 1048 3.

334 1080 356 1101 q.
374 1073 432 1095 t.ad
450 1074 497 1101 l.):

334 1126 379 1142 non
392 1122 547 1148 consentiunt,
565 1127 607 1144 ttet-
619 1127 660 1151 eqo
673 1121 735 1151 ipsos
750 1121 804 1144 tmze
820 1121 940 1151 intellt'yo;
957 1128 999 1144 nec
1017 1123 1096 1144 tamen
1119 1121 1183 1151 affir-

514 1083 524 1093 α
537 1074 617 1096 Verbis
635 1081 716 1096 eorum
735 1076 755 1096 in
775 1076 817 1097 hae
834 1078 899 1102 parte
912 1075 1016 1102 magistri
1029 1075 1183 1097 communiter

333 1172 380 1194 mo,
393 1166 446 1190 illos
458 1167 548 1196 salsum
566 1167 661 1195 dimisse,
676 1168 718 1190 sed
731 1169 805 1195 magis
817 1168 917 1196 intelligo
933 1168 1000 1189 aliam
1015 1168 1147 1196 opinionem
1161 1176 1181 1189 n.

398 1214 489 1242 Quarto
507 1215 619 1243 denique,
645 1215 685 1237 ubi
711 1216 733 1237 in
759 1215 829 1237 rebus
855 1216 936 1237 creatis
961 1218 995 1237 est
1012 1214 1072 1242 vita,
1092 1214 1122 1237 ibi
1142 1221 1183 1237 nec

330 1267 475 1291 proffessus
501 1265 575 1289 potest
601 1263 759 1289 summoveri,
784 1265 805 1285 et
822 1262 861 1284 ubi
880 1265 913 1284 est
930 1268 1081 1290 progressus,
1100 1263 1183 1290 imper-

333 1308 390 1330 fecta
408 1314 502 1330 necesse
519 1312 553 1330 est
570 1308 652 1330 cedant
677 1308 823 1336 imperfectis.
842 1308 886 1330 Lex
905 1308 1026 1330 cuiusdam
1045 1313 1183 1336 progressus

333 1355 355 1376 in
372 1355 420 1382 ipsa
434 1355 505 1376 divini
524 1354 575 1377 fidei
594 1355 691 1383 depositi
705 1356 850 1383 intelligentia
868 1356 1012 1384 aliquatenus
1024 1355 1092 1377 valet.
1106 1354 1183 1377 Conci-

333 1402 389 1424 lium
401 1403 461 1424 enim
476 1403 611 1425 Vaticanum
625 1402 661 1429 (cle
672 1403 728 1426 Fide
740 1409 759 1426 c.
773 1403 804 1432 4.)
817 1403 970 1431 approbando
983 1403 1069 1431 recepit
1082 1402 1184 1430 praecla-

332 1455 384 1471 rum
403 1450 514 1472 Vincentii
532 1450 661 1473 Lerinensis
680 1450 827 1478 (Commonit.
846 1457 867 1473 n.
886 1451 922 1472 28.
942 1451 996 1473 alias
1014 1450 1060 1478 23.)
1074 1450 1183 1472 effatum:

336 1505 346 1516 (τ
359 1496 449 1519 Crescat
468 1498 537 1525 igitur
554 1500 576 1520 et
594 1498 690 1519 multum
709 1499 905 1526 vehementerque
922 1497 1027 1525 proficiat
1045 1501 1089 1519 tam
1108 1498 1185 1525 singu·

333 1543 407 1565 lorum
426 1549 496 1572 quam
514 1545 631 1571 omnium,
650 1547 696 1566 tam
713 1545 782 1566 unius
805 1545 904 1567 hominis
929 1550 999 1573 quam
1026 1545 1094 1567 totius
1112 1544 1185 1566 Eccle-

333 1591 391 1618 siae,
410 1594 509 1613 aetatum
528 1597 554 1613 ac
572 1592 717 1614 saeculorum
736 1591 860 1619 gradibus,
879 1591 1049 1621 z'ntellt'yetttz'cz,
1068 1591 1182 1620 scientia,

333 1637 467 1667 sctpz'entict.;
484 1638 525 1661 sed
543 1639 564 1660 in
583 1645 625 1661 suo
643 1639 761 1661 dumtaxat
779 1646 875 1667 genere,
894 1639 918 1661 ίη
944 1639 1023 1662 eodem
1040 1639 1129 1663 scilicet
1145 1638 1183 1662 do-

333 1685 426 1714 qmate,
446 1684 529 1707 eodem
547 1691 615 1707 sensu
634 1685 763 1714 eademqne
781 1687 890 1708 sententia
904 1695 924 1708 n.

396 1731 468 1759 Magis
493 1732 562 1753 etiam
588 1737 728 1759 progressus
752 1732 829 1754 valere
855 1737 933 1760 posset
950 1734 972 1754 in
990 1732 1086 1755 scientia
1104 1733 1184 1756 stricte

334 1778 480 1808 tlteoloyicct,
500 1779 536 1801 vel
555 1780 623 1801 ctiam
640 1779 816 1809 philosophron,
837 1780 966 1803 dummodo
979 1781 1183 1803 fieretsecundum

334 1825 397 1853 teges
409 1826 457 1847 veri
474 1831 620 1854 progressus,
639 1832 650 1848 a
668 1826 784 1848 Lerinensi
802 1826 884 1849 eodeni
903 1827 953 1849 loeo
971 1827 1066 1850 mirifice
1084 1828 1184 1856 descrip-

334 1874 375 1902 tas.
388 1872 508 1895 Sincerum
521 1875 597 1895 autem
610 1874 758 1896 scientiarum
770 1874 872 1896 studium
886 1878 907 1897 ct
920 1881 1071 1903 progressum
1085 1875 1183 1898 Ecclesia

334 1926 427 1948 semper
444 1920 537 1943 fovebat
553 1925 575 1944 et
592 1922 726 1949 perfectiora
745 1922 885 1950 imperfectis
903 1925 927 1945 ut
945 1922 1112 1945 substituantur
1124 1929 1185 1945 com-

334 1967 465 1989 mendabat.
484 1968 518 1990 Ad
535 1974 584 1990 rem
602 1969 713 1991 Summus
736 1969 836 1991 Pontifex
854 1970 899 1991 Leo
919 1970 975 1992 Xill.
994 1971 1015 1992 in
1034 1970 1183 1993 celeberrima

334 2020 375 2035 sua
402 2014 484 2036 Littera
511 2015 625 2043 encyclica
652 2016 748 2038 Aeterni
772 2016 851 2039 Patris
875 2017 1031 2047 tf'm'qensttts,
1060 2021 1183 2046 postquam

334 2066 388 2082 cum
401 2061 467 2082 laude
486 2063 677 2084 comnwmoravit
697 2071 707 2082 a
718 2063 798 2085 doctos
815 2064 920 2086 homines
937 2068 1005 2092 atque
1023 2065 1132 2092 sollertes,
1145 2066 1184 2093 qui

336 2108 471 2130 industriam
490 2112 511 2131 et
529 2109 679 2131 eruditionem
698 2116 778 2137 suam,
797 2117 823 2132 ae
841 2117 955 2133 novorum
968 2112 1114 2134 inventorum
1128 2118 1185 2140 opes

335 2155 363 2177 ad
381 2156 530 2178 excolendam
547 2156 721 2186 philosophiam
738 2159 850 2185 atterunt,
870 2158 892 2180 id
910 2159 971 2180 enim
989 2158 1060 2188 probe
1077 2158 1185 2189 intellim-

334 2208 389 2225 mus
406 2202 437 2225 ad
454 2203 599 2226 incrementa
616 2203 736 2226 doctrinae
754 2205 867 2232 portinere
881 2212 904 2232 i),
918 2206 1012 2227 inferius
1024 2206 1101 2234 quoad
1115 2206 1185 2228 Scho-

336 2251 427 2272 lasticos
444 2251 578 2278 subiungit:
598 2259 608 2271 «
620 2252 641 2273 Si
660 2251 716 2280 quid
734 2253 794 2273 enim
812 2255 846 2274 est
864 2259 874 2273 a
895 2252 1028 2274 doctoribus
1046 2253 1186 2275 scholasticis

335 2297 371 2318 vel
391 2297 457 2318 nimia
484 2297 606 2319 subtilitate
632 2299 773 2326 quaesitum,
800 2299 834 2321 vel
858 2305 940 2326 parum
959 2299 1101 2322 considerate
1120 2300 1186 2322 tradi—

335 2346 397 2371 tum,
415 2344 432 2365 si
451 2343 507 2372 quid
526 2350 578 2365 cum
604 2345 726 2372 exploratis
753 2346 885 2373 posterioris
908 2347 958 2368 aevi
977 2346 1086 2369 doctrinis
1110 2348 1186 2369 minus

335 2392 472 2419 cohaerens,
491 2392 526 2413 vel
545 2392 645 2420 denique
662 2399 757 2421 quoquo
776 2393 845 2415 modo
864 2400 907 2415 non
932 2394 1064 2422 probabile,
1083 2395 1105 2416 id
1124 2395 1186 2417 nullo

336 2441 402 2465 pacto
421 2439 442 2460 in
460 2439 536 2460 animo
554 2442 588 2460 cst
605 2440 670 2461 aetati
689 2443 779 2461 nostrae
796 2439 825 2462 ad
843 2440 980 2462 imitandum
993 2441 1091 2468 proponi
1105 2449 1125 2462 n.
1139 2441 1186 2463 Hoc

336 2486 451 2513 sapienter
468 2489 489 2508 et
507 2486 634 2509 secundum
660 2487 765 2514 spiritum
793 2488 906 2510 Ecclesiae
929 2489 1100 2516 pronuntiatum
1119 2495 1184 2516 esse,

337 2539 404 2555 nemo
419 2533 522 2561 ambigit.
538 2534 688 2557 Nihilominus
705 2535 786 2556 eadem
804 2535 949 2557 observantia
970 2536 1131 2563 excipiendum
1152 2539 1186 2558 est

337 2579 398 2601 aliud
415 2586 432 2601 s.
446 2579 511 2601 Sedis
523 2580 641 2602 oraculum
655 2580 748 2608 (Syllab.
768 2587 833 2609 prop.
857 2582 908 2605 111),
921 2588 967 2610 quo
979 2581 1123 2611 reprobatio·
1136 2589 1185 2611 pro-

1240 276 1338 302 positio:
1355 283 1365 294 (ι
1378 275 1497 297 Methodus
1509 278 1530 297 et
1542 275 1666 302 principia,
1685 275 1770 304 quibus
1782 276 1867 303 antiqui
1881 275 1986 298 doctores
2004 276 2088 297 schola-

1240 321 1288 344 stici
1307 322 1444 349 theologiam
1463 322 1622 348 excoluerunt,
1636 324 1766 349 temporum
1784 321 1957 344 necessitatibus
1974 323 2089 344 scientiae-

1241 374 1286 397 que
1307 369 1440 397 progressui
1468 369 1561 390 minime
1587 371 1718 396 congruunt
1732 376 1750 390 ».
1764 369 1856 396 ——lpse
1874 369 1895 391 S.
1922 369 2021 396 Bonam,
2048 373 2089 391 tra-

1241 415 1300 437 ditae
1318 416 1424 444 antiquae
1442 417 1547 438 scientiae
1565 420 1587 438 et
1604 416 1728 443 sapientiae
1740 416 1837 438 eximius
1854 416 1927 437 cultor
1944 420 1966 438 et
1982 419 2089 438 strenuus

1240 462 1359 490 defensor,
1385 465 1460 485 tamen
1483 466 1505 485 et
1522 463 1627 491 exemplo
1644 466 1666 485 et.
1687 462 1760 485 verbo
1786 463 1912 491 genuinum
1938 466 1960 485 et.
1985 463 2089 485 sobrium

1241 516 1392 538 progressum
1410 511 1490 537 coluit,
1513 519 1522 529 a
1535 511 1587 539 quia
1606 516 1648 538 per
1665 511 1760 532 multam
1778 510 1945 532 discussionem
1964 510 2033 532 dubia
2050 510 2090 532 du-

1241 559 1324 578 cuntur
1341 557 1370 579 ad
1388 558 1593 580 manifestationem
1607 567 1616 577 »
1639 558 1704 583 (infra
1724 557 1746 579 d.
1765 557 1801 579 37.
1819 563 1839 579 a.
1857 557 1874 578 1.
1887 564 1908 585 q.
1925 557 1961 585 1.).
1976 557 2021 579 Sed
2034 559 2090 585 quot

1241 602 1398 628 discussione}
1416 605 1602 633 diligentissimae
1620 605 1672 627 inde
1691 611 1701 627 a
1720 608 1837 632 tempore,
1856 611 1902 633 quo
1923 605 1944 626 hi
1968 604 2090 627 Commen-

1241 653 1289 674 tarii
1307 655 1360 674 sunt
1376 653 1466 680 scripti,
1485 653 1555 675 factae
1573 655 1632 680 sunt,
1645 656 1666 674 et
1683 659 1694 674 a
1713 653 1888 680 sapientissimis
1906 651 2000 680 quidem
2018 652 2088 679 viris,

1241 699 1299 721 inter
1317 705 1376 727 quos
1393 699 1415 721 S.
1434 699 1536 721 Thomas
1548 700 1650 727 primum
1664 699 1739 721 locum
1758 700 1869 726 occupat!
1889 698 1949 726 Quot
1966 697 2090 721 discussio-

1241 752 1290 774 nes,
1305 750 1361 775 quot
1373 746 1463 768 decreta
1482 750 1504 769 et
1520 753 1619 769 canones
1637 747 1658 768 in
1677 746 1873 775 subsequentibus
1890 745 2003 773 Conciliis,
2024 751 2091 774 prae-

1241 794 1319 815 sertim
1333 793 1474 821 Tridentino,
1487 793 1638 821 prodicrunt,
1652 796 1708 822 quot
1720 794 1811 815 oracula
1825 800 1842 815 s.
1856 793 1933 819 Sedis,
1947 796 2003 821 quot
2014 794 2090 815 theses

1242 839 1375 867 damnatae,
1393 843 1448 868 quot
1466 841 1556 868 operosi
1575 840 1625 862 libri
1643 841 1893 868 praestantissimorum
1912 840 2089 867 theologorum,

1241 886 1326 915 quibus
1344 887 1445 915 integrae
1463 887 1577 915 quaedam
1597 887 1738 915 theologicae
1755 887 1889 914 disciplinae
1907 893 1951 909 non
1974 890 2020 909 tam
2043 886 2091 908 illu-

1240 936 1330 961 stratae,
1343 940 1413 962 quam
1426 937 1559 961 exstructae,
1572 936 1636 956 sunt!
1646 934 1759 961 Attamen,
1770 933 1833 962 quod
1845 933 1903 955 benc
1916 933 2091 956 observandum

1241 984 1285 1009 est,
1303 981 1405 1003 aedificia
1424 981 1552 1009 theologiae
1570 987 1624 1003 vere
1641 981 1712 1003 solida
1733 987 1776 1003 non
1798 982 1840 1003 nisi
1858 987 1928 1009 super
1945 981 2045 1009 antiquis
2069 983 2091 1003 et

1241 1027 1328 1050 traditis
1340 1031 1362 1049 et
1375 1034 1385 1049 a
1405 1028 1549 1050 Scholasticis
1566 1027 1681 1055 profunde.
1694 1028 1757 1049 iactis
1770 1027 1924 1049 fundamentis
1940 1030 2015 1050 erecta
2029 1029 2089 1050 sunt.

1241 1075 1296 1103 Quis
1320 1078 1399 1103 neget,
1424 1075 1516 1097 infinitis
1539 1076 1573 1096 his
1595 1075 1713 1097 laboribus
1739 1080 1783 1096 non
1810 1081 1896 1103 pauca,
1914 1075 2049 1102 praesertim
2068 1075 2090 1096 in

1240 1122 1414 1151 quaestionibus
1439 1121 1613 1150 specialioribus
1636 1125 1658 1144 et
1679 1121 1823 1144 subsidiariis
1846 1121 1984 1150 disciplinis,
2008 1122 2091 1144 melius

1240 1168 1390 1191 determinata
1409 1175 1471 1195 esse,
1485 1176 1495 1188 a
1508 1174 1552 1190 uon
1566 1174 1638 1196 pauca
1653 1168 1719 1190 ducta
1738 1174 1788 1190 esse
1801 1168 1829 1190 ad
1847 1169 2052 1191 manifestationem
2067 1169 2091 1190 »ἲ

1242 1215 1286 1237 Sed
1305 1215 1355 1237 licet
1373 1221 1413 1237 sua
1432 1215 1481 1237 laus
1493 1215 1622 1243 insignibus
1635 1215 1826 1244 subsequentium
1840 1218 1940 1237 aetatum
1957 1215 2091 1238 doctoribus

1241 1263 1298 1284 iuste
1311 1262 1436 1287 tribuatur,
1455 1265 1530 1284 tamen
1549 1268 1576 1284 ne
1594 1262 1723 1291 quidquam
1746 1262 1879 1284 detrahatur
1896 1264 1994 1285 summis
2010 1263 2053 1285 iltis
2070 1266 2092 1285 et

1240 1310 1389 1332 sanctissimis
1401 1310 1512 1332 Ecclesiae
1530 1309 1678 1338 Doctoribus,
1698 1316 1756 1332 neve
1773 1316 1854 1332 eorum
1871 1311 1956 1338 scripta
1975 1310 2091 1338 negligan-

1241 1358 1292 1379 tur!
1311 1357 1371 1378 Satis
1388 1358 1439 1384 apte
1458 1359 1479 1378 et
1496 1356 1524 1378 ad
1543 1362 1591 1378 rem
1610 1359 1688 1378 monet
1705 1356 1779 1384 AEgid.
1798 1356 1823 1378 R.
1843 1356 1875 1383 (tt.
1894 1356 1955 1378 Sent.
1974 1355 1995 1377 d.
2015 1355 2052 1377 37.
2069 1361 2091 1384 q.

1245 1404 1262 1425 ¹.
1281 1410 1300 1425 a.
1320 1404 1363 1431 3.),
1383 1403 1446 1432 quod
1465 1404 1604 1431 posteriores
1621 1403 1716 1432 quidem
1737 1412 1747 1423 «
1760 1404 1880 1426 existentes
1892 1409 1963 1431 super
1981 1404 2092 1425 humeros

1241 1451 1357 1479 priorum,
1376 1450 1467 1478 longius
1483 1450 1563 1472 vident
1581 1456 1651 1479 quam
1670 1450 1773 1477 priores,
1793 1456 1844 1472 nam
1857 1451 1875 1472 si
1894 1456 1968 1472 nanus
1984 1453 2044 1472 esset
2056 1456 2093 1472 su-

1241 1504 1283 1525 per
1301 1498 1411 1520 humeros
1428 1498 1540 1525 gigantis,
1558 1498 1650 1526 longius
1667 1497 1756 1520 videret
1773 1503 1843 1526 quam
1862 1498 1928 1525 gigas
1941 1506 1962 1519 »,

1305 1544 1405 1572 Operam
1431 1545 1551 1573 dedimus,
1571 1548 1595 1567 ut
1612 1546 1633 1567 in
1652 1546 1735 1567 uostris
1752 1545 1844 1567 scholiis
1862 1545 1963 1567 breviter
1980 1545 2093 1567 indicare.-

1242 1595 1293 1619 tur,
1320 1591 1359 1613 ubi
1380 1595 1402 1614 et
1427 1591 1546 1620 quomodo
1572 1593 1680 1614 sententia
1707 1592 1729 1613 S.
1755 1592 1930 1614 Bonaventurae
1956 1592 2058 1614 discedat
2080 1598 2091 1614 a

1241 1639 1351 1661 sententia
1378 1639 1539 1666 principalium
1557 1639 1616 1660 illius
1633 1639 1712 1661 aetatis
1730 1639 1902 1666 magistrorum.
1921 1639 1968 1661 Hoc
1985 1639 2044 1661 scire
2062 1639 2093 1660 in-

1242 1686 1380 1714 cipientibus
1404 1686 1507 1708 studium
1525 1686 1546 1708 S.
1566 1686 1740 1708 Bonax-‘enturae
1757 1692 1811 1708 sane
1829 1689 1863 1708 est
1880 1686 2041 1713 utilissimum,
2065 1692 2093 1708 ne

1242 1733 1358 1760 dicamus,
1378 1734 1540 1755 necessarium.
1559 1733 1581 1754 Si
1599 1733 1659 1754 enim
1673 1734 1801 1761 sapientes,
1817 1734 1856 1761 qui
1874 1732 1955 1755 iisdem
1974 1733 2093 1760 principiis

1241 1781 1379 1808 innituntur,
1398 1786 1443 1802 non
1462 1781 1613 1807 conveniunt,
1640 1781 1774 1808 praesertim
1793 1781 1811 1802 si
1824 1781 1899 1808 agitur
1923 1779 1952 1802 de
1978 1780 2094 1808 primariis

1241 1827 1390 1853 doctoribus:
1417 1830 1470 1849 tunc
1496 1827 1610 1849 ordinarie
1636 1827 1833 1855 praesumendum
1858 1830 1902 1854 est,
1920 1827 2093 1850 conclusionem

1242 1881 1285 1897 non
1304 1881 1354 1897 esse
1371 1875 1438 1902 plene
1464 1874 1619 1902 exploratam,
1645 1874 1686 1896 sed
1712 1880 1831 1896 remanere
1849 1875 1907 1896 inter
1926 1873 2092 1902 probabilitatis

1241 1924 1358 1950 terminos,
1369 1928 1442 1950 neque
1455 1923 1518 1945 aliter
1530 1922 1652 1944 sentientes
1661 1928 1710 1943 esse
1721 1921 1851 1943 tractandos
1860 1924 1969 1950 tanquam
1982 1925 2092 1944 errantes.

1242 1970 1343 1992 Profecto
1361 1976 1402 1992 nec
1420 1970 1485 1992 decet
1503 1976 1544 1991 nec
1560 1969 1652 1997 expedit
1671 1968 1742 1990 dubia
1762 1969 1904 1996 proclamare
1917 1975 1959 1996 pro
1978 1969 2051 1991 certis.
2066 1968 2093 1990 Ut

1241 2018 1301 2040 enim
1315 2024 1341 2039 ex
1354 2018 1376 2039 S.
1388 2018 1517 2045 Augustino
1530 2017 1568 2042 <de
1587 2016 1711 2044 Mendacio,
1729 2022 1748 2038 c.
1767 2016 1787 2038 3.
1802 2022 1822 2037 n.
1836 2016 1866 2043 3.)
1880 2016 1948 2037 refert
1960 2020 2039 2038 auctor
2056 2022 2093 2037 no-

1241 2069 1287 2087 ster
1300 2065 1370 2089 (infra
1385 2064 1406 2086 d.
1421 2064 1456 2085 325.
1470 2063 1525 2086 dub.
1545 2063 1585 2091 5.),
1595 2071 1605 2084 «
1615 2065 1642 2085 ita
1657 2064 1738 2086 falsum
1752 2064 1805 2085 dit-it
1823 2064 1861 2092 qui
1883 2066 1971 2085 certum
1985 2063 2093 2091 proponit

1242 2116 1265 2134 ut
1284 2111 1389 2135 dubium.
1407 2112 1465 2133 sieut
1483 2112 1521 2139 qui
1541 2110 1637 2133 dubium
1659 2111 1739 2133 asserit
1762 2112 1786 2132 ut
1807 2114 1894 2132 certum
1907 2118 1926 2131 i>.
1947 2122 1976 2125 —
1993 2109 2092 2131 Omnino

1241 2161 1318 2179 autem
1337 2158 1471 2185 putaximus
1488 2157 1650 2179 abstinendum
1669 2156 1735 2179 nobis
1747 2163 1811 2183 esse,
1825 2157 1846 2178 in
1861 2157 1943 2178 nostris
1959 2157 2052 2178 scholiis
2065 2156 2093 2178 de

1242 2204 1340 2226 diversis
1356 2205 1487 2226 scholarum
1506 2207 1527 2225 et
1545 2208 1664 2226 :uictorum
1683 2204 1814 2231 sententiis,
1833 2204 1881 2225 sive
1905 2204 2019 2232 antiquis,
2043 2204 2093 2225 sive

1242 2251 1418 2276 recentioribus,
1438 2251 1565 2273 dummodo
1584 2257 1627 2272 non
1647 2252 1800 2273 communiter
1812 2250 1985 2278 improbantur.
2004 2255 2094 2273 senten-

1243 2300 1297 2321 tiam
1317 2300 1375 2321 ferre
1392 2299 1428 2321 rel
1446 2300 1514 2321 etiam
1533 2298 1680 2321 solummodo
1698 2298 1814 2325 indicare,
1833 2298 1889 2327 quid
1909 2298 1937 2320 de
1961 2299 1995 2325 bis
2016 2299 2094 2326 priva-

1243 2347 1282 2368 tim
1309 2347 1449 2373 sentiamus,
1475 2345 1534 2368 absit
1559 2347 1635 2373 onim,
1663 2350 1686 2368 ut
1712 2346 1795 2368 nostris
1818 2345 1998 2373 assertionibus,
2017 2345 2093 2368 valide

1244 2400 1288 2416 non
1308 2392 1421 2422 probatis,
1439 2394 1539 2422 aliquam
1558 2393 1587 2415 ad
1613 2394 1656 2415 hoc
1674 2394 1831 2415 auctoritatem
1858 2393 1976 2415 vindicare
2000 2399 2093 2421 praesu-

1245 2448 1342 2464 mamus.
1356 2442 1388 2463 De.
1400 2443 1470 2464 variis
1491 2442 1644 2470 posteriorum
1664 2441 1824 2468 theologorum
1841 2441 1973 2467 sententiis,
1992 2447 2094 2468 praeser-

1242 2489 1282 2510 tim
1301 2488 1329 2510 de
1347 2488 1476 2510 scholarum
1495 2488 1664 2514 controversiis.
1684 2488 1799 2509 rarissime
1811 2491 1833 2509 et
1845 2488 1926 2515 paucis
1938 2490 2025 2509 tantum
2044 2494 2093 2510 ver-

1243 2535 1278 2558 bis
1297 2536 1435 2558 mentionem
1454 2535 1564 2563 fecimus,
1578 2536 1717 2557 remittentes
1735 2535 1842 2557 leetorem
1856 2535 1885 2557 ad
1903 2538 1935 2557 tot
1953 2534 2034 2563 libros,
2053 2535 2092 2564 qui

1242 2587 1295 2605 sunt
1312 2584 1333 2605 in
1352 2583 1455 2605 omnium
1474 2582 1581 2605 manibus
1591 2581 1607 2605 ¹.

399 2807 406 2824 1
421 2807 523 2826 Occasione
537 2808 590 2828 data.
604 2809 639 2827 hoe
653 2810 692 2827 loeo
706 2809 742 2827 duo
756 2810 894 2833 subiungimus,
910 2816 957 2834 quae
971 2816 989 2829 111
1003 2811 1079 2829 scholiis
1096 2811 1119 2829 ad
1134 2811 1146 2829 l.
1165 2812 1186 2829 li-

340 2845 392 2863 brum
406 2846 544 2865 Sententiarum
558 2848 668 2871 corrigenda
682 2851 730 2866 sant.
746 2849 764 2866 111
782 2849 863 2869 scholio,
884 2855 925 2873 pag,
939 2850 985 2871 696,
1001 2856 1019 2868 n.
1034 2850 1050 2871 l,
1067 2850 1121 2868 Petro
1136 2850 1186 2868 toan.

339 2884 387 2902 Olivi
401 2889 478 2903 erimiee
492 2886 584 2909 assignata
598 2889 626 2905 est
639 2887 732 2905 scatentia
746 2888 839 2906 contraria
854 2888 889 2909 1111,
904 2894 952 2911 quae
970 2889 1093 2907 c.=ai=·=uniter
1106 2889 1125 2907 S.
1140 2890 1188 2907 Tho-

341 2928 381 2941 mae
395 2923 488 2942 tribuitur.
503 2925 600 2944 Attamen.
615 2928 635 2943 ut
648 2926 750 2945 clarissime
765 2929 815 2950 patet
829 2932 851 2945 ex
865 2929 922 2946 altera
934 2933 969 2951 pag
986 2928 1037 2951 (⁹230)
1049 2929 1091 2947 libri
1103 2929 1187 2948 (lottario

341 2962 449 2981 iudiciorum
464 2963 489 2981 ibi
503 2964 541 2984 cit„
556 2965 663 2987 praedictus
677 2966 743 2984 Petrus
757 2968 776 2983 nt
790 2966 900 2985 haercticam
914 2969 1021 2986 censui-avit
1034 2974 1069 2986 uon
1079 2968 1186 2992 opinionem

341 3000 360 3018 S.
374 3001 465 3022 Thomae.
480 3002 513 3020 sed
527 3003 615 3025 alteram,
630 3004 669 3022 scil.
684 3004 734 3027 quad
747 3010 768 3023 ex
784 3007 836 3028 parte
850 3006 884 3023 Dei
896 3012 933 3024 non
946 3007 969 3025 sit
983 3007 1014 3025 illa
1032 3007 1150 3030 praesentia,
1164 3007 1187 3025 de

1243 2816 1279 2835 quo
1293 2811 1319 2829 ibi
1332 2812 1403 2834 agitur:
1419 2811 1468 2830 unde
1482 2817 1518 2829 non
1533 2811 1567 2829 nisi
1583 2811 1601 2829 in
1615 2815 1691 2829 exc-essu
1705 2814 1749 2828 suae
1763 2814 1853 2828 censurae
1867 2809 1943 2827 erravit.
1954 2809 2041 2827 Secunda
2054 2814 2093 2827 cor-

1243 2851 1300 2869 rectio
1319 2851 1395 2874 respicit
1413 2856 1435 2869 ea
1452 2855 1500 2874 quae
1518 2851 1536 2868 iu
1554 2851 1635 2871 scholio,
1653 2855 1693 2873 pag.
1711 2849 1751 2866 710.
1770 2854 1788 2867 n.
1807 2849 1829 2869 li,
1849 2848 1872 2867 de
1890 2849 2000 2867 causalitate
2018 2848 2093 2866 divinae

1243 2890 1421 2913 praedestinationis
1434 2890 1537 2908 secundum
1550 2890 1662 2908 sententiam
1676 2889 1750 2907 scholae
1765 2889 1790 2907 ibi
1804 2889 1894 2911 allegatae
1908 2888 1958 2906 dieta
1975 2890 2028 2910 sunt;
2046 2892 2093 2911 quae

1243 2928 1335 2946 sententia
1350 2929 1397 2946 iutra
1411 2929 1453 2947 dist.
1468 2929 1497 2947 26.
1512 2934 1530 2953 q.
1545 2930 1561 2947 fi.
1577 2935 1618 2952 pag,
1632 2929 1694 2947 647111
1709 2928 1779 2947 scholio
1789 2933 1807 2946 n.
1821 2928 1848 2946 111,
1860 2934 1881 2947 ex
1895 2929 1941 2953 ipsis
1951 2929 2006 2947 butus
2019 2929 2093 2947 scholae

1243 2968 1351 2986 auctoribus
1365 2969 1431 2987 melius
1445 2970 1539 2988 declarata
1553 2973 1587 2989 est.
