2243 3425
13 2578 101 2597 iistinctio

14 2601 60 2624 plex.

721 187 803 215 DIST.
827 187 937 215 XXXIII.
961 188 1032 216 ART.
1054 188 1073 216 Ι.
1095 188 1229 225 QUAEST.
1253 189 1280 217 Il.

115 265 215 293 fortius
236 265 340 301 gratia,
369 272 441 301 quae
462 264 515 293 fuit
536 265 636 293 collata
658 265 746 299 Adae,
768 266 858 302 potuit
879 268 965 293 totam

115 312 304 349 posteritatem
329 319 461 348 reparare
483 315 510 340 et
531 312 650 340 reddere
671 311 728 340 Deo
750 315 866 348 gratam.

195 359 220 387 6.
242 358 326 391 Item,
348 359 504 388 secundum
528 359 601 395 leges
623 359 761 387 humanas
784 362 859 387 tutor
873 359 966 396 potius

115 410 205 443 potest
232 406 332 443 pupilli
361 406 546 435 conditionem
570 406 717 434 meliorare
740 414 823 442 quam
851 406 968 435 deterio-

115 461 187 482 rare.
210 453 236 481 Si
258 461 324 490 ergo
348 453 435 481 multo
458 453 571 481 maioris
598 452 775 489 benignitatis
797 456 838 481 est
860 453 905 482 lex
929 453 967 481 di-

115 500 194 533 vina,
216 508 300 537 quam
323 500 358 528 sit
380 500 519 533 bumana;
544 499 672 533 videtur,
694 499 768 536 quod
792 500 885 536 potius
906 508 967 528 con-

106 541 182 575 'ditio
205 551 299 575 nostra
321 547 347 575 111
370 547 460 583 primo
486 549 600 583 parente
614 547 621 561 ¹
639 546 673 574 de
697 546 782 583 peiori
800 547 889 583 potuit
904 546 964 575 fieri

116 594 229 625 melior,
251 601 333 630 quam
358 594 392 622 de
414 593 521 621 meliori
544 593 685 622 deterior:
708 600 775 629 ergo
790 593 810 621 si
828 596 966 630 transgre-

115 641 217 670 diendo
246 641 335 677 potuit
364 640 560 669 transfundere
588 640 717 677 culpam,
748 640 836 668 multo
865 640 965 669 fortius

114 687 308 716 satisfaciendo
330 688 420 724 potuit
442 687 632 715 transmittere
654 687 798 715 iustitiam.

193 734 245 762 SED
267 742 390 762 CONTRA:
418 735 441 762 1.
460 735 556 762 Statim
573 734 673 767 Adam,
689 741 753 762 cum
770 734 908 770 peccavit,
929 734 965 762 ab

15 781 323 810 dameam-immortalitate
345 781 445 809 cecidit
467 781 493 808 in
509 783 701 809 necessitatem
724 780 874 809 moriendi:
898 788 965 818 ergo

114 829 136 857 si
156 828 245 865 gratIa
259 828 461 864 superveniens
477 836 531 855 non
548 828 639 856 aufert
655 827 911 856 immutabilitatem
927 828 965 857 di-

114 876 194 904 vinae
210 876 375 909 sententiae,
398 875 532 903 remansit
547 875 632 911 igitur
651 879 713 911 post
727 875 845 911 gratiam
866 878 966 903 morta-

115 923 155 952 lis.
178 923 231 951 Sed
258 923 384 951 mortalis
410 923 445 951 de
466 923 631 951 necessitate
660 925 775 959 generat
802 922 963 951 mortalem:

113 978 180 1007 ergo
205 973 466 1007 quantumcumque
495 969 579 997 Adam
603 969 787 1003 satisfaceret,
816 973 966 1006 generaret

114 1017 185 1046 filios
207 1025 273 1046 suos
303 1017 384 1045 morti
414 1017 558 1045 obnoxios.
586 1017 637 1045 Sed
661 1017 739 1044 nulla
765 1021 896 1045 creatura
925 1025 966 1045 ra-

114 1064 224 1093 tionalis
253 1067 294 1093 est
323 1064 405 1092 morti
434 1064 557 1092 obnoxia
588 1065 639 1093 nisi
668 1067 783 1101 propter
809 1063 963 1100 culpam²t

113 1120 180 1149 ergo
201 1119 346 1148 nunquam
368 1112 458 1148 potuit
479 1112 654 1146 satisfacere,
676 1111 743 1148 quin
763 1111 965 1139 transmitteret

113 1159 234 1196 culpam.

193 1207 218 1234 Ξ.
242 1205 321 1240 Item,
345 1205 450 1234 iustitia
475 1205 619 1242 originalis
645 1206 770 1234 consistit
792 1206 819 1234 in
842 1205 963 1242 quadam

113 1253 214 1282 mentis
236 1257 263 1282 et
284 1254 376 1282 carnis
395 1254 565 1290 integritate;
587 1254 635 1282 sed
652 1253 718 1290 quia
737 1253 883 1290 virginitas
898 1253 965 1282 dicit

113 1300 351 1337 incorruptionem
376 1300 476 1328 mentis
497 1304 524 1328 et
546 1300 651 1333 carnis„
673 1308 706 1328 ex
725 1308 780 1336 quo
798 1299 885 1328 semel
900 1307 965 1337 per-

113 1348 203 1382 ditur,
219 1355 363 1384 nunquam
380 1355 430 1384 per
445 1347 659 1376 satisfactionem
676 1350 766 1384 potest
788 1347 963 1384 recuperari:

113 1402 180 1431 ergo
196 1395 254 1431 pari
273 1394 378 1422 ratione
394 1402 485 1430 neque
500 1394 643 1430 originalis
658 1394 779 1423 iustitiae
794 1395 899 1423 donum
915 1402 965 1431 per

113 1441 329 1470 satisfactionem
345 1445 539 1478 recuperatur.
562 1441 587 1469 Si
604 1449 671 1478 ergo
692 1449 728 1469 ex
744 1441 820 1469 illius
842 1441 964 1470 iustitiae

112 1489 268 1526 privatione
290 1491 332 1516 est
353 1488 380 1516 in
402 1488 482 1516 nobis
504 1487 648 1524 originalis
670 1488 768 1524 culpa,
792 1487 963 1524 impossibile

112 1535 180 1570 fuit,
202 1535 277 1572 quod
300 1535 384 1563 Adam
407 1535 577 1563 satisfaceret
600 1543 651 1572 pro
672 1535 834 1571 posteritate
857 1542 916 1563 sua.

193 1582 218 1611 3.
243 1582 324 1616 item,
353 1582 444 1611 omnis
470 1582 620 1611 satisfactio
649 1582 803 1618 peccatoris
828 1582 964 1610 fundatur

113 1638 198 1667 super
220 1629 338 1666 gratiam
361 1632 472 1666 gratum
494 1629 654 1663 facienien13
677 1629 724 1658 sed
747 1629 836 1665 gratia
852 1633 963 1666 gratum

112 1677 216 1706 faciens
238 1684 382 1714 nunquam
406 1679 496 1713 potest
518 1676 638 1705 transire
666 1676 702 1704 ab
724 1684 780 1704 uno
802 1676 915 1705 bomine
937 1677 964 1704 in

113 1725 213 1756 alium,
236 1724 307 1753 sicut
330 1724 355 1752 in
373 1724 463 1761 primo
485 1724 575 1752 libr0³
592 1724 740 1761 probatum
765 1727 821 1753 est.
837 1724 886 1752 sed
902 1732 965 1761 gra-

112 1772 150 1800 tia
173 1771 333 1800 Immediate
354 1779 370 1799 a
385 1771 444 1800 solo
466 1771 522 1799 Deo
544 1771 643 1799 datur:
661 1771 772 1800 videtur
794 1779 872 1808 ergo,
888 1772 963 1808 quod

113 1818 140 1846 in
162 1819 254 1855 primo
277 1821 391 1855 parente
413 1818 572 1846 satisfacere
591 1826 645 1846 non
668 1818 790 1855 potuerit
812 1818 965 1855 9011115110-

113 1873 237 1894 manum.

191 1913 218 1941 4.
240 1912 321 1947 item,
342 1912 481 1941 efficacior
509 1917 550 1941 est
572 1913 599 1940 in
621 1921 792 1950 unoquoque
815 1913 884 1942 fides
913 1921 965 1942 sua

113 1959 165 1988 sibi
188 1963 214 1988 et
236 1959 337 1996 gratia,
367 1967 450 1996 quam
474 1960 509 1988 sit
530 1959 593 1993 alii,
619 1960 667 1988 sed
690 1960 775 1988 Adam
798 1968 852 1988 non
875 1961 964 1997 potuit

112 2015 164 2044 pro
186 2014 215 2035 se
230 2007 289 2043 ipso
305 2007 479 2041 satisfacere,
502 2007 550 2035 sed
566 2011 756 2044 opportunum
777 2007 844 2042 fuit,
866 2007 963 2035 Filium

114 2055 161 2083 Dei
183 2054 253 2091 pati,
275 2054 347 2083 sicut
368 2054 489 2083 ostendit
507 2054 653 2082 :Inselmus
676 2054 701 2082 in
719 2054 790 2082 libro
812 2054 867 2083 Cur
890 2054 965 2083 Deus

113 2101 234 2130 homo‘:
258 2109 324 2137 ergo
347 2109 400 2129 non
424 2101 548 2135 videtur,
568 2101 643 2138 quod
660 2102 783 2138 potuerit
805 2101 965 2130 satisfactio-

113 2149 156 2177 nis
178 2148 311 2177 iustitiam
336 2149 361 2176 in
384 2148 453 2177 alios
475 2148 612 2177 derivare.

430 2251 643 2272 CONCLUSIO.

187 2337 367 2374 Impossibile
387 2335 462 2373 fuit,
486 2337 585 2365 Adam
606 2346 660 2374 pro
680 2338 806 2374 posteris
828 2338 892 2366 Sitis

447 2382 630 2420 satisfacere.

194 2479 373 2507 Resposnsso:
404 2477 574 2509 Dicendum,
604 2477 678 2514 quod
709 2485 773 2505 cum
802 2477 964 2514 quaeritur,

115 2528 211 2553 utrum
235 2528 290 2553 tota
313 2524 460 2561 posteritas
483 2524 509 2551 in
532 2524 615 2551 Adam
644 2525 767 2560 potuerit
788 2524 964 2557 satisfacere,

115 2572 187 2601 sicut
208 2572 235 2600 in
254 2579 286 2600 eo
308 2571 398 2609 potuit
414 2571 518 2604 vitiari,
542 2571 593 2599 boc
616 2570 761 2607 tripliciter
778 2574 867 2607 potest
889 2570 965 2599 intel-

116 2619 177 2656 ligi:
201 2622 249 2647 aut
271 2619 320 2652 ita,
342 2618 417 2656 quod
440 2618 524 2646 Adam
549 2618 667 2654 posteris
689 2617 909 2646 communicaret
937 2620 964 2645 et

1812 192 1867 220 785

1023 266 1142 303 culpam
1157 270 1184 295 et
1204 266 1437 304 satisfactionum
1453 268 1553 303 51111111;
1575 273 1624 297 aut
1640 269 1689 303 ita,
1711 269 1786 306 quod
1802 277 1873 297 com-

1024 314 1180 342 municaret
1200 313 1444 351 satisfactionem,
1461 316 1508 344 sed
1523 324 1582 344 non
1604 316 1737 353 culpam;
1758 320 1807 345 aut
1821 317 1872 352 ita,

1024 361 1098 397 quod
1122 361 1152 389 z‘u
1172 370 1202 389 ‘se
1227 362 1398 391 satisfaceret
1419 366 1446 391 et
1464 371 1520 399 pro
1541 372 1580 396 se,
1606 363 1662 391 ita5
1684 364 1758 400 quod
1785 368 1874 400 poste-

1014 408 1063 436 rris
1084 416 1142 436 uon
1164 409 1395 437 coimizum'cctrec
1416 409 1542 446 culpam.
1555 427 1594 430 -——
1612 410 1695 439 Primi
1718 411 1774 439 duo
1796 411 1871 440 modi

1024 463 1077 483 non
1101 455 1192 483 solum
1215 460 1280 484 sunt
1308 456 1510 493 impossibdes,
1533 457 1581 486 sed
1604 457 1687 486 etiam
1717 467 1770 486 11011
1796 458 1873 487 intel-

1024 501 1243 539 ligibiles,·quia
1266 502 1402 531 claudunt
1424 503 1450 531 in
1473 512 1502 532 se
1524 504 1580 532 duo
1598 505 1732 541 opposita.
1755 505 1780 533 Si
1797 506 1871 534 enim

1024 548 1109 577 Adam
1126 549 1360 578 communicasset
1374 551 1493 586 posteris
1513 551 1604 579 827⁷th
1618 552 1733 588 cumam
1750 556 1776 580 et
1789 552 1873 581 satis-

1021 593 1195 631 factionem,
1221 596 1305 624 simul
1324 600 1417 624 essent
1438 597 1592 634 culpabiles
1620 602 1647 627 et
1668 599 1870 628 satisfacerent:

1023 649 1089 677 ergo
1118 642 1202 670 simul
1232 646 1325 671 essent
1353 643 1415 671 iusti
1446 647 1472 672 et
1495 645 1597 673 iniusti.
1617 662 1655 665 —
1673 646 1820 681 Similiter,
1849 648 1870 675 si

1023 689 1243 717 communicaret
1263 688 1507 726 settz'sfitctz‘ouem‚
1529 695 1556 719 et
1570 700 1628 719 11οἠ
1651 692 1783 729 eulpam.-
1806 701 1872 730 ergo

1023 735 1183 763 innocentes
1205 736 1411 770 satiSfacerent3
1432 740 1459 765 et
1480 737 1533 765 boc
1555 738 1683 767 slmiliter
1706 748 1758 768 non
1779 743 1820 769 est
1836 740 1873 768 111-

1022 782 1181 818 telligibile,
1203 791 1257 810 non
1279 783 1353 811 enim
1376 783 1406 811 fit
1427 784 1576 813 satisfactio
1604 786 1657 813 nisi
1680 794 1730 822 pro
1752 787 1872 821 offensa;

1022 833 1049 858 et
1070 830 1091 858 si
1115 829 1200 858 Adam
1223 838 1277 858 non
1300 831 1520 859 communicaret
1538 833 1657 868 posteris
1679 833 1804 870 culpam,
1820 834 1871 870 ipsi

1023 877 1159 905 haberent
1173 877 1363 906 omnimodam
1380 878 1579 913 innocentiam
1602 883 1628 907 et
1650 880 1671 908 si
1693 880 1757 914 boc,
1780 881 1872 909 locum

1022 932 1077 952 non
1100 924 1217 952 haberet
1238 924 1265 952 in
1287 925 1327 953 eis
1352 925 1501 954 satisfactio
1523 926 1630 963 aliqua:
1655 935 1706 963 pro
1727 927 1872 956 innocente

1022 971 1096 999 enim
1119 972 1278 1000 satisfacere
1301 980 1355 1000 non
1377 976 1419 1001 est
1440 973 1673 1009 intelligibile—
1688 974 1799 1003 Tertius
1828 983 1874 1003 au-

1022 1022 1077 1046 tem
1101 1018 1202 1047 modus
1217 1019 1343 1050 dicendi,
1367 1019 1496 1048 videlicet
1510 1020 1584 1057 quod
1607 1020 1692 1048 Adam
1709 1021 1748 1049 sic
1770 1022 1874 1050 satisfa-

1022 1069 1098 1094 ceret
1119 1074 1170 1102 pro
1192 1065 1276 1102 culpa
1297 1074 1364 1100 sua,
1387 1070 1417 1094 111
1439 1075 1490 1095 sua
1516 1067 1702 1096 satisfactione
1724 1068 1874 1105 ionyoedz‘re·

1023 1116 1072 1140 tw·
1101 1111 1268 1149 transfusio
1297 1113 1455 1150 originalis
1477 1114 1593 1151 culpae,
1619 1115 1669 1143 etsi
1693 1116 1873 1153 intelligibilis

1022 1159 1072 1191 sit,
1096 1159 1276 1196 impossibilis
1298 1165 1390 1189 tamen
1413 1161 1464 1188 fuit
1486 1161 1537 1198 ipsi
1561 1162 1641 1190 Adae.

1095 1203 1133 1235 'Et
1154 1207 1225 1235 ratio
1247 1207 1332 1236 huius
1348 1207 1449 1236 melius
1476 1208 1610 1237 reddetur
1632 1209 1658 1237 in
1683 1210 1763 1238 tertio
1774 1210 1791 1244 ὃ,
1807 1218 1871 1239 cum

1022 1257 1121 1290 agetur
1137 1254 1171 1282 de
1195 1254 1276 1282 modo
1292 1254 1493 1291 redemptionis
1514 1255 1663 1284 humanae.
1679 1257 1715 1284 Ad
1740 1264 1873 1293 praesens

1022 1304 1116 1330 autem
1138 1300 1191 1329 hoc
1213 1301 1319 1330 dixisse
1341 1301 1476 1336 sufficiat,
1499 1303 1573 1339 quod
1599 1303 1685 1332 Adam
1708 1304 1746 1332 sic
1768 1304 1873 1333 satisfa-

1021 1356 1085 1376 cere
1112 1356 1166 1376 non
1189 1352 1313 1385 poterat,
1335 1352 1366 1376 ut
1388 1348 1573 1385 impediretur
1595 1350 1746 1379 transfusio
1774 1351 1872 1388 culpae

1021 1395 1165 1432 originalis
1187 1395 1213 1423 in
1240 1395 1430 1431 posteritatem
1452 1404 1541 1424 suam.
1565 1397 1595 1425 Et
1624 1397 1694 1425 ratio
1716 1398 1801 1426 buius
1829 1406 1873 1427 su-

1021 1442 1108 1469 mitur
1122 1445 1149 1470 et
1164 1450 1179 1469 a
1195 1446 1274 1478 parte
1290 1442 1377 1479 ipsius
1400 1443 1483 1470 Adde
1503 1447 1530 1471 et
1544 1451 1560 1471 a
1576 1447 1655 1480 parte
1674 1444 1794 1481 qratia&
1813 1448 1840 1473 et
1856 1454 1872 1473 a

1022 1492 1101 1525 parte
1123 1489 1323 1525 corruptionis
1343 1494 1480 1518 'naturae⁴
1497 1491 1515 1518 A
1531 1494 1609 1527 parte
1626 1491 1721 1525 Adae,
1738 1492 1869 1528 quoniam

1022 1536 1081 1572 ipse
1103 1536 1213 1564 debitor
1236 1537 1333 1565 mortis
1348 1540 1407 1565 erat
1429 1540 1455 1565 et
1470 1538 1572 1574 dignus
1594 1538 1761 1574 poenalitate
1782 1542 1809 1568 et
1824 1540 1872 1567 mi-

1022 1584 1110 1617 seria3
1139 1586 1166 1611 et
1194 1583 1268 1616 ideo„
1297 1592 1507 1621 quamcumque
1536 1588 1654 1613 mortem
1678 1586 1721 1614 vel
1751 1594 1869 1623 poenam

1021 1630 1174 1658 sustineret
1202 1638 1253 1666 pro
1282 1631 1502 1667 transgressione
1532 1639 1598 1665 sua,
1628 1632 1684 1660 Deo
1713 1633 1872 1662 satisfacere

1021 1685 1075 1705 non
1099 1681 1207 1714 poterat
1222 1677 1400 1706 sufficienter.
1413 1695 1450 1698 —
1463 1679 1480 1705 A
1497 1682 1575 1714 parte
1591 1687 1657 1707 vei-o
1671 1680 1806 1716 gyraticte,
1822 1688 1872 1717 per

1021 1732 1106 1760 quam
1129 1724 1328 1758 satisfaciebat,
1350 1725 1421 1752 ratio
1437 1725 1575 1759 sumitur,
1597 1726 1728 1762 quoniam
1753 1726 1799 1755 illa
1814 1735 1874 1763 gra-

1023 1772 1059 1799 tia
1081 1775 1140 1799 erat
1162 1771 1251 1808 gratia
1273 1772 1491 1808 poenitentialis,
1514 1780 1586 1809 quae
1608 1773 1721 1810 quidem
1745 1774 1874 1810 respicie-

1023 1819 1069 1847 bat
1091 1818 1180 1855 ipsam
1204 1818 1375 1847 voluntatem
1394 1828 1554 1856 personae;
1575 1823 1601 1848 et
1624 1820 1686 1848 ideo
1712 1828 1761 1857 per
1783 1821 1872 1858 ipsam

1022 1874 1075 1894 non
1099 1866 1253 1894 curabatur
1276 1866 1391 1895 morbus
1413 1867 1668 1903 concupiscentiae⁷
1688 1869 1779 1904 quae⁷
1803 1868 1874 1897 radi-

1022 1913 1139 1941 cabatur
1163 1913 1188 1941 in
1205 1922 1312 1946 carmen
1331 1916 1357 1941 et
1372 1916 1536 1950 propterea,
1559 1918 1819 1952 quantumcumque
1835 1923 1874 1943 sa-

1024 1960 1176 1991 tisfaceret,
1200 1960 1361 1989 remanebat
1380 1964 1493 1988 initura
1513 1965 1659 1997 corrupta,
1681 1965 1708 1989 et
1725 1962 1760 1989 ita
1782 1970 1873 1990 ueces-

1023 2007 1089 2036 sitas
1111 2008 1144 2035 ad
1169 2007 1419 2036 transfundendam
1445 2008 1608 2044 originalem
1632 2009 1752 2045 culpam.
1773 2026 1810 2029 —
1832 2009 1872 2037 Ex

1023 2057 1101 2091 parte
1121 2062 1187 2082 vero
1202 2058 1331 2082 arctura&
1352 2055 1474 2083 sumitur
1497 2055 1579 2089 ratio,
1601 2056 1675 2092 quia,
1691 2064 1754 2083 cum
1771 2060 1872 2084 natura

1023 2101 1146 2129 humana
1162 2104 1218 2129 tota
1234 2101 1258 2128 in
1277 2101 1335 2137 ipso
1351 2101 1447 2129 vitiata
1467 2105 1555 2135 esset,
1572 2105 1678 2130 tantum
1702 2102 1872 2138 pensabatur

1022 2147 1070 2176 illa
1091 2148 1234 2184 corruptio
1249 2152 1379 2182 naturae,
1401 2148 1495 2184 quanti
1513 2148 1594 2184 pretii
1616 2151 1657 2176 est
1673 2151 1729 2176 tota
1748 2149 1871 2177 bumana

1022 2198 1140 2229 naturag
1162 2199 1189 2223 et
1215 2195 1276 2223 ideo
1298 2194 1434 2232 quidquid
1457 2195 1542 2223 Adam
1568 2195 1683 2229 faceret,
1707 2196 1785 2232 longe
1808 2195 1872 2224 infe-

1022 2242 1082 2270 rius
1103 2245 1176 2270 esset
1197 2249 1229 2269 eo
1251 2242 1325 2278 quod
1349 2242 1479 2277 exigebat
1508 2242 1582 2270 Deus
1603 2243 1637 2270 ad
1665 2246 1756 2270 tantae
1778 2251 1872 2271 corru-

1022 2289 1123 2326 ptionis
1138 2292 1165 2317 et
1183 2288 1369 2317 damnationis
1384 2289 1684 2325 recompensationem
1701 2292 1727 2318 et
1742 2290 1804 2317 ideo
1819 2298 1870 2326 pro

1022 2336 1069 2364 illa
1091 2343 1145 2363 non
1168 2338 1276 2371 poterat
1298 2335 1464 2364 satisfacere.

1102 2383 1195 2410 Posset
1223 2382 1306 2410 etiam
1324 2382 1332 2394 ‘³
1362 2382 1544 2411 nil‘iilominus
1568 2383 1703 2419 assignari
1734 2383 1804 2412 ratio
1832 2392 1868 2412 ex

1023 2433 1101 2466 parte
1123 2429 1240 2456 (livinae
1255 2427 1392 2465 offensae,
1415 2436 1499 2465 quae,
1529 2437 1592 2457 cum
1609 2433 1681 2457 esset
1704 2429 1810 2457 infinita
1829 2438 1870 2458 ra-

1022 2476 1095 2504 tione
1117 2475 1189 2509 eius,
1212 2475 1277 2512 quia
1298 2478 1339 2503 est
1354 2479 1450 2503 contra
1474 2475 1625 2510 infinitum,
1643 2484 1695 2504 non
1719 2477 1870 2513 repriebat

1022 2523 1321 2559 recompensationem,
1337 2522 1388 2550 nisi
1411 2523 1511 2559 aliquis
1527 2523 1709 2558 satisfaceret,
1731 2525 1778 2561 (1111
1798 2528 1871 2553 esset

1022 2569 1127 2597 infinite
1154 2568 1252 2597 bonus.
1281 2569 1310 2597 Et
1339 2569 1400 2597 ideo
1429 2577 1481 2597 non
1507 2569 1614 2598 indocte
1644 2570 1738 2598 dicunt
1768 2570 1869 2608 aliqui,

1022 2617 1096 2654 quod
1118 2624 1171 2644 non
1199 2616 1288 2645 solum
1315 2616 1465 2645 satisfactio
1491 2625 1541 2653 pro
1567 2621 1679 2654 peccato
1705 2618 1792 2652 Adae,
1821 2619 1867 2647 sed

180 2752 187 2766 1
205 2752 261 2774 Cod.
280 2758 305 2773 aa
324 2751 351 2774 (Ic
368 2751 417 2780 ipso
435 2752 539 2781 parente.

179 2792 188 2805 ’ἒ
206 2791 263 2813 Vide
282 2797 352 2818 supra
370 2797 423 2819 pag.
441 2790 497 2818 714,
518 2794 568 2812 nota
589 2790 608 2812 4.

178 2830 188 2845 ³
204 2831 258 2852 Dist.
282 2829 313 2852 14,
333 2836 351 2852 a.
371 2831 392 2852 2.
410 2836 431 2858 q.
451 2831 475 2857 2,
489 2830 527 2851 ubi
546 2832 663 2852 ostensum
676 2833 721 2857 est,
740 2831 833 2852 omnino
851 2830 932 2852 salsum
945 2832 965 2851 et

116 2870 257 2898 impossibile
275 2876 336 2895 csse,
350 2870 446 2897 gratiam
464 2870 513 2891 sive
526 2869 635 2896 Spiritum
653 2872 756 2891 sanctum
770 2869 818 2891 (lari
831 2868 860 2891 ab
873 2869 965 2891 homine

116 2910 174 2931 s1cut
191 2916 202 2930 a
222 2909 334 2936 principio
349 2908 458 2937 effectivo.

179 2947 188 2962 ⁴
206 2948 266 2970 Libr.
285 2948 298 2969 l.
318 2954 337 2969 c.
356 2947 392 2969 20.
412 2948 448 2969 23.
467 2947 506 2974 (λ’-’ές
525 2947 547 2968 ll.
567 2953 585 2969 c.
604 2947 625 2968 6.
647 2947 681 2969 15.
704 2947 736 2969 17.
755 2953 819 2975 seqq.
832 2947 966 2969 ——Demu·

117 2987 163 3010 [ori
179 2987 232 3009 vide
250 2993 318 3014 supra
339 2993 391 3014 pag.
410 2986 462 3013 661,
482 2990 532 3008 nota
551 2987 571 3008 6.

246 3037 270 3061 S.
288 3038 377 3061 Bonav.
396 3049 428 3053 —
445 3037 511 3059 Tom.
531 3037 552 3060 11.

1084 2751 1094 2766 ⁵
1112 2752 1161 2773 Vat.
1180 2754 1201 2773 et
1213 2751 1264 2773 cdd.
1279 2751 1299 2777 3,
1318 2750 1331 2772 4
1350 2752 1385 2773 liic
1398 2752 1504 2774 omittunt
1516 2751 1556 2779 ita,
1571 2755 1593 2774 et
1605 2753 1673 2780 paulo
1685 2755 1737 2775 ante
1749 2759 1801 2775 cum
1815 2753 1871 2775 mul-

1022 2792 1049 2813 tis
1067 2791 1134 2813 codd.
1154 2793 1204 2818 post
1216 2792 1259 2813 (titt
1274 2790 1308 2813 ila
1324 2791 1430 2812 voculam
1449 2791 1518 2820 quod.

1085 2829 1094 2844 ὓ
1112 2829 1165 2851 Dist.
1184 2830 1220 2851 20.
1239 2836 1260 2858 q.
1280 2829 1300 2851 3.
1316 2836 1364 2858 seq⁴

1084 2869 1093 2883 ⁷
1111 2868 1182 2891 Codd
1201 2868 1215 2890 F
1228 2869 1246 2890 Y
1260 2874 1286 2890 ec
1304 2868 1357 2897 qm}
1374 2868 1472 2891 subinde
1492 2876 1534 2896 pro
1551 2869 1707 2893 radicabalur
1729 2871 1779 2893 cod.
1798 2871 1813 2893 F
1830 2878 1871 2894 να-

1022 2908 1123 2932 dicatur.

1085 2947 1094 2962 3
1111 2947 1166 2969 Cod.
1179 2954 1204 2969 aa
1224 2948 1309 2970 [anzeli.
1323 2947 1371 2969 Mox
1385 2954 1426 2975 pro
1438 2947 1530 2970 rohone
1542 2947 1599 2973 eius.
1614 2948 1669 2978 quia
1683 2949 1733 2971 cod.
1748 2949 1765 2970 T
1779 2949 1870 2972 ratione

1022 2986 1079 3014 cius,
1096 2986 1165 3016 quod.

1714 3040 1754 3061 99·

1886 423 1986 441 Conclusio
1997 423 2013 440 i.

1887 1030 1986 1049 Conclusio
1998 1031 2015 1048 2.

1886 1407 1959 1433 Triplex
1975 1412 2003 1424 ra-

1899 1432 1931 1448 tio.

1883 2390 1960 2408 ,deiliii
1984 2391 1999 2408 1,

1884 2416 1930 2432 ratio
