2243 3425
9 1981 116 2000 liniamenta.

725 214 806 242 DIST.
830 215 942 243 XXXVI.
964 215 1036 243 ART.
1059 215 1076 243 l.
1100 215 1235 251 QUAEST.
1259 215 1288 243 Il.

125 292 203 321 butio
224 292 284 321 eius
306 291 381 329 quod
404 295 528 321 meretur
550 293 612 329 quis
634 285 770 329 quantum
790 292 823 320 ad
843 293 973 321 {neritum

125 339 265 376 eoum-ui,
288 347 342 367 non
365 339 538 376 praeiudicat
553 339 576 367 ei
593 339 667 376 quod
691 342 815 367 meretur
837 343 972 376 quantum

125 386 161 415 ad
184 387 315 415 meritum
339 386 479 423 candiani
492 403 529 406 —
544 386 592 414 dat
613 385 686 414 euim
710 385 785 414 Deus
807 386 887 414 iustis
904 386 974 414 boua

124 434 151 461 in
174 434 329 470 praesenti.
353 441 405 461 uon
428 437 542 469 propter
564 433 616 461 hoe
637 433 684 461 dat
706 432 814 460 minora
836 433 862 460 in
879 433 974 461 futuro

123 496 162 500 —
176 480 215 509 sic
237 480 448 516 intelligendum
471 483 512 508 est
534 487 563 508 se
585 479 689 507 habere
711 479 738 506 in
759 479 910 515 proposito.

204 528 228 555 5.
250 527 288 555 Ad
318 527 387 555 illud
417 526 491 563 quod
514 526 613 554 ultimo
634 525 780 559 obiicitur,
803 526 877 562 quod
902 526 974 555 Deus

125 582 178 602 non
201 574 281 611 punit
302 581 389 610 supra
410 573 578 610 condignum
602 576 653 601 etc.
666 583 673 606 ;
695 573 749 601 iam
772 576 847 609 patet
863 581 974 609 respon-

124 621 172 650 sio.
195 621 248 649 Hoc
270 621 342 649 enim
367 620 530 657 intelligitur
550 620 584 649 de
606 628 710 657 poena,
732 628 804 657 quae
826 628 842 648 a
864 620 920 648 Deo
937 620 973 648 in-

1824 217 1880 245 845

1032 293 1138 330 ssigitur
1158 293 1292 330 proprie,
1314 296 1341 322 et
1356 294 1390 323 de
1406 302 1450 328 ea,
1465 302 1537 331 quae
1552 294 1626 323 circa
1645 297 1789 331 peccatum
1806 302 1884 331 prae-

1032 340 1133 368 cedens
1155 340 1268 377 respicit
1290 341 1421 369 meritum
1444 341 1603 379 condiqust
1618 345 1772 378 utrumque
1787 345 1882 371 autem

1031 387 1133 415 horum
1156 387 1249 416 deficit
1271 388 1298 416 in
1320 388 1470 425 proposito.
1494 388 1561 417 Nam
1583 389 1667 426 culpa
1688 397 1817 426 sequens,
1844 397 1883 418 se-

1032 434 1156 462 cundum
1179 433 1210 461 z'd
1237 434 1315 472 quod
1342 438 1399 468 esc,
1421 443 1474 463 non
1498 439 1539 464 est
1559 443 1575 463 a
1597 435 1671 468 Deo;
1693 435 1776 472 culpa
1798 436 1881 464 etiam

1031 488 1152 517 sequens
1172 489 1227 509 non
1250 482 1397 510 ordinatur
1419 482 1453 511 ad
1476 483 1647 519 praecedens
1668 487 1813 519 peccatum
1843 491 1883 512 se-

1031 527 1155 555 cundum
1178 528 1315 556 rationem
1337 529 1492 566 eomliyui,
1508 529 1557 557 sed
1573 530 1727 558 secundum
1745 531 1881 559 rationem

1031 574 1163 611 coiiyriii.
1186 574 1320 611 Congruit
1342 575 1415 603 enin]
1438 576 1490 604 boc
1511 576 1602 605 ordini
1625 577 1735 606 divmae
1751 577 1881 613 iustitiae,

1030 620 1102 649 sicut
1123 624 1265 649 ostensum
1288 625 1338 650 est.

870 710 1132 746 SGHOLION.

188 801 200 823 l.
218 801 355 829 Difficultas,
380 807 439 829 quae
457 801 493 823 bic
515 801 621 828 solvitur,
645 800 813 828 praesupponit
835 800 972 822 solutionem

123 841 271 869 generalior-is
292 841 446 869 quaestionis,
470 843 547 863 utrum
571 840 656 862 scilicet
678 842 798 867 peccatum
822 840 894 867 possit
923 845 973 861 esse

123 886 197 903 causa
220 880 312 910 alterius
335 880 438 907 peccati;
461 879 490 901 de
513 885 559 908 qua
581 879 683 901 breviter
705 879 753 907 agit
774 878 914 906 Sei-apuleus
937 879 973 900 hic

122 919 178 942 dub.
198 919 217 947 l,
235 922 256 941 ct
272 919 346 941 fusius
364 919 424 941 Alex.
442 919 490 941 Hal.
510 919 544 947 (S.
558 925 580 947 p.
594 919 616 940 ll.
630 925 652 948 q.
670 918 707 941 94..
720 924 750 940 m.
769 918 815 946 (a),
837 918 873 940 alii
896 920 972 940 nutem

122 962 314 981 commentatores
332 959 431 986 Magistri
444 965 497 981 eum
509 959 531 980 S.
545 959 634 981 Thema
647 959 697 984 (hic
709 965 728 980 a.
750 959 772 986 l;
791 959 812 980 S.
827 959 839 980 Ι.
858 958 882 980 ll.
900 964 922 986 q.
935 957 972 979 75.

122 1004 142 1020 a.
161 998 192 1027 4.)
206 999 227 1020 in
240 998 332 1026 speciali
350 999 483 1026 quaestione
501 997 594 1026 doceut⁷
613 997 675 1027 quod
694 1001 815 1026 peccatum
834 998 906 1025 possit
923 1003 973 1019 osse

122 1043 190 1060 causa
217 1038 309 1059 alterius
335 1038 421 1065 peccati
447 1037 468 1058 iu
494 1043 579 1064 genere
596 1042 679 1059 causae
696 1035 824 1066 efficientis,
846 1042 889 1065 per
913 1034 974 1058 acrii-

122 1076 179 1099 dens
204 1080 292 1105 lamen,
316 1083 360 1099 non
383 1082 425 1105 pei·
447 1082 471 1099 se
493 1076 531 1104 (ut
548 1075 691 1098 removendo
714 1075 860 1104 prohibens),
878 1074 970 1105 finalis,

122 1116 254 1139 materialis
271 1119 293 1138 et
310 1117 377 1138 etiam
391 1116 467 1144 aliquo
488 1115 558 1138 modo
576 1115 674 1143 (scilicet
689 1121 730 1143 per
742 1114 915 1143 reductionem)
927 1113 974 1142 sor-

122 1155 199 1179 malis.
212 1168 242 1171 —
255 1156 362 1184 Quaestio
375 1158 452 1177 autem
462 1156 498 1177 hic
515 1157 606 1177 tractata
620 1158 660 1182 est,
671 1156 748 1176 utrum
758 1156 879 1181 peccatum
892 1153 920 1175 ab
930 1153 973 1175 alio

123 1198 217 1224 peccato
235 1198 354 1217 causatum
378 1194 460 1217 habeat
477 1195 590 1216 rationem
609 1199 699 1223 poenae
716 1197 822 1221 respectu
836 1192 974 1221 praeceden-

122 1235 150 1256 tis
162 1235 261 1262 peccati,
279 1238 300 1256 et
318 1240 362 1262 qua
381 1234 475 1255 ratione.
495 1233 569 1255 Prima
590 1233 667 1260 opinio
688 1233 747 1260 vult,
769 1231 833 1260 quod
853 1234 973 1259 peccatum

122 1273 205 1296 habeat
216 1274 328 1295 rationem
341 1279 440 1301 poenae,
454 1278 498 1295 non
512 1275 626 1301 quatenus
635 1275 669 1294 est
678 1271 833 1294 essentialiter
845 1274 973 1299 peceatum,

122 1313 162 1335 sed
183 1312 320 1341 causaliter,
342 1312 365 1334 id
384 1316 428 1340 est,
449 1316 563 1340 quatenus
580 1311 649 1333 habet
661 1311 726 1339 plura
748 1316 856 1338 aaueoea,
876 1310 905 1332 ab
923 1311 974 1338 ipso

122 1356 221 1379 causata,
245 1359 305 1381 quae
317 1352 428 1374 rationem
442 1357 529 1379 poenae
542 1351 661 1372 manifeste
674 1350 765 1372 habent.
779 1349 883 1371 Secunda
897 1350 975 1377 opinio

122 1392 252 1413 communis
264 1392 367 1419 sequitur
380 1391 512 1418 Magistrum
525 1393 547 1412 et
558 1392 628 1416 tenet,
642 1389 704 1418 quod
718 1392 849 1417 peccatum,
862 1389 929 1410 etiam
944 1393 975 1410 es-

121 1430 251 1453 sentialitrr
262 1432 372 1457 sumtum,
391 1429 470 1451 induat
482 1430 592 1451 rationem
608 1434 705 1457 poenae.
724 1428 768 1450 Res
780 1428 834 1450 satis
845 1427 943 1449 difficilis
954 1429 976 1449 et

122 1470 211 1493 subtilis
228 1473 273 1497 est,
291 1475 344 1492 cum
361 1470 496 1499 precatum,
516 1471 541 1491 ut
558 1472 679 1496 peccatum
697 1470 743 1495 est,
761 1468 789 1489 sit
806 1467 977 1502 voluntarium²

121 1511 149 1533 sit
161 1511 281 1537 iniustum,
294 1510 379 1531 sitnon
392 1515 403 1530 a
416 1508 474 1536 Deo;
487 1513 563 1538 poena
575 1510 663 1534 autem,
677 1510 701 1529 ut
714 1513 799 1535 poena,
818 1507 845 1528 sit
866 1507 976 1528 voluntati

1031 800 1156 827 contraria,
1174 801 1202 822 sit
1219 801 1288 829 iusta,
1306 801 1334 823 sit
1346 807 1358 822 a
1377 801 1429 823 Deo.
1444 802 1531 824 Solutio
1550 802 1688 825 difficultatis
1699 805 1786 826 eruitur
1804 811 1830 826 ex
1842 810 1881 833 eo⁷

1030 839 1094 868 quod
1117 839 1178 861 idem
1197 840 1269 867 possit
1291 846 1341 862 esse
1359 840 1425 868 culpa
1450 844 1471 863 ct
1488 847 1573 869 poena,
1592 848 1636 863 nou
1661 845 1736 864 tamen
1754 843 1883 865 seeundum

1030 878 1128 900 eundem
1146 879 1258 901 rationem
1280 879 1332 907 (cfr.
1351 880 1407 901 infra
1426 886 1445 901 a.
1465 880 1485 902 2.
1504 887 1525 909 q.
1544 881 1588 908 2.);
1606 881 1665 903 sicut
1682 882 1703 903 iu
1726 882 1807 904 eodem
1831 885 1883 905 actu

1031 918 1155 940 voluntatis
1172 922 1206 940 est
1222 918 1283 941 actio
1301 921 1323 941 et
1338 918 1431 948 passio,
1451 921 1475 941 ut
1492 919 1552 942 actio
1570 919 1599 942 ab
1618 923 1710 948 agente,
1729 924 1752 943 ut
1766 921 1848 950 passio
1871 928 1883 944 a

1031 958 1141 985 patieute3
1160 961 1235 980 tamen
1254 961 1278 981 ut
1294 957 1355 981 actio
1373 964 1417 980 non
1437 961 1471 981 est
1488 960 1575 987 passio,
1594 962 1616 982 et
1633 966 1645 981 e
1663 966 1775 982 converso
1795 960 1883 989 (AEgid.

1031 996 1064 1024 R„
1084 997 1120 1018 uic
1132 1003 1153 1025 q.
1176 997 1193 1018 1.
1211 1003 1231 1019 a.
1250 997 1289 1025 2.).
1307 997 1363 1020 Hine
1380 998 1415 1019 illa
1428 998 1572 1027 deformitas,
1591 1005 1651 1028 quae
1674 1003 1781 1022 causatur
1799 1001 1820 1022 in
1838 1001 1883 1022 ani-

1031 1042 1067 1058 ma
1086 1042 1128 1064 per
1145 1035 1223 1065 ipsum
1240 1038 1321 1060 actum
1339 1038 1437 1066 peccati,
1456 1037 1525 1060 habet
1542 1039 1652 1060 rationem
1672 1042 1719 1061 tum
1741 1040 1821 1067 culpae
1834 1043 1883 1063 tum

1031 1082 1119 1103 poenae
1137 1075 1217 1104 (supra
1236 1076 1257 1098 d.
1272 1076 1308 1098 35.
1321 1083 1340 1098 a.
1358 1077 1375 1098 1.
1393 1083 1414 1105 q.
1433 1077 1449 1099 l.
1463 1078 1502 1105 2.).
1520 1078 1626 1100 Similiter
1643 1078 1776 1101 deformitas
1788 1081 1883 1108 peccati,

1031 1120 1057 1136 ex
1074 1113 1224 1143 praecedenti
1240 1117 1333 1142 peccato
1346 1116 1400 1141 orti.
1420 1115 1582 1144 essentialiter,
1597 1119 1619 1138 et
1636 1123 1680 1138 non
1694 1121 1782 1139 tautum
1801 1123 1883 1141 caasa-

1032 1152 1091 1182 liter,
1112 1157 1145 1176 651
1163 1153 1234 1176 laesio
1252 1153 1347 1177 animae
1364 1161 1406 1182 per
1423 1161 1447 1177 se
1465 1156 1616 1178 involuntaria
1635 1159 1655 1177 et
1673 1156 1702 1178 ad
1715 1157 1802 1185 aliquid
1820 1163 1883 1185 prae-

1031 1192 1116 1215 cedens
1133 1192 1270 1215 demeritum
1289 1193 1403 1221 ordinata3
1421 1196 1443 1216 et
1465 1194 1509 1216 sub
1530 1195 1572 1217 liae
1590 1195 1676 1217 ratione
1700 1198 1734 1217 est
1755 1202 1841 1223 poena,
1859 1199 1884 1219 ut

1031 1232 1158 1260 explicatur
1175 1232 1196 1254 in
1215 1234 1283 1255 textu.
1302 1232 1419 1255 Contraria
1437 1235 1547 1256 sententia
1566 1234 1608 1256 late
1627 1236 1765 1262 proponitur
1782 1242 1794 1257 a
1813 1236 1884 1264 Magi-

1031 1274 1078 1294 stro
1096 1272 1132 1293 liic
1150 1277 1169 1293 c.
1188 1272 1209 1293 2.
1228 1272 1249 1294 3.

1096 1311 1119 1332 11.
1137 1311 1205 1339 Scor„
1223 1311 1244 1333 in
1263 1314 1361 1340 utroque
1374 1312 1470 1340 Scripto,
1483 1313 1519 1334 liic
1536 1319 1557 1341 q.
1572 1313 1686 1334 1111161.-
1698 1314 1718 1335 S.
1738 1313 1829 1342 Tuom,
1848 1315 1884 1337 hie

1032 1357 1052 1372 a.
1071 1351 1094 1377 33
1114 1351 1135 1372 S.
1154 1350 1167 1372 1.
1190 1350 1214 1372 11.
1232 1356 1254 1379 q.
1273 1350 1309 1372 87.
1328 1357 1347 1372 a.
1367 1351 1387 1373 2.
1400 1351 1464 1373 —B.
1487 1351 1581 1379 Albert.,
1600 1352 1635 1373 liic
1653 1358 1672 1374 a.
1695 1353 1711 1374 1.
1731 1353 1755 1380 3;
1778 1353 1800 1375 S.
1819 1360 1841 1381 p.
1859 1354 1883 1376 ll.

1032 1392 1059 1411 tr.
1078 1389 1115 1411 22.
1133 1396 1154 1417 (1.
1174 1389 1226 1411 131.
1241 1395 1271 1411 m.
1289 1390 1310 1411 3.
1322 1402 1353 1406 —
1366 1390 1422 1412 Petr.
1441 1396 1453 1412 a
1466 1390 1526 1419 Tar,
1545 1391 1581 1413 liic
1593 1397 1615 1420 q.
1632 1392 1648 1413 1.
1662 1398 1681 1413 a.
1701 1393 1721 1414 2.
1733 1404 1765 1408 —
1776 1393 1883 1416 Ricliard.

1033 1435 1044 1450 a
1061 1428 1127 1456 Med,
1147 1429 1184 1450 liic
1200 1435 1220 1451 a.
1240 1429 1257 1451 1.
1272 1436 1294 1458 q.
1315 1430 1332 1451 l.
1345 1442 1375 1445 —-
1387 1430 1461 1458 AEgid.
1475 1430 1508 1458 R„
1527 1431 1562 1452 liic
1580 1437 1601 1459 q.
1625 1431 1640 1453 1,
1660 1438 1679 1453 n.
1698 1432 1718 1453 ΕΞ.
1730 1432 1883 1461 —Durand.,

1033 1468 1070 1490 liic
1087 1474 1109 1496 q.
1129 1468 1148 1490 2.
1162 1480 1192 1483 —
1205 1468 1298 1496 Dionys.
1321 1468 1404 1497 Carth„
1423 1470 1459 1491 hic
1477 1476 1498 1498 q.
1522 1470 1538 1491 1.
1550 1470 1650 1498 —Biel,
1670 1470 1698 1493 de
1716 1471 1758 1493 liae
1780 1474 1801 1493 et
1818 1478 1882 1501 seqq.

1034 1512 1072 1534 qq.
1091 1507 1127 1528 liic
1144 1513 1166 1535 q.
1185 1507 1258 1528 unica.

896 1596 1059 1633 Quassrio
1080 1597 1110 1625 11.

365 1686 470 1714 Utrum
489 1685 643 1722 passiones
665 1684 785 1712 animae
803 1691 913 1720 poenae
936 1686 1052 1710 tantum
1072 1683 1141 1717 siut,
1163 1692 1204 1712 au
1224 1692 1335 1721 poenae
1356 1684 1446 1713 simul
1468 1688 1494 1713 et
1511 1689 1642 1722 peccata.

200 1784 327 1813 Secundo
342 1784 504 1821 quaeritur,
519 1786 615 1812 utrum
633 1783 776 1820 passiones
795 1782 904 1811 animae
918 1782 973 1810 sint

123 1840 227 1869 poenae
249 1835 356 1860 tantum
367 1855 374 1866 ,
395 1839 429 1859 an
451 1839 556 1868 poenae
572 1830 656 1860 simul
672 1834 699 1859 et
714 1833 835 1867 peccata.
852 1830 882 1858 Et
897 1829 972 1866 quod

122 1880 177 1909 sint
198 1887 303 1916 poenae
325 1882 351 1907 et
373 1883 502 1915 peccata,
524 1878 645 1907 videtur.

204 1928 227 1954 l.
250 1926 338 1954 Omne
359 1926 445 1959 illud,
467 1934 518 1962 pro
540 1933 595 1962 quo
621 1924 684 1962 quis
706 1928 831 1952 meretur
854 1928 972 1952 mortem

122 1977 281 2007 aeternam,
304 1977 345 2002 est
360 1976 506 2010 peccatum
519 1983 526 2007 3
542 1972 591 2001 sed
608 1980 658 2009 pro
673 1971 849 2008 passionibus
864 1971 973 1999 animae

122 2024 248 2049 meretur
276 2020 339 2057 quis
361 2024 480 2048 mortem
501 2023 661 2053 aeternam,
683 2019 812 2047 Matthaei
834 2018 930 2055 quinto
944 2018 971 2045 ¹:

124 2067 181 2103 Qui
203 2067 347 2095 irascitur
365 2065 462 2104 fratri
475 2074 528 2094 suo
552 2074 621 2094 reiis
648 2065 704 2093 erit
716 2063 863 2102 yelieuuae
878 2063 972 2101 igonis:

122 2122 188 2151 ergo
210 2115 267 2149 ira,
296 2122 367 2151 quae
396 2117 437 2142 est
459 2113 550 2151 passio
572 2113 696 2147 animae,
719 2115 761 2140 est
781 2111 883 2148 culpa3
911 2110 972 2147 pari

123 2163 228 2191 ratione
250 2166 277 2190 et
298 2162 367 2190 aliae
390 2162 533 2198 passiones
554 2160 672 2189 animae.

201 2210 226 2237 Ξ.
249 2209 332 2243 item,
354 2216 436 2237 omne
455 2208 524 2237 illud
535 2231 542 2242 ‚
558 2207 631 2245 quod
648 2207 753 2236 directe
768 2209 906 2243 repugnat
922 2205 974 2233 vir-

123 2257 190 2291 tuti,
211 2259 252 2285 est
274 2256 376 2293 culpa;
399 2256 446 2284 sed
470 2256 512 2284 ira
526 2259 554 2284 et
569 2255 674 2283 invidia
695 2257 722 2283 et
743 2254 814 2282 aliae
830 2253 974 2290 passiones

122 2303 231 2332 animae
254 2305 412 2340 repugnant
433 2302 604 2331 virtutibus:
626 2309 693 2339 ergo
715 2304 766 2330 etc.

202 2349 227 2378 3.
250 2350 332 2384 116111,
353 2357 437 2381 ,omne
459 2349 545 2383 illud,
568 2348 643 2386 quod
665 2352 707 2377 est
726 2350 822 2376 contra
838 2347 973 2374 rationem

122 2400 243 2431 rectam,
265 2399 306 2425 est
327 2396 426 2433 culpa3
451 2396 500 2424 sed
529 2395 621 2433 passio
649 2395 774 2429 animae,
803 2401 875 2430 quae
902 2397 975 2421 «est

123 2444 202 2473 dolor
224 2444 259 2472 de
280 2443 370 2472 alieno
386 2443 458 2471 bono
469 2443 478 2457 ²
492 2453 520 2477 n,
535 2446 577 2471 est
592 2445 688 2471 contra
703 2442 839 2470 rationem
856 2443 974 2474 rectam,

122 2499 194 2528 quae
216 2491 251 2519 de
273 2490 320 2519 illo
342 2490 448 2519 iudicat
469 2497 529 2518 esse
552 2488 751 2526 gaudendum:
775 2495 842 2524 ergo
863 2490 914 2515 etc.

201 2539 228 2567 [1.
251 2538 331 2572 item,
354 2537 424 2566 illud
446 2536 570 2565 maxime
600 2539 672 2564 tenet
697 2535 833 2563 rationem
856 2533 974 2570 culpae,

123 2585 198 2622 quod
220 2585 344 2613 maxime
372 2588 414 2613 est
442 2583 667 2621 impugnativum
690 2582 795 2620 gratiae
808 2593 814 2616 ς
836 2581 885 2609 sed
908 2581 975 2609 invi-

186 2710 193 2724 ¹
212 2710 277 2732 Vers.
298 2711 338 2732 22:
358 2710 401 2738 Qui
418 2710 524 2731 irascitur
542 2709 603 2731 fratri
624 2714 666 2730 suo
688 2714 742 2730 reus
759 2708 802 2729 erit
818 2707 910 2729 iudicio.
932 2707 975 2735 Qui

124 2753 201 2771 autem
219 2749 300 2771 dixerit
313 2749 375 2770 fratri
388 2753 446 2770 suo:
470 2753 521 2770 raca
540 2753 593 2769 reus
605 2747 648 2769 erit
664 2746 768 2769 concilio.
787 2746 829 2774 Qui
847 2750 924 2768 autem
943 2745 976 2767 di-

125 2789 192 2811 xerit:
211 2789 283 2816 fatue,
302 2794 355 2810 reus
372 2789 414 2810 erit
432 2788 551 2815 gehennae
568 2787 635 2815 ignis.

187 2828 197 2843 ²
214 2829 326 2855 Damaso,
346 2828 368 2849 ΙΙ.
383 2828 410 2849 de
429 2827 482 2849 Fide
500 2826 590 2849 orthod.
609 2832 627 2848 c.
645 2825 678 2854 14,
694 2825 733 2848 ubi
751 2826 808 2848 baec
825 2825 925 2847 definitio
943 2824 976 2847 iiz-

127 2866 200 2890 eidiae
218 2868 317 2895 ponitur.
331 2879 361 2882 —
373 2867 415 2888 Pro
433 2865 541 2893 animae,
560 2870 630 2893 quam
642 2870 724 2886 vocem
737 2864 845 2886 exhibent
856 2864 909 2886 edd.
922 2870 975 2886 curn

127 2907 204 2928 multis
222 2906 303 2934 codd.y
322 2905 390 2927 codd.
410 2905 415 2926 l
429 2905 447 2926 V
461 2904 490 2925 W
502 2904 519 2926 Z
536 2903 644 2926 invidiae.

189 2945 198 2960 3
216 2945 275 2967 Vide
293 2945 348 2966 intra
368 2944 389 2966 d.
409 2943 445 2965 43.
463 2950 483 2965 a.
502 2944 523 2965 3.
541 2949 563 2971 q.
583 2943 602 2965 l.
620 2955 652 2958 —
669 2943 711 2964 Pro
731 2941 854 2971 fraternae
871 2942 938 2964 codd.
957 2942 975 2964 T

128 2985 159 3008 bb
173 2992 198 3007 ec
217 2987 238 3007 et
256 2985 291 3007 alii
310 2990 362 3007 cum
380 2983 416 3006 ed.
435 2984 448 3005 ‘2
466 2988 590 3012 supernae.
609 2982 712 3004 Subinde
729 2988 771 3010 pro
789 2982 907 3011 relinquat
923 2987 977 3011 yra-

129 3024 174 3047 tiae
192 3024 296 3054 Spiritus
314 3023 392 3047 sancti
402 3023 470 3045 codd.
489 3023 507 3044 K
522 3022 550 3043 W
563 3022 584 3044 X
597 3022 612 3043 Z
625 3021 657 3044 bb
674 3026 716 3044 etc.
735 3020 860 3050 impuynai
871 3020 976 3050 Spiritus

1031 1782 1124 1811 dentia
1152 1783 1258 1819 gratiae
1286 1782 1426 1812 fraternae
1455 1783 1579 1812 maxime
1608 1787 1744 1821 repugnat
1778 1784 1884 1821 gratiae

1030 1829 1150 1866 Spiritus
1172 1829 1258 1858 sancti
1271 1829 1298 1857 ³:
1322 1837 1389 1867 ergo
1404 1838 1468 1859 cum
1485 1830 1553 1859 haec
1569 1830 1604 1859 sit
1619 1831 1711 1867 passio
1732 1831 1841 1860 animae
1857 1835 1884 1860 et

1030 1884 1134 1913 poena,
1157 1876 1284 1911 videtur,
1306 1877 1381 1914 quod
1404 1877 1547 1914 passiones
1568 1878 1677 1907 animae
1693 1878 1747 1907 sint
1762 1882 1882 1916 peccata.

1111 1925 1135 1952 5.
1158 1924 1241 1959 Item,
1261 1924 1296 1953 ad
1320 1925 1371 1953 boc
1393 1925 1486 1962 ipsum
1515 1929 1557 1954 est
1583 1926 1653 1954 ratio
1676 1926 1829 1963 Augustini,
1856 1926 1882 1954 in

1031 1970 1102 1999 libro
1118 1971 1263 2008 Octoginta
1278 1972 1365 2000 trium
1382 1972 1581 2008 Quaestionum
1592 1973 1610 2000 ⁴.
1627 1974 1723 2010 Arguit
1738 1973 1810 2001 6111111
1828 1973 1881 2002 sic:

1036 2018 1161 2047 «Omnis
1182 2018 1357 2055 perturbatio
1379 2022 1421 2048 est
1442 2019 1553 2056 passi03
1575 2019 1666 2048 omnis
1687 2020 1826 2056 cupiditas
1841 2023 1882 2049 est

1031 2065 1223 2102 perturbatio:
1253 2073 1319 2103 ergo
1341 2066 1430 2095 omnis
1452 2067 1591 2103 cupiditas
1612 2070 1654 2095 est
1675 2067 1766 2104 passm
1783 2078 1809 2101 >13
1832 2067 1881 2095 sed

1031 2112 1147 2149 planum
1168 2117 1225 2147 est,
1240 2113 1315 2150 quod
1332 2113 1471 2150 cupiditas
1486 2117 1526 2143 est
1542 2114 1639 2151 culpa:
1656 2122 1722 2150 ergo
1738 2117 1884 2150 peccatum

1031 2163 1073 2188 est
1101 2160 1210 2196 passio,
1236 2164 1263 2189 et
1284 2168 1299 2189 e
1321 2168 1457 2190 converso
1466 2172 1473 2195 3
1499 2161 1572 2189 redit
1598 2161 1683 2198 igitur
1712 2161 1784 2189 idem
1808 2160 1884 2197 quod

1032 2214 1119 2243 pmus

1110 2254 1163 2281 SED
1184 2262 1307 2283 CONTRA:
1334 2255 1359 2283 1.
1391 2255 1443 2282 «111
1475 2255 1549 2283 0111111
1578 2258 1707 2291 peccato,
1729 2254 1801 2283 sicut
1822 2254 1883 2282 vult
1896 2269 1927 2288 Ad
1939 2271 2015 2294 oppos„

1031 2300 1203 2337 Augustinus
1223 2301 1249 2329 in
1274 2301 1346 2329 libro
1374 2301 1409 2330 de
1438 2301 1537 2330 Libero
1562 2301 1711 2335 Arbitrio⁵‚
1734 2304 1832 2338 regnat
1853 2301 1883 2329 li-

1032 2347 1097 2375 bido
1108 2359 1135 2382 »3
1157 2348 1329 2384 ubicumque
1351 2352 1445 2376 autem
1474 2351 1573 2385 regnat
1595 2348 1689 2382 libido,
1711 2348 1749 2376 ibi
1771 2351 1813 2377 est
1834 2348 1883 2376 im-

1032 2394 1120 2429 proba
1141 2394 1301 2422 delectatio:
1324 2402 1390 2431 ergo
1411 2402 1493 2423 omne
1514 2397 1674 2431 peccatum,
1697 2394 1723 2422 in
1746 2398 1884 2431 quantum

1032 2444 1187 2477 peccatum,
1209 2441 1336 2469 delectat.
1358 2441 1411 2470 Sed
1428 2441 1589 2470 huiusmodi
1606 2441 1749 2478 passiones
1770 2441 1885 2471 animae

1032 2494 1092 2515 eain
1115 2487 1237 2524 puniunt
1257 2490 1284 2516 et
1306 2488 1485 2517 contristant:
1508 2496 1575 2524 ergo
1590 2488 1711 2522 videtur,
1734 2488 1809 2525 quod
1825 2497 1879 2517 non

1032 2534 1087 2562 sint
1108 2538 1229 2571 peccata.

1111 2582 1137 2609 ἓ.
1160 2581 1242 2616 Item,
1271 2582 1362 2611 omnis
1390 2582 1474 2619 culpa
1502 2582 1619 2611 actualis
1640 2586 1682 2611 est
1708 2583 1884 2618 voluntaria3

1031 2706 1110 2729 saucii
1125 2706 1243 2736 =aratiam,
1268 2706 1320 2729 cod.
1338 2707 1354 2729 F
1376 2708 1495 2737 repugnat
1512 2706 1614 2737 Spiritui
1635 2709 1729 2736 saucio,
1754 2708 1790 2730 alii
1815 2708 1884 2731 codd.

1032 2747 1150 2776 repvynat
1166 2746 1271 2776 qratiam
1289 2746 1331 2775 (t).

1095 2784 1104 2799 ⁴
1123 2786 1214 2814 Quaest.
1232 2785 1269 2808 77.
1287 2785 1332 2808 cfr.
1345 2786 1382 2808 hic
1399 2786 1430 2808 lit.
1448 2786 1562 2814 Magistri,
1580 2792 1600 2808 c.
1618 2786 1639 2808 6.
1658 2798 1687 2801 —
1706 2786 1728 2808 111
1740 2792 1785 2808 11011
1804 2787 1884 2814 paucis

1032 2824 1108 2853 codd,
1132 2827 1156 2847 ut
1172 2824 1187 2846 F
1201 2825 1219 2846 H
1232 2825 1267 2846 IL
1279 2824 1297 2847 O
1309 2825 1327 2846 R
1340 2825 1354 2847 S
1367 2828 1416 2853 etc,
1434 2828 1455 2847 et
1472 2826 1494 2847 in
1516 2825 1569 2847 cdd.
1594 2826 1614 2853 l,
1639 2826 1652 2847 2
1676 2825 1773 2848 liabetur
1797 2828 1884 2848 tantum

1032 2863 1111 2886 maior
1128 2870 1181 2886 cum
1200 2864 1329 2886 testimonio
1347 2864 1479 2892 Augustini3
1497 2864 1578 2887 minor
1594 2868 1616 2887 et
1633 2864 1753 2888 conclusio
1771 2865 1860 2888 desunt.

1096 2903 1105 2917 ⁵
1121 2903 1183 2925 Libr.
1208 2903 1222 2925 l.
1241 2909 1258 2925 c.
1283 2903 1304 2925 3.
1322 2910 1344 2925 n.
1363 2903 1389 2925 8:
1412 2902 1504 2926 Clarum
1528 2907 1562 2926 est
1578 2905 1651 2932 enim,
1675 2905 1720 2926 iam
1744 2904 1797 2926 nihil
1822 2904 1885 2926 aliud

1034 2948 1104 2970 quam
1122 2941 1240 2964 libidinem
1257 2943 1279 2964 in
1297 2944 1343 2965 toto
1360 2943 1420 2965 male
1438 2943 1534 2965 faciendi
1552 2949 1636 2971 genere
1654 2943 1775 2966 dominari.
1793 2943 1837 2966 Csr.
1849 2950 1884 2966 su-

1034 2987 1074 3009 pra
1092 2988 1146 3010 pag.
1163 2981 1216 3010 754,
1235 2985 1286 3004 nota
1305 2982 1326 3004 9.
