2243 3425
801 184 884 213 DIST.
907 184 994 214 XLIV.
1015 184 1087 213 ART.
1110 184 1149 212 Ill.
1172 185 1307 221 QUAEST.
1330 184 1347 212 1.

194 265 299 303 prietas
321 264 475 302 dignitatis
497 264 524 292 in
546 271 579 293 eo
594 263 641 301 qui
662 263 819 301 praesidet,
841 263 1047 300 iacti‘ynitatem

196 317 289 341 tamen
312 312 379 341 dicit
400 312 427 340 in
450 319 482 340 eo
504 311 552 348 qui
568 311 683 344 subest;
699 313 726 338 et
742 310 804 339 ideo
819 310 987 339 naturaliter
1001 318 1048 347 po-

196 362 250 388 test
272 359 421 388 convenire
442 358 548 387 homini
564 361 694 395 respectu
709 356 826 386 alterius
848 360 995 386 creaturae
1010 357 1048 385 in-

195 406 324 440 ferioris,
347 409 476 443 respectu
498 409 590 434 tamen
612 404 729 433 alterius
744 404 865 432 hominis
881 412 934 432 non
951 412 1049 432 conve-

196 453 237 481 nit
258 453 441 486 naturaliter,
456 453 504 481 sed
521 452 643 489 quodam
659 451 742 479 modo
757 451 1048 488 praeternaturaliter,

196 499 327 528 videlicet
347 499 375 527 in
396 499 571 536 punitionem
593 497 715 535 peccati;
730 497 802 526 sicut
817 497 891 526 enim
908 497 974 526 dicit
989 498 1049 526 Am-

197 546 348 575 brosius¹z
377 546 535 575 «Servitus
556 545 716 573 introducta
737 544 789 573 fuit
820 552 871 581 per
901 547 1047 582 peccatum

197 592 340 622 ebrietatis
355 604 382 621 ».

278 640 304 668 li.
326 640 365 668 Ad
388 639 459 668 illud
480 638 556 676 quod
577 638 724 672 obiicitur,
746 637 821 675 quod
844 637 1000 666 dominium
1022 641 1049 666 et

199 688 321 717 servitus
342 686 406 715 facit
426 686 462 714 ad
488 685 728 714 conservationem
756 684 863 713 ordinis
892 684 1048 718 naturalis;

56 747 131 773 Triplex
143 746 189 765 ordo
199 734 363 768 dicendum,
385 733 461 770 quod
482 735 524 761 est
545 732 630 767 ordo,
652 732 700 769 qui
723 731 836 768 respicit
857 735 987 760 naturam
1010 739 1049 760 se-

56 771 186 812 ἓξιῗιὲξῗζῖωω
199 781 323 811 cundum
346 788 459 808 omnem
485 782 609 813 statum;
637 782 664 807 et
690 782 731 807 est
759 778 843 812 ordo,
866 778 913 815 qui
937 777 1050 815 respicit

198 831 328 857 naturam
352 826 509 855 secundum
530 829 633 854 statum
655 834 729 854 suae
743 825 917 854 conditionis
929 835 939 858 ;
960 827 987 854 et
1008 827 1050 853 est

199 875 284 909 ordo,
306 874 353 911 qui
375 873 489 911 respicit
513 877 643 901 naturam
666 873 821 902 secundum
845 875 948 901 statum
977 881 1050 901 suae

199 921 408 959 corruptionis.
434 921 465 949 Et
493 920 648 949 secundum
676 920 727 949 hoc
756 920 894 957 quaedam
921 923 987 948 sunt
1015 920 1050 948 de

199 969 349 999 dictamine
375 971 492 998 naturae
521 967 716 1005 simpliciter;
742 968 880 1005 quaedam
910 967 945 996 de
967 967 1051 996 dicta-

198 1017 273 1046 mine
295 1020 413 1045 naturae
435 1015 590 1045 secundum
613 1018 717 1043 statum
732 1018 862 1043 naturae
878 1014 1050 1048 institutam

199 1064 338 1102 quaedam
369 1064 403 1092 de
435 1062 585 1092 dictamine
614 1065 732 1091 naturae
760 1062 917 1091 secundum
946 1065 1050 1090 statum

198 1114 327 1139 naturae
349 1110 449 1147 lapsae
461 1109 480 1137 2.
495 1109 585 1138 Deum
601 1116 662 1137 esse
677 1108 889 1143 honorandum,
905 1109 990 1137 dictat
1006 1116 1051 1136 na-

199 1161 264 1187 tura
285 1157 442 1187 secundum
464 1165 576 1185 omnem
598 1159 721 1190 statum3
743 1155 837 1184 omnia
852 1163 912 1184 esse
928 1163 1051 1184 commu-

1881 187 1953 215 '1009

1104 263 1163 297 nia,
1178 262 1264 291 dictat
1279 263 1434 292 secundum
1456 266 1566 291 statam
1582 266 1711 291 naturae
1726 263 1894 297 instituta&
1909 264 1956 292 ali-

1105 310 1172 347 quid
1185 317 1245 338 esse
1258 309 1415 347 proprium,
1428 310 1514 339 dictat
1529 310 1685 339 secundum
1700 314 1811 338 statam
1826 314 1956 339 natarat>

1106 356 1206 393 lapsae
1236 357 1271 385 ad
1304 357 1489 386 removendas
1520 357 1710 386 contentiones
1738 360 1765 385 et
1793 357 1883 386 lites³.
1912 358 1955 387 Sic

1105 411 1202 432 omnes
1225 403 1351 432 homines
1365 411 1426 432 esse
1441 412 1537 432 servos
1552 403 1614 438 Dei,
1630 404 1715 432 dictat
1737 408 1837 432 natura
1860 412 1956 433 secun-

1106 450 1174 478 dum
1196 458 1308 479 omnem
1330 453 1454 485 statum3
1476 450 1618 479 hominem
1640 459 1706 479 vero
1734 451 1887 488 adaequari
1909 452 1955 479 ho-

1106 497 1193 531 mini,
1216 497 1301 525 dictat
1329 497 1485 526 secundum
1515 501 1619 526 statum
1641 505 1709 527 suae
1730 498 1838 535 primae
1865 498 1956 527 condi-

1107 543 1207 578 tionis;
1229 544 1371 573 hominem
1393 548 1486 572 autem
1509 544 1615 573 homini
1638 545 1737 573 subiici
1759 548 1787 573 et
1812 545 1953 574 hominem

1106 590 1211 618 homini
1234 591 1381 625 famulari,
1397 591 1482 619 dictat
1497 592 1653 620 secundum
1675 595 1778 621 statum
1801 592 1956 630 corruptio-

1107 637 1162 671 nis,
1177 640 1209 665 ut
1224 638 1288 666 mali
1312 642 1541 675 compescantur,
1561 642 1588 667 et
1603 638 1667 667 boni
1688 639 1883 668 defendantur.
1899 640 1954 669 Nisi

1107 684 1180 713 enim
1210 687 1303 713 essent
1331 684 1494 713 huiusmodi
1523 685 1646 714 dominia
1667 687 1822 715 coercentia
1851 687 1955 722 malos,

1106 734 1222 768 propter
1243 732 1470 769 corruptionem,
1491 740 1563 769 quae
1585 737 1626 762 est
1648 733 1676 761 in
1695 736 1809 768 natura,
1830 742 1905 763 unus
1920 734 1958 763 al-

1107 781 1199 807 terum
1222 778 1407 815 opprimeret>
1435 782 1462 807 et
1491 779 1677 808 communiter
1706 780 1833 809 homines
1862 781 1956 810 vivere

1107 833 1161 854 non
1180 828 1301 862 possent.
1324 826 1381 854 Non
1397 826 1436 854 sic
1457 829 1551 854 autem
1574 830 1659 861 esset,
1680 827 1701 856 si
1725 828 1809 856 homo
1830 836 1958 865 perman-

1108 872 1188 901 sisset
1210 872 1237 900 in
1259 875 1333 901 statu
1348 872 1534 907 innocentiae3
1556 873 1673 910 quilibet
1688 874 1761 902 enim
1779 874 1804 902 ln
1824 874 1915 911 gradu
1930 877 1958 903 et

1108 923 1181 949 statu
1204 928 1255 948 suo
1278 923 1411 949 maneret.
1435 920 1465 948 Et
1486 921 1525 949 sic
1547 924 1635 957 patet,
1656 921 1731 958 quod
1747 921 1794 949 illa
1816 922 1887 950 ratio
1902 930 1956 950 non

1108 966 1267 1001 concludit,
1296 967 1371 1004 quod
1404 967 1526 996 servitus
1555 967 1599 996 vel
1635 967 1790 996 dominium
1827 969 1958 1005 respiciat

1107 1017 1237 1042 naturam
1260 1013 1429 1049 institutam,
1450 1014 1499 1043 sed
1522 1014 1626 1049 solum,
1649 1015 1724 1052 quod
1747 1015 1860 1052 respicit
1880 1019 1959 1044 natu-

1108 1069 1167 1089 ram
1185 1061 1305 1098 lapsam,
1320 1061 1367 1089 ubi
1387 1061 1456 1089 ordo
1471 1061 1556 1090 habet
1577 1062 1737 1099 perturbari
1754 1066 1781 1091 et
1801 1066 1892 1100 potest
1907 1071 1958 1100 per

1109 1108 1264 1137 dominium
1287 1109 1446 1137 conservari
1459 1108 1475 1136 ¹¹.

919 1253 1156 1287 ARTICULUS
1182 1253 1234 1286 III.

674 1349 715 1377 De
735 1348 904 1377 necessitate
925 1348 1098 1377 sabiacendi
1116 1348 1261 1385 potentiae
1278 1348 1479 1385 praesidendi.

278 1448 486 1486 Consequenter
517 1447 664 1485 quaeritur
697 1447 731 1476 de
760 1447 925 1476 necessitate
958 1446 1052 1475 subia-

200 1496 278 1525 cendi
300 1495 439 1533 potentiae
461 1495 641 1532 praesidendi
656 1495 673 1523 ⁵.
696 1495 727 1523 Et
749 1495 822 1524 circa
844 1494 895 1523 hoc
911 1502 1052 1531 quaerun-

199 1548 245 1573 tur
267 1544 332 1573 duo.

278 1590 370 1619 Primo
385 1590 541 1627 quaeritur,
553 1593 650 1618 utrum
666 1589 815 1618 Christiani
828 1591 976 1617 teneantur
988 1588 1052 1617 sub-

1110 1447 1200 1475 iacere
1222 1446 1348 1483 tyrannis
1369 1447 1395 1475 in
1418 1447 1569 1484 aliquibus.

1188 1495 1316 1524 Secundo
1344 1494 1503 1532 quaeritur,
1532 1498 1629 1523 utrum
1660 1494 1781 1532 religiosi
1810 1498 1959 1524 teneantur

1109 1541 1254 1570 subiacere
1276 1541 1409 1579 praelatis
1430 1541 1489 1570 suis
1511 1541 1537 1570 in
1560 1542 1699 1571 omnibus.

979 1686 1142 1723 QUAESTIO
1164 1687 1182 1714 1.

376 1774 480 1802 Utrum
504 1772 669 1802 Christiani
693 1776 846 1801 teneantur
867 1772 982 1801 subesse
1004 1773 1142 1810 tyrannis
1163 1772 1223 1800 siue
1240 1772 1379 1809 potestati
1395 1772 1548 1801 saeculari
1567 1773 1596 1801 in
1618 1772 1775 1810 aliquibus.

278 1873 357 1901 Circa
368 1872 491 1908 primum
508 1871 546 1900 sic
561 1871 725 1908 proceditur
740 1874 767 1899 et
782 1871 937 1907 quaeritur,
952 1873 1050 1899 utrum

199 1919 348 1948 Christiani
369 1921 518 1948 teneantur
539 1918 655 1946 subesse
677 1917 802 1954 tyrannis
831 1917 889 1945 sive
922 1917 1050 1954 potestati

200 1966 335 1996 saeculari
360 1966 387 1994 in
408 1965 559 2003 aliquibus.
583 1965 612 1993 Et
634 1964 709 2002 quod
731 1964 783 1999 sic,
805 1964 926 1993 videtur.

283 2015 307 2041 1.
329 2013 437 2041 PrImae
459 2013 530 2041 Petri
553 2012 676 2041 secundo
689 2012 714 2039 ⁵:
732 2011 825 2045 Servi,
841 2011 952 2039 subditi
966 2015 1050 2039 estote

61 2061 232 2089 Fundamenta-in
254 2060 335 2089 omni
355 2060 458 2088 timore
473 2059 614 2091 (tonn'nis,
638 2067 694 2086 nou
716 2061 830 2086 tantam
850 2057 931 2086 bouis
953 2062 979 2086 et
993 2066 1050 2086 mo-

201 2108 305 2141 destis,
327 2107 377 2135 scd
397 2106 485 2135 etiam
507 2106 633 2134 discolis.

280 2156 306 2182 ⁹2.
329 2154 395 2182 [tem
424 2153 458 2182 ad
488 2154 625 2181 Romanos
654 2152 762 2181 decimo
791 2152 916 2181 terti0⁷:
949 2152 1051 2180 Omnis

202 2201 305 2230 aniiua
332 2200 522 2238 potestatibus
549 2199 773 2228 sublimioribus
797 2192 917 2228 subdita
938 2200 994 2232 sit;
1023 2203 1050 2228 et

201 2252 277 2286 post:
301 2248 418 2276 Reddite
439 2247 574 2276 omnibus
595 2247 704 2279 (tabita,
727 2246 777 2275 cui
795 2246 938 2274 tributum
961 2246 1051 2274 triba-

203 2299 281 2328 tant,
310 2295 361 2322 cui
381 2294 503 2332 vectigal
529 2294 661 2331 veetigyat.
684 2294 715 2322 Et
742 2293 770 2321 si
791 2297 822 2321 ta
851 2293 951 2327 (tica-s,
974 2293 1049 2330 quod

200 2342 269 2371 haec
297 2345 340 2370 est
367 2341 519 2370 admonitio
547 2344 662 2378 propter
690 2340 854 2370 scandalum
885 2340 1050 2374 vitandum3

1108 1873 1233 1898 contra.-
1262 1870 1347 1907 paulo
1376 1873 1439 1899 ante
1457 1870 1484 1898 Β;
1515 1870 1692 1899 Necessitate
1719 1871 1831 1900 subditi
1858 1877 1958 1907 estote,

1107 1925 1166 1944 uon
1187 1917 1282 1945 solunt
1300 1921 1422 1954 propter
1445 1917 1543 1951 iram,
1565 1918 1616 1946 sect
1643 1918 1731 1946 etiam
1749 1923 1871 1956 propter
1897 1928 1960 1948 con-

1107 1963 1271 1992 scientiam.

1189 2010 1214 2039 3.
1238 2011 1318 2045 item,
1341 2011 1393 2040 hoc
1416 2011 1508 2048 ipsum
1537 2012 1694 2041 ostenditur
1715 2013 1847 2047 ratione,
1873 2022 1958 2050 quam

1080 2096 1081 2099 Ἴ
1109 2058 1255 2094 ¹&postolus
1277 2058 1342 2087 facit
1363 2059 1499 2087 ibidem&
1527 2059 1591 2087 Non
1613 2063 1670 2093 est,
1697 2060 1801 2096 inquit,
1831 2064 1959 2097 potestas

1108 2105 1169 2133 nisi
1189 2114 1208 2133 a
1232 2106 1303 2138 Deo:
1324 2106 1374 2133 sect
1394 2115 1469 2143 quae
1490 2115 1509 2134 a
1533 2106 1588 2134 Deo
1609 2110 1688 2139 saut,
1711 2107 1852 2135 ordinata
1873 2111 1957 2136 suut:

1108 2160 1176 2189 ergo
1197 2153 1288 2180 omnis
1307 2155 1429 2189 potestas
1451 2153 1579 2181 ordinata
1597 2156 1639 2181 est
1659 2153 1834 2182 ordinatione
1850 2154 1957 2182 divina:

1108 2199 1207 2237 itaque
1231 2199 1283 2237 qai
1305 2200 1416 2227 resistit
1436 2200 1575 2236 potestati
1598 2200 1653 2228 Dei
1678 2201 1862 2229 ordinationi
1889 2202 1959 2229 resi-

1107 2247 1171 2279 81η,-
1183 2246 1231 2275 sed
1244 2247 1296 2284 qai
1305 2246 1414 2275 resistit
1428 2247 1596 2275 ordinationi
1609 2247 1657 2276 Dei
1670 2247 1889 2276 [lamnationem
1901 2248 1959 2277 sibi

1108 2293 1254 2330 acquirit:
1277 2301 1344 2330 ergo
1366 2297 1416 2322 etc.
1541 2288 1544 2290 ’

1187 2340 1214 2368 li..
1237 2340 1317 2375 Item,
1340 2341 1446 2369 servire
1470 2341 1574 2369 homini
1597 2349 1650 2370 non
1674 2345 1715 2370 est
1734 2342 1817 2379 culpa
1840 2350 1889 2371 nec
1905 2351 1960 2371 ma-

265 2463 272 2477 1
291 2463 350 2485 Libr.
375 2463 403 2485 de
427 2463 472 2485 Elia
495 2466 517 2485 et
534 2463 633 2491 ieiunio,
652 2469 671 2485 c.
689 2463 710 2485 5.
729 2469 750 2485 n.
773 2464 793 2485 11
809 2468 814 2485 ;
832 2463 880 2485 Non
906 2466 967 2486 esset
984 2464 1053 2486 hodie

202 2503 316 2530 servitus,
334 2503 352 2524 si
370 2502 470 2524 ebrietas
488 2508 532 2524 non
550 2502 637 2524 suisset.

266 2542 275 2556 '²
294 2543 315 2564 lu
335 2543 377 2564 hac
395 2542 474 2564 ultima
493 2542 649 2569 propositione
672 2542 740 2564 codd.
767 2545 789 2564 et
814 2543 901 2570 primae
927 2542 980 2565 cdd.
1007 2549 1052 2565 non

202 2581 293 2603 modico
311 2581 441 2608 discrepant
453 2587 466 2602 a
484 2584 559 2602 nostra
579 2581 688 2609 lectione⁷
707 2587 766 2609 quae
783 2584 817 2603 cst
833 2583 901 2603 etium
921 2582 1052 2604 vaticanae.

202 2620 307 2648 Plerique
325 2620 386 2642 enim
405 2619 472 2641 codd.
491 2625 544 2641 cum
562 2620 643 2647 primis
660 2620 713 2642 cdd.
732 2621 839 2643 omittunt
856 2621 927 2643 verbu
949 2622 1053 2644 naturae

19 2653 22 2672 ⁵
202 2657 323 2680 institutae
332 2666 340 2685 i
359 2657 475 2687 quaedam
494 2657 521 2679 de
539 2657 665 2680 dictamine
690 2659 793 2681 naturae
814 2658 945 2681 secandum
963 2660 1052 2682 statum

202 2698 306 2719 natm-ne
325 2696 419 2725 lapsae,
440 2697 588 2718 terminantes
613 2697 794 2724 propositionem
821 2697 899 2719 verbis
921 2697 1053 2721 secuudum

202 2737 291 2758 statum
301 2744 311 2764 ‚-
336 2735 387 2757 cod.
407 2735 435 2756 W
461 2735 511 2757 loco
537 2735 663 2757 verborum
689 2736 784 2758 istorum
810 2738 949 2758 omissorum
976 2738 1053 2765 posuit

202 2774 278 2797 istaut
296 2774 331 2797 ret
349 2774 417 2797 illum
435 2778 456 2796 et
474 2774 526 2796 dein
545 2775 693 2802 prosequitur
704 2774 767 2797 Nam
787 2775 861 2797 Deam
878 2782 927 2798 esse
944 2779 997 2804 ωας
1016 2776 1052 2798 110-

203 2815 273 2842 nique
292 2813 342 2835 rod.
361 2814 378 2835 ll
398 2817 483 2835 textum
501 2813 533 2835 sic
551 2813 658 2835 formavit
677 2814 742 2841 (post
753 2813 917 2842 simplicitet-fl
935 2815 1052 2844 quaedum

203 2851 230 2875 de
248 2852 374 2875 dictamine
391 2851 521 2875 secundum
539 2857 633 2874 omnem
650 2853 751 2880 statum,
771 2854 799 2875 ut
815 2853 890 2875 Deum
907 2859 955 2876 esst*
972 2857 1014 2876 etc.

266 2891 275 2905 3
293 2890 337 2913 Cn:
357 2891 397 2913 luc.
418 2890 485 2917 4Γ1.
513 2897 560 2919 seq.
580 2890 623 2913 Ct'r.
650 2891 718 2912 etiam
736 2892 842 2919 Ariston,
863 2892 884 2913 ll.
904 2892 966 2914 l’olit.
993 2899 1011 2915 c.
1030 2893 1050 2914 3.

204 2930 238 2954 (c.
258 2931 301 2958 2⁴),
320 2929 359 2952 ubi
377 2930 475 2952 Platonis
493 2929 595 2952 doctrina
615 2930 642 2951 dc
661 2931 825 2952 communitate
843 2930 958 2953 bonorum
976 2932 1053 2959 impu-

204 2974 294 2997 guntur.

331 3019 354 3043 S.
373 3020 462 3043 Bouuu.
479 3032 510 3036 —
528 3020 593 3042 Tom.
613 3021 635 3043 ll.

1173 2462 1182 2477 ‘¹
1200 2464 1304 2491 Augusti,
1324 2463 1384 2485 XlX.
1402 2463 1431 2485 de
1449 2463 1497 2486 Civ.
1516 2464 1567 2491 Dei,
1586 2470 1604 2486 c.
1626 2464 1666 2486 ¹l-'J'z
1681 2464 1759 2486 Nullus
1776 2468 1852 2487 autem
1871 2468 1959 2493 natura7

1110 2504 1132 2524 in
1151 2509 1195 2531 qua
1215 2504 1279 2530 prius
1297 2503 1358 2525 Deus
1375 2504 1492 2524 hominvm
1519 2503 1636 2531 condidit,
1655 2510 1737 2526 servus
1754 2507 1788 2525 est
1806 2505 1904 2526 hominis
1921 2507 1960 2526 aut

1110 2543 1206 2570 peccati.
1224 2543 1312 2564 Verum
1331 2546 1353 2565 et
1370 2542 1473 2570 poenalis
1491 2543 1590 2565 servitus
1616 2549 1641 2564 en
1668 2543 1719 2570 lege
1744 2543 1877 2571 ordinatur,
1900 2549 1959 2571 quae

1110 2582 1236 2604 naturalem
1256 2581 1361 2603 ordinem
1380 2582 1512 2603 conservari
1530 2581 1609 2609 iubet,
1628 2582 1758 2609 perturbari
1776 2583 1846 2609 vitam
1865 2583 1917 2610 quia
1940 2583 1958 2603 si

1110 2623 1187 2642 contra
1206 2626 1256 2641 cam
1276 2620 1351 2647 legem
1369 2626 1413 2641 non
1433 2623 1493 2642 osset
1510 2621 1611 2648 sactum,
1630 2621 1684 2642 nillil
1702 2623 1761 2643 essct
1778 2621 1868 2648 poenali
1886 2620 1959 2642 servi-

1110 2662 1156 2681 tute
1174 2658 1336 2681 coercendum.
1354 2671 1385 2674 —
1398 2659 1455 2681 Vide
1473 2659 1575 2680 scholion
1593 2659 1622 2681 ad
1640 2659 1818 2687 praecedentvm
1836 2663 1924 2687 quaest.

1171 2697 1180 2711 5
1200 2698 1249 2719 Vnt.
1271 2697 1421 2726 praesidenti.
1445 2697 1516 2719 Codd.
1536 2698 1582 2719 llT
1595 2698 1623 2719 W
1641 2701 1663 2720 et
1687 2699 1723 2719 alii
1750 2704 1792 2720 nec
1816 2704 1860 2719 non
1886 2698 1922 2720 ed.
1948 2699 1953 2720 1

1109 2738 1215 2759 omittunt
1234 2737 1301 2764 paulo
1320 2737 1413 2759 inserihs
1430 2736 1453 2758 iu
1471 2736 1598 2766 aliquibus.
1809 2737 1819 2751 ⁰
1837 2737 1901 2759 Yers.
1924 2738 1957 2760 18.

1171 2776 1180 2790 7
1200 2777 1264 2798 Vcrs.
1284 2777 1304 2797 11.
1323 2788 1352 2791 —
1369 2775 1422 2804 Seq.
1441 2776 1482 2797 loc.
1500 2776 1581 2804 Script.
1600 2779 1633 2798 est
1651 2776 1705 2798 ibid.
1724 2782 1746 2798 V.
1765 2776 1786 2798 7.

1170 2814 1180 2828 s
1197 2814 1249 2836 Loc.
1268 2815 1303 2836 cit.
1323 2821 1344 2836 v.
1363 2814 1383 2836 5.

1171 2854 1181 2867 '³
1198 2854 1263 2875 Rom.
1286 2853 1324 2880 13,
1344 2853 1364 2875 l.
1377 2859 1424 2881 seq.
1440 2853 1467 2875 lta
1481 2854 1527 2875 sere
1540 2853 1623 2881 legitur
1635 2854 1656 2875 in
1670 2853 1776 2881 pluribus
1788 2855 1887 2882 antiquis
1904 2854 1957 2876 cdd.

1110 2893 1233 2919 Vulgatne;
1252 2898 1313 2914 nunc
1326 2896 1414 2914 autem:
1428 2898 1487 2920 quac
1500 2895 1576 2914 autem
1589 2895 1654 2919 sunt,
1673 2899 1684 2914 a
1704 2893 1750 2914 Deo
1768 2893 1885 2915 ordinatae
1897 2897 1957 2915 sunt.

1110 2944 1139 2947 —
1152 2932 1220 2953 Paulo
1238 2931 1332 2953 interius
1350 2937 1392 2958 pro
1410 2930 1488 2960 itaque
1504 2930 1557 2952 odd.
1577 2931 1679 2959 (excepta
1702 2932 1723 2959 1,
1742 2938 1802 2960 quite
1820 2932 1888 2954 habet
1908 2931 1957 2960 secl)

1109 2970 1249 2992 substituunt
1267 2969 1297 2992 ita
1316 2970 1385 3000 quod.

1790 3022 1831 3043 127

1970 642 2086 662 Notandum.
