2243 3425
19 704 38 722 id
50 702 122 726 opposi-

730 196 811 224 DtST.
834 196 945 224 xxxin.
967 196 1040 224 ART.
1062 196 1101 224 ltt.
1124 197 1259 233 QUAEST.
1283 197 1299 224 1.

911 322 1073 359 0111115110
1096 323 1113 350 1.

354 408 459 436 Utrum
477 407 603 444 parvuli
623 408 785 435 decedentes
808 408 838 435 in
859 408 919 436 solo
939 408 1082 446 originali
1100 409 1269 446 puniantur
1288 418 1383 446 poena
1405 410 1484 448 ignis
1505 410 1679 439 materialis.

216 506 294 535 Circa
310 506 432 543 primum
449 506 487 534 sic
502 505 665 542 proceditur
680 509 706 534 et
721 506 875 542 quaesitum
888 510 984 534 utrum

137 553 248 590 parvuli
264 553 430 581 decedentes
452 553 478 580 in
501 552 559 581 solo
578 552 706 589 originali
728 553 882 589 puniantur
897 561 986 589 poena

136 600 208 637 ignis
231 600 389 628 materialis.
415 600 444 628 Et
465 600 539 636 quod
563 599 614 633 sic,
636 599 756 627 videtur.

218 648 241 675 1.
258 647 429 684 Augustinus
445 647 479 675 de
495 647 610 675 Fidead
628 647 769 675 Petrum¹z
791 646 985 675 «Firmissime

137 698 211 727 tene,
235 694 380 731 parvulos,
403 695 449 731 qui
472 694 531 723 sine
553 694 732 723 sacramento
755 694 929 730 baptismatis
951 694 985 723 de

136 741 188 770 hoc
210 742 321 770 saeculo
344 745 505 775 transeunt,
526 742 631 770 aeterni
660 741 731 778 ignis
756 741 894 778 supplicio
916 749 985 770 sem-

135 789 245 826 piterno
266 789 464 826 puniendos».

214 837 239 864 2.
263 836 341 870 ltem,
357 836 529 872 Augustinus
540 836 560 863 ²:
587 835 743 872 «Quisquis
759 836 795 863 ita
813 835 906 864 vivere
922 835 985 864 inci-

134 883 186 920 pit,
210 886 240 911 ut
258 886 322 911 ante
344 882 421 911 finiat
439 883 538 915 vitam,
560 891 645 920 quam
667 882 702 911 ab
717 883 791 916 eius‚
814 882 918 911 scilicet
932 883 985 911 ori-

134 930 245 967 ginalis‚
268 929 435 966 obligatione
457 930 595 958 solvatur.
618 930 640 958 si
662 930 747 958 unius
769 929 823 958 diei
840 930 883 958 vel
900 930 984 959 unius

134 977 220 1005 horae
248 977 337 1013 spatio
358 977 451 1004 anima
480 976 551 1004 vixit
573 976 600 1004 in
629 984 762 1013 corpore,
791 983 904 1005 necesse
926 979 984 1009 est,

134 1031 197 1052 eum
228 1031 291 1052 cum
320 1023 417 1052 eodem
448 1031 565 1060 corpore
594 1023 812 1051 interminabilia
840 1023 984 1060 gehennae

133 1070 272 1107 supplicia
300 1070 484 1098 sustinere».
516 1070 555 1098 Ex
586 1070 637 1098 hoc
666 1077 801 1106 expresse
830 1069 983 1106 colligitur,

133 1118 209 1155 quod
230 1117 357 1154 originali
374 1125 428 1145 non
451 1120 558 1145 tantum
582 1117 702 1146 debetur
724 1117 847 1145 carentia
869 1117 984 1145 visionis

133 1165 194 1199 Dei,
217 1164 265 1193 sed
287 1164 371 1193 etiam
392 1172 481 1201 poena
503 1164 583 1201 ignis.

213 1212 239 1240 3
262 1212 344 1243 ltem,
367 1212 419 1240 hoc
441 1212 533 1248 ipsum
554 1212 665 1240 videtur
680 1212 804 1240 ratione.
829 1212 939 1240 Parvuli
956 1212 983 1240 in

133 1259 185 1288 hac
200 1259 257 1287 vita
273 1258 376 1287 multas
397 1259 535 1287 sustinent
556 1259 719 1287 afflictiones
740 1262 766 1287 et
788 1259 984 1296 poenalitates3

132 1309 181 1335 aut
203 1314 269 1342 ergo
295 1305 383 1339 iuste,
405 1309 453 1334 aut
475 1306 589 1334 iniuste.
612 1306 669 1334 Non
691 1306 799 1335 iniuste
807 1317 816 1340 ‚·
845 1307 897 1335 hoc
919 1315 984 1335 con-

133 1357 202 1387 stat,
224 1353 290 1389 quia
312 1352 402 1381 omnis
425 1360 512 1389 poena
528 1353 601 1381 Iusta
622 1356 670 1381 est.
694 1353 720 1381 Si
736 1353 827 1386 ’ζα-δία
848 1361 914 1390 ergo
931 1361 985 1381 me-

132 1403 212 1429 retur
234 1400 285 1428 boc
307 1400 450 1436 originalis
472 1399 563 1436 culpa.
586 1399 611 1427 Si
634 1408 701 1437 ergo
723 1400 806 1437 culpa
825 1408 879 1427 non
902 1400 985 1428 debet

133 1455 279 1476 remanere
307 1447 460 1484 impunita,
489 1451 516 1475 et
544 1447 679 1484 originale
709 1450 835 1475 meretur
864 1455 982 1483 poenam

133 1503 246 1529 sensus3
270 1495 397 1528 videtur,
424 1494 499 1531 qnod
522 1494 631 1531 parvuli
660 1502 749 1531 poena
778 1494 901 1523 sensibili
924 1502 985 1523 cru-

133 1543 251 1571 cientur.

211 1589 237 1617 ίι.
260 1589 340 1623 Item,
363 1588 432 1617 illud
455 1592 497 1617 est
518 1588 607 1623 magis
623 1588 738 1625 dignum
763 1588 869 1624 puniri,
886 1588 911 1616 in
929 1596 984 1624 quo

132 1636 221 1673 magis
249 1636 354 1665 residet
381 1644 465 1665 causa
495 1635 616 1672 peccati3
641 1644 696 1672 per
717 1644 792 1673 qliae
820 1635 897 1663 enini
919 1635 985 1673 quis

128 1687 246 1721 peccat,
265 1692 319 1720 per
341 1683 393 1712 illa
422 1683 501 1711 (lebet
523 1682 692 1721 torqneri³‚·
717 1683 765 1711 sed
789 1683 929 1711 traductio
957 1686 985 1711 et

132 1739 217 1760 causa
238 1730 382 1767 originalis
404 1730 508 1768 peccati
536 1730 659 1758 maxime
688 1730 792 1758 residet
814 1737 899 1767 penes
927 1738 985 1759 car—

132 1785 208 1806 nem:
231 1785 297 1814 ergo
320 1778 441 1811 videtur,
457 1777 532 1814 quod
554 1777 601 1805 illa
618 1777 760 1813 potissime
782 1777 865 1805 debet
880 1777 984 1813 puniri.

132 1825 158 1853 Si
181 1832 247 1861 ergo
268 1824 361 1853 anima
384 1825 483 1853 merito
499 1824 575 1853 illius
596 1824 695 1861 culpae
714 1824 798 1860 digna
820 1827 861 1853 est
884 1824 931 1852 Dei
948 1825 985 1852 vi—

132 1872 208 1901 sione
230 1872 352 1908 privari‚
376 1871 464 1899 multo
486 1871 585 1900 fortius
607 1879 672 1900 caro
698 1871 782 1908 digna
803 1875 844 1900 est
862 1872 984 1900 aeternis

133 1919 277 1956 suppliciis
299 1919 428 1948 cruciari.

212 1968 237 1995 ὃ.
260 1966 340 2000 ltem⁷
363 1965 489 2002 parvulis
511 1974 564 1993 non
588 1966 772 1994 restituentur
799 1973 917 2002 corpora
939 1966 985 1994 do-

133 2016 189 2042 tata
201 2013 218 2047 ⁴,
244 2013 388 2041 habebunt
410 2012 494 2049 igitur
516 2020 634 2049 corpora
649 2012 808 2049 passibilia;
830 2013 878 2041 sed
901 2020 984 2042 omne

133 2059 264 2097 passibile
279 2067 392 2087 necesse
407 2063 449 2087 est
463 2059 614 2096 aliquando
629 2059 685 2096 pati
707 2058 750 2087 vel
764 2059 799 2087 ab
814 2059 983 2093 extrinseco,

133 2107 177 2136 vel
198 2107 234 2135 ab
250 2107 408 2141 intrinseco,
431 2107 554 2135 maxime
569 2114 633 2135 cum
655 2107 872 2143 approximatur
891 2107 982 2143 agenti

133 2155 235 2184 activo:
258 2162 324 2191 ergo
347 2154 471 2188 videtur,
493 2154 568 2191 quod
588 2154 775 2191 parvulorum
798 2162 916 2191 corpora
938 2154 985 2183 ali-

133 2201 246 2239 quando
267 2202 409 2238 patientur
431 2204 457 2230 et
478 2201 646 2237 affligentur.

211 2249 263 2276 SED
278 2256 398 2277 cox'rna:
416 2249 439 2276 1.
452 2249 622 2284 Augustinus
635 2248 661 2276 in
675 2248 833 2277 Enchiridio
843 2247 863 2275 ⁵:
878 2259 891 2273 «
904 2248 985 2277 Mitis-

14 2296 202 2325 1nda=nema.sinia
223 2303 290 2324 sane
308 2303 406 2324 eorum
423 2295 475 2324 erit
490 2303 595 2332 poena,
618 2295 664 2333 qui
688 2299 800 2332 praeter
822 2299 982 2332 peccatum,

132 2343 206 2380 quod
236 2343 409 2380 originaliter
438 2346 602 2376 traxerunt,
624 2343 734 2371 nullum
762 2343 878 2379 insuper
907 2343 984 2371 addi-

132 2390 236 2419 derunt
250 2401 281 2423 »;
304 2390 352 2419 sed
375 2390 395 2418 si
420 2390 529 2427 parvuli
546 2393 675 2419 carerent
697 2390 802 2419 visione
822 2390 869 2418 Dei
886 2394 913 2418 et
934 2398 983 2426 pu-

131 2437 259 2466 nirentur
286 2437 348 2474 igne
378 2437 531 2469 materiali„
558 2446 612 2465 non
641 2437 778 2466 haberent
805 2437 981 2465 mitissimam

132 2492 259 2521 poenam.
289 2484 314 2512 Si
345 2484 430 2521 igitur
458 2492 540 2513 nemo
569 2484 698 2520 dubitat2
723 2492 770 2513 eos
798 2484 905 2512 visione
933 2484 981 2512 Dei

132 2531 296 2568 privandos,
312 2532 424 2560 videtur
439 2531 517 2560 nullo
540 2531 621 2559 modo
640 2538 701 2560 esse
716 2530 891 2567 ponendum,
908 2530 982 2566 ipsos

132 2579 269 2615 corporali
292 2579 429 2616 supplicio
450 2579 616 2615 puniendos.

1123 509 1148 535 Q.
1172 508 1251 542 Item,
1268 508 1396 545 Magister
1414 509 1441 537 in
1458 509 1562 543 littera,
1581 509 1703 546 capitulo
1720 509 1858 547 Alioquin
1869 510 1889 538 6:

1048 554 1127 582 «Pro
1149 555 1275 591 originali
1298 559 1423 591 peccam,
1451 556 1526 592 quod
1549 564 1565 584 a
1593 557 1757 593 parentibus
1779 557 1890 593 parvuli

1044 604 1204 635 traxerunt,
1232 602 1338 630 nullam
1363 602 1445 630 aliam
1476 604 1628 632 materialis
1654 604 1738 640 ignis.
1765 604 1808 632 vel
1831 612 1892 632 con—

1043 646 1173 675 scientiae
1195 648 1299 676 vermis
1321 656 1437 684 poenam
1455 649 1564 678 sensuri
1584 653 1662 684 sunt,
1684 650 1734 679 nisi
1751 651 1825 687 quod
1843 651 1890 679 Dei

1044 693 1148 721 visione
1170 694 1307 723 carebunt
1328 695 1355 723 in
1378 699 1545 732 perpetuum
1562 708 1588 724 n.

1123 740 1149 768 3
1172 741 1254 775 item,
1277 742 1328 770 boc
1351 742 1444 778 ipsum
1471 742 1583 771 videtur
1604 744 1726 772 ratione.
1753 745 1890 773 Iniustum

1043 789 1084 814 est
1106 787 1170 823 plus
1191 788 1305 824 exigere
1327 788 1354 816 in
1378 796 1478 825 poena,
1498 798 1581 826 quam
1605 791 1786 819 commissum
1808 793 1891 820 estin

1043 833 1139 870 culpa:
1163 834 1183 862 si
1201 841 1267 871 ergo
1289 835 1426 871 parvulus
1442 835 1519 864 nullo
1540 840 1604 864 actu
1620 845 1670 865 suo
1689 837 1816 866 divinum
1832 846 1893 867 con-

1043 881 1155 917 tempsit
1174 881 1333 918 imperfflm„
1351 882 1471 916 videtur,
1487 883 1561 920 quod
1578 884 1687 912 nullum
1704 885 1823 913 debetur
1838 885 1890 914 sibi

1041 928 1182 957 aeternale
1205 932 1385 957 tormentum.

1120 976 1146 1003 [1.
1170 975 1253 1006 Item„
1275 976 1414 1005 acerbitas
1443 985 1547 1014 poenae
1570 978 1720 1014 respondet
1745 979 1892 1016 quantitati

1041 1021 1245 1057 delectationis,
1262 1023 1341 1051 iuxta
1357 1023 1426 1052 illud
1444 1024 1620 1061 Apocalypsis
1631 1026 1652 1052 ⁷:
1672 1026 1821 1061 Quantztm
1835 1026 1893 1064 ylo-

1042 1068 1172 1105 risicaoit
1191 1078 1220 1098 se
1235 1074 1259 1098 et
1280 1070 1309 1098 in
1325 1070 1437 1099 deliciis
1455 1075 1520 1105 etc.;
1541 1072 1589 1100 sed
1611 1072 1717 1107 anima,
1743 1082 1815 1110 quae
1831 1082 1892 1103 con-

1041 1116 1135 1145 iuncta
1160 1118 1211 1146 fuit
1232 1118 1341 1155 corpori
1358 1119 1468 1155 parvuli
1492 1119 1644 1148 infirmanti
1663 1124 1690 1149 et
1709 1121 1807 1155 debili,
1833 1122 1892 1150 nul-

1041 1163 1096 1192 lam
1126 1164 1337 1194 delectationem
1367 1165 1552 1194 inordinatam
1583 1167 1609 1195 in
1641 1175 1758 1204 corpore
1787 1169 1890 1198 sensit:

1041 1218 1107 1248 ergo
1129 1220 1183 1240 non
1206 1212 1331 1246 videtur,
1354 1213 1428 1249 quod
1445 1213 1496 1241 sibi
1520 1213 1657 1243 debeatur
1678 1215 1815 1245 acerbitas
1830 1224 1892 1253 poe-

1041 1266 1092 1286 nae
1114 1258 1262 1287 sensibilis.

1122 1307 1147 1334 5
1166 1306 1249 1340 Item,
1272 1306 1436 1335 horribilius
1458 1310 1499 1336 est
1520 1308 1650 1337 continue
1666 1312 1693 1337 et
1713 1310 1892 1339 aeternaliter

1042 1353 1067 1381 in
1091 1354 1237 1382 tormentis
1258 1361 1319 1382 esse
1347 1362 1431 1391 quani
1454 1355 1567 1383 omnino
1593 1363 1646 1383 non
1669 1364 1747 1385 esse:
1778 1357 1799 1386 si
1825 1365 1892 1394 ergo

1042 1400 1115 1429 Deus
1136 1401 1274 1434 animam,
1296 1409 1381 1437 quam
1404 1402 1509 1430 creavit
1530 1402 1588 1430 sine
1617 1404 1824 1440 perpetratione
1846 1405 1892 1433 ali-

1042 1447 1122 1476 cuius
1144 1447 1265 1484 peccati,
1286 1448 1407 1476 aeternis
1429 1448 1573 1485 suppliciis
1595 1450 1757 1486 deputaretg
1779 1451 1890 1480 nullum

1042 1494 1186 1523 videretur
1208 1494 1259 1523 sibi
1283 1494 1449 1523 beneficium
1476 1500 1632 1532 praestare,
1659 1505 1709 1526 nec
1736 1498 1890 1528 misericor-

1042 1541 1087 1569 dia
1109 1541 1193 1570 simul
1215 1550 1278 1570 cnm
1302 1542 1407 1570 iustitia
1428 1546 1564 1571 curreret.
1587 1544 1690 1580 Quodsi
1714 1545 1766 1573 hoc
1791 1549 1833 1574 est
1854 1547 1893 1574 in-

1042 1588 1210 1616 conveniens
1239 1588 1332 1617 dicere
1353 1589 1429 1625 apud
1458 1589 1567 1618 Patrem
1597 1591 1855 1620 misericordiarum
1872 1592 1890 1627 Β,

1041 1634 1154 1663 videtur
1173 1638 1224 1663 etc.

1358 1738 1570 1759 CONCLUSIO.

1040 1823 1171 1851 Parvuli
1191 1823 1353 1852 decedentes
1378 1824 1409 1852 in
1434 1829 1553 1861 peceato
1575 1826 1719 1863 origyz'mtli
1745 1835 1803 1855 non
1831 1835 1891 1855 sen-

1121 1871 1197 1899 tiunt
1215 1880 1326 1908 poeitae
1347 1872 1425 1909 ignis
1440 1872 1645 1907 acerbitatem,
1664 1874 1827 1910 privantur
1851 1878 1891 1902 tct-

1119 1927 1183 1946 men
1208 1919 1260 1946 Dei
1281 1919 1389 1947 visione
1409 1923 1435 1947 ct
1453 1924 1607 1956 poninitur
1630 1920 1660 1948 iit
1683 1920 1742 1949 loeo
1765 1921 1823 1949 oili.

1121 2013 1300 2041 Ruspoxnno:
1323 2013 1361 2041 Ad
1385 2013 1593 2049 praedictorum
1616 2013 1827 2051 intelligentiam
1849 2018 1891 2043 est

1040 2059 1208 2093 notandum,
1231 2060 1305 2096 quod
1330 2060 1373 2088 liic
1396 2060 1503 2097 duplex
1526 2064 1567 2089 est
1589 2061 1689 2097 opinio.

1119 2106 1239 2142 Quidam
1261 2106 1348 2139 enim,
1370 2108 1544 2136 attendentes
1574 2108 1695 2145 rigorem
1718 2108 1829 2137 «livinae
1851 2109 1891 2137 iu-

1040 2154 1131 2182 stitiae
1159 2162 1190 2182 ac
1213 2154 1461 2191 sententiae,‘qua
1485 2155 1557 2184 Deus
1585 2155 1725 2183 bominem
1754 2164 1805 2192 pro
1833 2164 1889 2184 uno

1041 2201 1150 2229 modico
1172 2201 1296 2235 mortali,
1320 2201 1345 2229 in
1368 2210 1424 2238 quo
1446 2205 1640 2230 momentanea
1662 2205 1689 2230 et
1711 2202 1789 2239 quasi
1813 2202 1890 2230 nulla

1040 2248 1091 2276 fuit
1106 2248 1265 2281 delectatio,
1281 2248 1387 2277 cruciat
1401 2249 1592 2283 aeternaliter3
1615 2250 1723 2282 dicunt,
1739 2250 1811 2286 quod
1830 2258 1890 2286 par-

1040 2296 1098 2323 vuli
1116 2295 1319 2324 cremabuntur
1336 2295 1397 2332 igne
1420 2296 1568 2328 materiali,
1585 2296 1665 2332 longe
1686 2299 1779 2324 tamen
1796 2296 1888 2324 minus

1040 2351 1123 2379 quam
1153 2342 1193 2370 illi
1215 2343 1262 2378 qui
1292 2345 1479 2378 peccaverunt
1500 2346 1612 2378 peccato
1641 2343 1752 2371 actuali.
1781 2343 1810 2371 Et
1836 2343 1888 2371 hoc

1040 2390 1136 2417 dicunt
1157 2389 1277 2417 sensisse
1303 2389 1502 2425 Augustinum‚
1530 2397 1592 2417 cum
1620 2389 1692 2417 dixit
1714 2389 1739 2417 in
1769 2389 1889 2418 [111011111-

1039 2435 1097 2470 dio,
1125 2443 1269 2471 «poenam
1293 2434 1476 2471 parvulorum
1499 2442 1560 2463 esse
1583 2435 1797 2469 mitissimam»,
1813 2439 1840 2464 et
1860 2435 1889 2463 in

1038 2482 1110 2510 libro
1131 2482 1165 2511 de
1196 2482 1259 2510 Fide
1287 2482 1324 2510 acl
1350 2481 1476 2510 Petrum:
1512 2482 1654 2510 «Parvuli
1684 2483 1888 2511 cruciabuntur

1038 2533 1151 2558 aeterno
1180 2529 1362 2565 supplicio».
1391 2529 1580 2557 Mitissimum
1602 2530 1675 2557 enim
1704 2530 1780 2558 illam
1809 2533 1888 2559 vocat

1039 2584 1155 2612 poenam
1179 2584 1233 2603 non
1255 2575 1394 2607 absolute,
1418 2576 1464 2604 sed
1488 2579 1618 2612 respectu
1639 2576 1768 2617 aliorum.
1791 2577 1845 2605 Nec
1860 2577 1887 2605 in

195 2699 202 2713 ¹
221 2699 275 2728 Cap.
294 2700 331 2722 27.
350 2706 370 2722 n.
388 2700 425 2721 70.
439 2700 525 2722 Textus
542 2699 659 2727 originalis
671 2702 720 2721 tum
738 2702 790 2727 post
802 2700 852 2722 tene
870 2702 918 2721 tum
930 2702 982 2727 post

128 2738 246 2768 parvulos
263 2739 329 2766 plura
348 2739 418 2761 addit.

195 2778 203 2791 ’Ξ
222 2778 253 2799 De
270 2777 325 2799 Fide
347 2777 376 2799 ad
395 2778 499 2805 Petrum,
524 2783 542 2799 c.
562 2778 582 2798 3.
601 2783 622 2799 n.
641 2777 682 2802 36,
706 2777 745 2799 ubi
768 2780 841 2799 textus
864 2778 981 2805 originalis

133 2817 216 2839 omittit
232 2815 319 2839 scilicet
335 2815 472 2845 originalis,
493 2816 544 2838 dem
564 2820 615 2843 post
632 2815 712 2838 (mima
731 2815 822 2838 subiicit
839 2815 880 2838 illa
897 2818 983 2844 etpost

132 2861 206 2884 pauca
224 2861 278 2877 cum
295 2855 345 2877 Vat.
364 2858 385 2877 et
402 2855 455 2877 edd.
474 2855 495 2882 2,
513 2855 534 2879 3,
553 2854 564 2876 li
585 2860 626 2882 pro
644 2860 698 2877 eum
715 2855 831 2877 substituit
848 2861 908 2877 eam.

195 2893 204 2908 3
221 2894 274 2921 Sap.
297 2894 334 2921 ll,
357 2893 389 2915 17.
409 2906 439 2908 -
456 2893 488 2915 De
505 2892 594 2915 immori
610 2893 664 2915 vide
686 2899 756 2920 supra
776 2893 797 2915 d.
822 2893 857 2915 31.
877 2900 896 2915 a.
921 2894 941 2915 2.
960 2900 982 2922 q.

134 2934 155 2955 rl.
173 2940 236 2962 seqq.

196 2971 205 2986 ⁴
222 2973 275 2994 Sive
293 2975 371 2995 ornata
392 2971 485 2994 dotibus
497 2971 695 2999 impassibilitatis,
714 2972 832 3000 claritatis,
853 2971 983 2994 subtilitatis

134 3013 156 3033 et
172 3011 289 3039 agilium,
308 3017 368 3040 quae
386 3011 525 3033 conveniunt
542 3010 678 3038 corporibus
695 3009 812 3040 ylom'osz‘s.

168 3075 186 3093 ,ς
261 3061 285 3085 S.
302 3062 391 3084 Bonao.
409 3074 440 3078 —
459 3061 524 3083 Tom.
543 3062 565 3083 11.

1103 2698 1112 2713 5
1129 2697 1184 2726 Cap.
1198 2698 1234 2719 93.
1249 2704 1269 2719 n.
1288 2697 1324 2719 23.
1338 2697 1376 2719 ubi
1390 2700 1463 2719 tcxtus
1474 2698 1592 2725 originalis
1604 2704 1647 2725 pro
1659 2697 1808 2727 originaliter
1820 2698 1889 2721 babet

1039 2736 1162 2766 originale.
1175 2736 1220 2759 Ctr.
1234 2737 1269 2759 hic
1282 2737 1311 2759 lit.
1325 2736 1436 2764 Magistri,
1450 2742 1468 2758 c.
1483 2737 1503 2758 2.
1516 2749 1546 2752 -
1559 2737 1601 2759 Pro
1612 2743 1695 2766 poena,
1715 2737 1757 2766 qui
1772 2738 1822 2760 Vat.
1835 2744 1888 2760 cum

1038 2776 1090 2798 edd.
1110 2776 1132 2802 3,
1152 2775 1164 2798 4
1182 2782 1269 2805 poena,
1288 2782 1356 2805 quae.
1368 2776 1467 2798 Eaedem
1480 2776 1534 2798 edd.
1551 2777 1610 2798 circa
1629 2776 1697 2799 finem
1715 2783 1764 2805 arg.
1782 2778 1889 2800 omittunt

1037 2814 1181 2844 ponendum.

1100 2854 1110 2868 θ
1128 2854 1168 2876 Hic
1186 2860 1204 2876 c.
1224 2855 1244 2876 2.

1101 2893 1110 2907 ⁷
1128 2892 1182 2921 Cap.
1205 2894 1242 2921 18,
1261 2893 1288 2915 7:
1306 2894 1422 2922 Quantum
1446 2894 1583 2922 glorificavit
1600 2900 1624 2916 se
1647 2898 1669 2917 et
1686 2895 1708 2916 in
1731 2894 1817 2917 deliciis
1835 2895 1887 2924 fuit,

1039 2935 1126 2955 tantum
1144 2933 1243 2964 dateAilli
1261 2935 1400 2955 tormentum
1418 2936 1440 2955 et
1457 2933 1551 2956 luctum.

1101 2971 1111 2986 Β
1128 2972 1257 3000 Respicitnr
1275 2972 1329 2994 illud
1347 2972 1369 2994 ll.
1388 2972 1438 2995 Cor⁴
1461 2973 1478 3001 l,
1497 2973 1521 2995 3:
1547 2973 1610 2995 Pater
1633 2973 1844 2995 misericordiarum
1866 2975 1889 2995 et

1041 3011 1101 3033 Deus
1118 3012 1186 3033 totius
1204 3011 1371 3034 consolationis.

1718 3064 1759 3085 100

1904 2118 1971 2142 Opinio
1988 2118 2002 2135 1.
