2243 3425
348 210 399 238 118
1025 207 1277 236 SENTENTIARUM
1300 206 1359 235 ΗΒ.
1382 206 1410 234 ll.

344 288 517 325 specierum,
539 295 589 324 per
611 295 681 324 quas
702 286 835 323 contingit
857 294 902 314 res
923 293 1104 323 cognoscere:
1127 293 1194 322 ergo

344 343 408 363 cum
438 334 583 371 plenitudo
615 333 735 362 sufficiat
766 333 931 370 unicuique,
965 333 1092 367 videtur,
1118 332 1193 370 quod

344 381 450 418 species
482 381 592 409 innatae
624 379 764 408 sufficiant
795 380 897 416 Angelo
926 380 959 408 ad
983 379 1076 407 omnia
1098 387 1195 415 cogno-

344 428 454 457 scenda.

424 475 448 502 ᾗ.
472 474 551 508 Ιίθῖῖῖ,
573 481 624 511 per
646 473 847 510 Augustinum,
870 481 942 501 nono
964 473 998 501 de
1024 472 1192 501 Trinitate1:

349 521 453 550 «Mens
475 521 560 557 igitur
583 521 642 557 ipsa
673 520 746 549 sicut
774 528 869 549 rerum
904 527 1105 556 corporearum
1127 520 1194 548 noti-

345 569 409 597 tiam
427 576 477 605 per
492 575 606 596 sensum
628 567 753 604 corporis
769 567 885 604 colligit,
908 567 946 596 sic
962 567 1192 604 incorporearum

343 622 394 652 per
417 614 630 651 semetipsam».
654 614 684 643 Et
705 614 791 643 huius
813 615 949 642 rationem
972 614 1054 642 aliam
1078 621 1132 642 non
1154 621 1195 642 as-

346 662 451 698 signat,
473 661 523 690 nisi
556 661 622 698 quia
650 661 756 698 species
788 661 1005 698 incorporalium
1028 669 1083 689 ΠοΠ
1105 663 1195 698 potest

346 709 406 738 fieri
429 709 455 737 in
472 717 568 743 sensu,
584 711 610 737 et
632 709 738 746 species
759 708 916 746 acquiritur
932 708 1071 737 mediante
1094 716 1194 742 sensu;

345 755 394 784 sed
417 755 536 792 Angelus
565 754 675 784 nullum
708 755 792 783 habet
823 762 937 784 sensum
960 772 997 775 -—
1019 758 1194 791 supponatur

345 803 428 831 modo
450 819 488 823 —
509 810 576 839 ergo
598 802 704 831 nullius
726 802 852 830 notitiam
874 802 995 838 acquirit
1017 801 1195 838 suscipiendo

345 850 466 887 speciem
488 849 546 878 sive
568 849 740 886 acquirendo
762 849 882 886 speciem
905 856 1016 877 novam.

424 896 449 925 3.
472 897 552 931 Item,
574 896 627 924 hoc
656 896 750 933 ipsum
780 896 893 924 videtur
925 903 975 932 per
997 897 1194 924 alletoritatem

345 943 408 972 libri
435 943 469 972 de
505 943 636 972 Causis2:
675 943 795 971 «Omnis
827 942 1008 979 intelligentia
1040 945 1081 971 est
1114 942 1195 979 plena

345 990 442 1019 formis
454 1001 466 1015 »
474 1001 480 1024 3
503 990 551 1019 sed
574 991 594 1019 si
618 990 724 1027 species
746 990 895 1027 reciperet,
927 997 982 1017 non
1004 993 1076 1018 esset
1097 989 1193 1026 plena:

344 1045 411 1074 ergo
432 1041 483 1066 etc.

424 1085 449 1112 li.
472 1084 555 1119 Item,
578 1085 640 1113 talis
661 1084 805 1113 consuevit
819 1083 955 1120 assignari
978 1082 1142 1120 differentia
1158 1083 1196 1111 in-

344 1133 387 1159 ter
408 1130 578 1159 intellectum
601 1131 757 1167 angelicum
774 1134 800 1158 et
815 1130 985 1164 humanum,
1001 1129 1076 1166 quod
1099 1130 1197 1158 liuma-

344 1186 398 1206 nus
419 1181 534 1215 propter
566 1177 788 1206 coniunctionem
810 1185 874 1205 cum
897 1184 1014 1213 corpore
1036 1180 1078 1205 est
1104 1176 1196 1213 possi-

345 1224 429 1259 bilis,
456 1225 599 1262 angelicus
621 1232 687 1253 vero
709 1227 750 1252 est
771 1223 914 1257 stecttttltssw
936 1223 958 1252 si
981 1232 1047 1260 ergo
1070 1223 1195 1261 recipere

344 1280 397 1300 non
420 1275 461 1301 est
483 1272 533 1301 nisi
568 1272 608 1300 rei
641 1271 786 1300 existentis
818 1271 845 1298 in
877 1270 1013 1308 potentia,
1037 1271 1193 1300 secundum

344 1319 419 1356 quod
442 1318 604 1347 huiusmodi
618 1318 640 1346 8;
663 1321 738 1355 patet
759 1320 811 1346 etc.

424 1367 448 1394 5,
473 1366 549 1399 ltem,
577 1365 651 1402 quod
674 1365 732 1393 ‘istit
755 1363 921 1402 differentia
947 1364 982 1392 sit
1013 1365 1194 1398 conveniens,

343 1413 465 1442 videtur.
488 1413 646 1441 Intellectus
668 1412 743 1441 enim
765 1412 879 1440 divinus
910 1416 952 1440 est
984 1412 1011 1440 in
1033 1412 1195 1441 omnimoda

343 1460 516 1494 actualitate,
539 1460 576 1488 ita
608 1459 683 1497 quod
716 1459 830 1487 omnino
852 1459 921 1487 nihil
943 1462 1034 1496 potest
1056 1459 1194 1496 recipere3

343 1507 501 1535 intellectus
522 1514 589 1535 vero
611 1506 762 1540 humanus,
785 1506 897 1543 quando
919 1509 1044 1540 creatur,
1060 1509 1101 1535 est
1124 1506 1196 1535 sicut

343 1554 439 1582 tabula
461 1554 559 1588 rasa⁴,
580 1557 607 1583 et
623 1554 660 1582 ita
674 1554 701 1581 in
723 1553 885 1582 omnimoda
906 1553 1104 1590 possibilitate:
1128 1561 1195 1590 ergo

344 1601 365 1629 si
389 1601 460 1629 inter
482 1601 551 1629 haec
573 1604 702 1629 extrema
717 1600 849 1637 possibile
864 1603 906 1629 est
920 1600 1046 1637 reperire
1068 1600 1193 1629 medium

344 1647 491 1685 possibile,
514 1648 618 1677 scilicet
640 1647 666 1675 in
682 1655 738 1684 quo
754 1648 789 1676 sit
805 1647 974 1684 possibilitas
992 1647 1066 1676 actui
1082 1648 1195 1675 coniun-

343 1698 395 1729 cta,
417 1699 444 1723 et
465 1695 547 1723 talem
566 1703 619 1723 non
641 1697 682 1723 est
705 1695 773 1723 dare
795 1694 847 1723 nisi
869 1694 1044 1731 angelicum,
1061 1702 1127 1731 ergo
1142 1698 1193 1723 etc.

423 1743 449 1771 6.
472 1742 551 1775 item⁷
572 1741 674 1779 triplex
699 1745 740 1770 est
762 1749 822 1770 esse
845 1749 953 1770 rerum:
988 1741 1092 1770 liabent
1120 1742 1193 1770 enim

343 1797 388 1818 res
410 1798 470 1817 esse
492 1790 519 1817 in
548 1788 651 1823 Verbo,
674 1792 700 1817 et
723 1789 749 1817 in
783 1788 925 1817 intellectu
954 1788 1094 1825 Angelico,
1117 1792 1144 1817 et
1168 1789 1194 1817 in

343 1837 463 1871 viando,
477 1836 632 1866 secundum
644 1836 719 1873 quod
737 1836 840 1873 triplex
856 1844 916 1864 esse
930 1836 997 1865 dicit
1008 1836 1195 1873 Augustinus⁵

343 1884 413 1912 illud
435 1892 495 1913 esse
518 1884 639 1912 dictum:
672 1883 758 1917 Fiat,
788 1887 813 1911 et
838 1881 925 1920 feeit,
948 1887 973 1912 et
1000 1882 1116 1920 factum
1144 1888 1192 1911 est.

343 1931 395 1959 Sed
417 1939 476 1958 esse
499 1938 594 1959 rerum
617 1930 644 1958 in
666 1929 809 1958 intellectu
830 1929 956 1967 angelico
978 1930 1066 1967 magis
1088 1930 1195 1959 accedit

343 1978 378 2007 ad
400 1987 459 2006 esse
480 1985 577 2006 rerum
607 1977 633 2005 in
656 1977 766 2010 Verbo,
789 1985 875 2014 quam
907 1977 941 2005 ad
965 1986 1024 2005 esse
1047 1986 1143 2006 rerum
1167 1978 1193 2006 in

343 2025 461 2053 mundo:
494 2033 561 2061 ergo
592 2032 656 2053 cum
689 2025 715 2052 in
740 2024 832 2053 Verbo
854 2024 931 2053 sint⁶
954 2024 1134 2061 plenissime,
1167 2025 1193 2053 in

343 2072 440 2101 maiori
464 2071 637 2109 plenitudine
660 2074 725 2100 sunt
745 2071 773 2099 in
796 2071 898 2108 Angelo
920 2080 1004 2108 quam
1028 2072 1055 2100 in
1079 2072 1193 2107 mundo,

344 2118 387 2147 vel
410 2118 436 2146 in
458 2126 547 2156 aeque
569 2126 678 2155 magna.
701 2118 753 2146 Sed
778 2118 852 2146 Deus
873 2118 907 2146 ab
931 2118 1007 2146 initio
1029 2119 1126 2147 mundi
1156 2119 1194 2147 in-

344 2165 414 2194 didit
436 2166 521 2194 rebus
543 2166 664 2194 rationes
686 2164 821 2199 causales,
844 2165 999 2194 secundum
1017 2173 1086 2202 quas
1101 2168 1193 2194 cetera

407 2276 413 2290 ¹
432 2275 486 2304 Cap.
505 2276 526 2298 3.
545 2282 566 2298 n.
590 2276 610 2298 3.
636 2287 668 2291 —
689 2275 766 2298 Verba
793 2276 912 2303 Augustini
939 2282 981 2304 pro
1005 2277 1091 2298 ratione
1117 2276 1194 2298 addita

344 2318 396 2337 sunt
413 2316 487 2337 haec:
504 2315 583 2344 Neque
600 2316 675 2343 enim,
694 2318 718 2337 ut
736 2314 817 2337 oculus
835 2315 938 2342 corporis
957 2315 1020 2337 videt
1041 2315 1097 2337 alios
1115 2315 1194 2338 oculos

344 2357 365 2376 et
382 2361 406 2376 sc
424 2361 468 2376 non
487 2354 562 2382 videt⁷
580 2355 610 2376 ita
627 2360 693 2376 mens
711 2355 773 2376 novit
791 2354 846 2376 alias
864 2357 952 2376 mentes
969 2356 991 2376 et
1008 2355 1098 2382 ignorat
1114 2358 1194 2377 semct-

344 2394 424 2420 ipsum.
444 2393 485 2415 Per
502 2394 581 2415 oeulos
599 2394 661 2415 cuim
679 2394 783 2421 corporis
796 2398 892 2420 corpora
906 2392 1024 2420 videmus,
1038 2393 1091 2421 quia
1104 2393 1193 2421 radios,

344 2433 383 2461 qui
401 2439 442 2460 per
459 2439 499 2455 eos
516 2433 614 2455 emicant
632 2435 654 2455 et
671 2432 784 2461 quidquid
803 2433 919 2455 cernimus
943 2434 1049 2460 tangunt,
1068 2432 1194 2460 rosi-ingere

344 2477 370 2493 ac
387 2475 520 2500 retorquere
538 2473 559 2493 in
577 2473 640 2500 Ipsos
657 2478 702 2494 non
721 2477 858 2500 possumus⁷
877 2472 919 2493 nisi
937 2478 991 2494 eum
1012 2472 1106 2500 specula
1124 2472 1194 2494 intue-

344 2516 418 2533 mur...
437 2511 482 2533 Sed
500 2517 595 2540 quoquo
612 2510 683 2533 modo
701 2517 725 2533 se
743 2510 826 2532 habeat
844 2511 892 2538 νίς,
910 2517 955 2539 qua
980 2517 1022 2538 per
1047 2511 1126 2533 oculos
1149 2517 1195 2533 ccr-

345 2550 432 2578 nimus3
459 2551 532 2578 ipsam
556 2553 615 2572 certe
638 2550 694 2577 vim,
718 2551 767 2572 sive
790 2550 834 2572 sint
857 2549 913 2572 radii
938 2550 986 2572 sive
1009 2550 1071 2572 allud
1093 2550 1193 2578 aliquid,

345 2589 416 2611 oculis
434 2595 527 2612 cernere.
545 2595 589 2611 non
607 2590 725 2617 valemus,
743 2589 784 2612 sed
802 2592 878 2612 mente
896 2590 1031 2618 quaerimus
1048 2592 1090 2611 ete.

407 2628 417 2643 Ξ
434 2628 500 2656 Prop.
531 2629 563 2651 10.
589 2641 620 2645 -
650 2629 672 2651 ln
699 2628 789 2651 minori·
814 2631 867 2657 post
890 2628 961 2658 plena
986 2628 1037 2651 cod.
1068 2629 1087 2650 M
1113 2629 1195 2657 repetit

344 2666 436 2695 fuimis.

407 2705 416 2720 3
433 2707 559 2733 Averroes,
578 2706 592 2728 l.
610 2706 677 2734 Phys,
696 2709 747 2728 text.
766 2707 808 2729 69:
827 2706 945 2735 Quidquid
957 2707 1037 2734 recipit
1049 2705 1135 2734 aliquid
1149 2712 1193 2728 non

346 2745 426 2772 recipit
440 2745 523 2773 ipsum,
537 2745 665 2769 secundum
683 2745 746 2774 quod
763 2748 797 2767 est
813 2746 835 2768 in
854 2749 918 2774 actu⁷
936 2745 977 2768 scd
988 2745 1118 2768 secundum
1131 2745 1195 2774 quod

345 2786 379 2805 est
396 2785 417 2805 in
436 2785 542 2812 potentia.

409 2822 418 2836 ⁴
435 2824 537 2851 Aristoc,
556 2824 587 2846 ΙΙΙ.
611 2823 639 2845 de
662 2824 758 2851 Anima⁷
781 2827 832 2847 text.
862 2824 893 2846 14.
918 2824 947 2852 (e.
971 2824 1009 2852 4.),
1026 2824 1194 2852 —Aliquanto

346 2862 440 2883 inferius
458 2862 558 2884 nonnulli
576 2862 643 2884 cmld.
662 2862 708 2885 Iule
725 2869 767 2891 pro
786 2862 856 2885 talem.
874 2864 887 2885 i.
906 2870 925 2885 e.
944 2864 1090 2885 intellectum.

409 2900 419 2914 5
436 2900 496 2922 Libr.
514 2901 535 2922 ll.
555 2901 583 2923 de
600 2902 655 2923 Gen.
673 2901 702 2923 ad
720 2902 749 2923 lit.
768 2908 786 2924 c.
806 2902 826 2924 8.
845 2908 866 2924 n.
889 2903 968 2930 16-20;
986 2903 1021 2925 Ν.
1040 2908 1058 2924 c.
1073 2902 1108 2924 29.
1122 2908 1143 2924 Π.
1157 2901 1194 2924 46.

345 2943 368 2962 et
385 2945 403 2961 c.
422 2939 458 2960 31.
478 2945 498 2961 n.
517 2939 552 2961 48.

409 2977 418 2992 5
436 2977 553 3000 Subaudi:
571 2985 614 3000 res.
632 2991 663 2995 —
680 2979 719 3001 Ed,
742 2980 747 3001 1
769 2979 866 3008 fuerint.

409 3017 418 3031 ⁷
436 3018 490 3038 (jen.
510 3017 535 3043 2,
554 3017 574 3039 2.
592 3029 622 3033 —
640 3017 684 3040 Cir.
703 3019 758 3040 intra
778 3018 799 3040 d.
821 3019 855 3040 ts.
874 3025 893 3040 a.
916 3020 932 3041 1.
951 3026 972 3047 q.
992 3020 1017 3046 2,
1042 3019 1081 3041 ubi
1108 3023 1194 3040 senten-

1251 285 1361 319 lierent,
1383 287 1410 313 et
1438 284 1507 312 nihil
1540 283 1681 313 diceretur
1713 292 1830 318 novum,
1862 284 1928 321 quia
1959 284 2101 322 requievit

1254 332 1329 360 Deus
1358 331 1403 359 die
1433 331 1591 368 septimo⁷:
1623 338 1690 368 ergo
1722 331 1810 359 multo
1840 331 1940 359 fortius
1971 331 2099 366 videtur,

1251 378 1326 416 quod
1356 377 1457 415 Angelo
1489 377 1664 414 impresserit
1695 377 1893 406 similitudines
1914 380 1940 406 et
1962 377 2099 412 rationes,

1252 425 1407 454 secundum
1429 432 1500 462 quas
1522 428 1615 461 posset
1644 431 1810 460 cognoscere
1842 427 1935 453 cetera
1955 424 2097 453 facienda:

1252 481 1318 510 ergo
1341 473 1399 501 sine
1421 472 1579 509 receptione
1600 479 1680 500 nova.

1330 520 1383 548 SED
1405 527 1529 548 CONTRA:
1555 520 1578 547 l.
1605 518 1643 546 Ad
1676 518 1809 555 Ephesios
1839 518 1958 547 tertio³z
1991 518 2026 547 [Ji
2059 519 2243 569 i⁷²'³⁶„⁰u¹,‘,}³⁰⁸³·1¹

1251 570 1380 595 notescat
1399 565 1624 603 Priiicipcttibus
1646 569 1671 593 et
1692 564 1890 593 Potestatibus
1906 564 2101 602 multiformis

1250 614 1397 651 sapientia
1421 613 1473 641 Dei
1480 624 1490 647 ;
1511 613 1607 641 Glossa
1622 612 1689 641 dicit
1705 612 1758 646 ibi,
1779 612 1879 649 «quod
1901 612 1996 649 Angeli
2012 613 2101 642 multa

1251 661 1411 690 didicerunt
1432 660 1467 689 ab
1489 660 1609 689 Ecclesia
1620 670 1644 688 0:
1667 667 1734 696 ergo
1756 659 1911 688 multorum
1933 660 2039 697 species
2062 668 2102 689 re-

1251 711 1386 745 ceperunt
1408 710 1434 736 et
1454 707 1653 744 acquisierunt.

1332 756 1357 782 2.
1381 754 1463 788 Item,
1485 754 1506 782 si
1530 761 1579 790 per
1606 753 1712 790 species
1744 753 1852 781 innatas
1881 753 1975 782 omnia
2006 762 2103 791 cogno-

1252 802 1311 836 scit,
1333 809 1400 838 ergo
1421 809 1437 830 a
1459 804 1560 829 natura
1582 809 1631 829 sua
1654 800 1747 829 omnia
1769 801 1835 834 scit,
1857 808 1923 838 ergo
1945 801 2103 838 praesentia

1252 852 1279 877 et
1300 849 1409 883 sutura,
1442 848 1600 877 necessaria
1631 851 1658 877 et
1683 848 1883 884 contingentia,
1915 848 2054 877 naturalia
2076 851 2104 877 et

1253 895 1428 929 voluntaria3
1461 895 1536 932 quod
1565 895 1711 924 manifeste
1742 895 1844 923 falsum
1876 898 1918 923 est
1949 898 1976 924 et
2007 899 2104 924 contra

1253 942 1412 979 Scripturas
1424 941 1442 969 ⁹.

1333 988 1358 1016 3.
1381 988 1458 1022 Item,
1480 987 1501 1016 si
1524 988 1617 1016 omnia
1639 988 1778 1024 cognoscit
1800 995 1849 1025 per
1865 988 1972 1025 species
1987 989 2103 1023 innatas,

1253 1035 1337 1064 habet
1359 1043 1444 1072 penes
1466 1043 1495 1063 se
1516 1035 1607 1071 ipsum
1632 1035 1767 1063 rationem
1785 1035 1969 1072 cognoscendi
1995 1036 2102 1064 omnia:

1253 1091 1319 1119 ergo
1353 1083 1389 1110 ita
1421 1082 1490 1110 bene
1522 1082 1662 1118 cognoscit
1690 1082 1815 1110 absentia
1836 1082 1907 1111 sicut
1933 1083 2103 1119 praesentia,

1254 1130 1291 1158 ita
1313 1129 1476 1166 longinqua,
1499 1129 1571 1158 sicut
1598 1129 1770 1166 propinqua:
1794 1137 1861 1166 ergo
1890 1129 2019 1158 diabolus
2048 1130 2105 1159 exi-

1254 1180 1328 1205 stens
1351 1177 1378 1205 in
1400 1176 1508 1205 inferno
1530 1176 1580 1205 scit
1602 1176 1740 1213 quidquid
1763 1176 1793 1204 tit
1815 1176 1841 1204 in
1864 1177 1986 1211 mundo,
2008 1180 2035 1206 et
2056 1178 2105 1206 An-

1253 1224 1348 1261 gelus,
1377 1223 1423 1260 qui
1456 1226 1498 1252 est
1530 1223 1591 1257 liic,
1624 1223 1762 1260 quidquid
1786 1223 1817 1251 fit
1849 1223 1875 1251 in
1897 1223 2006 1260 Anglia3
2028 1224 2103 1261 quod

1254 1271 1398 1300 manifeste
1420 1270 1521 1299 salsum
1543 1274 1585 1299 est
1606 1274 1633 1299 et
1654 1274 1751 1299 contra
1772 1271 1960 1307 Scripturam,
1982 1279 2054 1308 quae
2069 1271 2104 1301 de

1253 1318 1400 1355 multiplici
1423 1317 1555 1347 missione
1576 1317 1745 1354 Angelorum
1768 1317 1893 1355 loquitur
1907 1318 1937 1346 ¹⁰.

1332 1365 1358 1393 lt.
1381 1365 1467 1399 item,
1489 1365 1511 1393 si
1534 1364 1627 1392 omnia
1658 1365 1798 1401 cognoscit
1830 1372 1880 1401 per
1902 1365 2008 1401 species
2030 1365 2104 1393 inna-

1254 1415 1310 1446 tas,
1331 1415 1380 1440 aut
1402 1419 1455 1439 non
1478 1412 1618 1448 cognoscit
1639 1411 1805 1448 singularia,
1827 1411 1976 1440 anthabet
1997 1411 2103 1449 species

1252 1459 1378 1487 omnium
1401 1458 1597 1495 singularium.
1620 1458 1744 1486 Primum
1776 1461 1818 1486 est
1840 1458 1941 1486 falsum
1964 1461 1991 1487 et
2013 1459 2103 1487 incon-

1252 1506 1379 1540 veniens,
1412 1506 1486 1543 quod
1519 1506 1639 1542 Angelus
1670 1505 1825 1542 singularia
1857 1514 1911 1534 non
1943 1510 2104 1543 cognoscat,

1253 1561 1316 1582 cum
1340 1553 1501 1582 hominibus
1523 1553 1692 1590 specialibus
1708 1553 1847 1581 ministret
1869 1557 1895 1582 et
1915 1553 1950 1581 ad
1973 1553 2104 1590 specialia

1252 1604 1279 1629 et
1301 1600 1454 1637 singularia
1488 1600 1642 1628 ministeria
1674 1600 1822 1636 dirigatur.
1855 1600 1881 1628 Si
1904 1603 1998 1629 autem
2021 1600 2105 1629 babet

1253 1648 1359 1684 species
1381 1647 1507 1675 omnium
1530 1647 1726 1684 singularium.
1756 1655 1822 1684 ergo
1845 1655 1907 1675 cum
1932 1647 2038 1684 possint
2058 1656 2105 1676 au-

1253 1695 1310 1732 geri
1334 1695 1360 1723 in
1384 1694 1540 1729 infinitum,
1563 1695 1677 1723 habebit
1699 1694 1806 1732 species
1828 1694 1962 1728 intinitas;
1988 1699 2035 1723 aut
2058 1695 2105 1724 fiet

1252 1742 1403 1779 aliquando
1424 1742 1538 1779 aliquod
1566 1742 1723 1779 singulare,
1755 1742 1831 1779 quod
1864 1750 1918 1770 non
1940 1743 2042 1779 poterit
2063 1751 2105 1771 co-

1252 1798 1385 1827 gnoscere
1400 1790 1430 1818 ¹¹.
1453 1790 1486 1818 Si
1498 1793 1529 1818 tu
1544 1790 1642 1822 (licus,
1665 1790 1739 1827 quod
1757 1790 1875 1827 Angelus
1898 1790 2038 1827 cognoscit
2053 1791 2105 1819 sin-

1252 1837 1361 1874 gularia
1383 1845 1433 1874 per
1455 1837 1561 1874 species
1583 1837 1800 1871 universaliumg
1822 1842 1940 1866 eontra:
1963 1838 1990 1866 in
2012 1838 2104 1875 specie

1252 1884 1454 1912 universalium
1471 1892 1525 1912 non
1541 1883 1795 1920 distinguunturffl:
1812 1892 1879 1921 ergo
1893 1892 1948 1912 non
1964 1885 2104 1921 cognoscit

1251 1930 1388 1959 distincte.
1412 1931 1588 1963 Praeterea,
1611 1931 1717 1967 species
1739 1930 1906 1959 universalis
1923 1939 1976 1960 non
1999 1931 2105 1960 assimi-

1252 1978 1326 2006 latur
1349 1977 1463 2006 cuilibet
1486 1977 1621 2014 singulari
1651 1977 1850 2006 assimilatione
1873 1978 2007 2015 perfecta:
2037 1986 2103 2015 ergo

1252 2025 1402 2061 perfectius
1424 2024 1563 2061 cognoscit
1586 2024 1669 2052 bomo
1691 2032 1775 2061 quam
1798 2024 1926 2061 Angelus.
1954 2024 1988 2053 Si
2012 2028 2043 2053 tii
2064 2024 2105 2053 (Ii-

1252 2080 1320 2105 eus,
1342 2071 1417 2108 quod
1450 2071 1571 2108 Angelus
1600 2071 1763 2108 appropriat
1786 2071 1847 2100 illas
1880 2072 1988 2108 species
2018 2071 2104 2109 appli-

1251 2118 1340 2147 cando
1361 2119 1395 2146 ad
1423 2118 1588 2155 singularia;
1611 2122 1731 2146 contra:
1754 2126 1865 2147 omnem
1888 2119 2103 2155 applicationem

1251 2173 1304 2193 non
1326 2165 1467 2193 fortuitam
1485 2165 1626 2202 praecedit
1642 2165 1773 2202 cognitio:
1796 2166 1818 2194 si
1840 2166 1913 2194 enim
1937 2174 1989 2194 non
2007 2174 2104 2203 cogno-

1253 2277 1280 2298 tia
1298 2277 1419 2304 Augustini
1438 2276 1466 2298 dc
1484 2275 1611 2298 rationibus
1628 2274 1759 2298 causalibus
1776 2276 1826 2297 sive
1844 2275 1994 2298 seminalibus
2011 2276 2102 2303 exponi-

1252 2320 1294 2338 tur.
1313 2328 1344 2332 —-
1362 2316 1430 2337 Panlo
1448 2315 1542 2337 inferius
1558 2315 1637 2343 plures
1654 2315 1722 2337 codd.
1740 2318 1764 2337 ut
1781 2314 1826 2337 CK
1838 2314 1853 2336 L
1864 2314 1881 2336 O
1893 2314 1910 2336 Y
1931 2321 1957 2337 ce
1982 2318 2004 2337 ct
2028 2314 2065 2337 ed.
2093 2315 2097 2336 Ι

1250 2355 1327 2383 posset
1344 2353 1448 2383 coquat-e
1466 2359 1508 2381 pro
1525 2354 1602 2382 posset
1619 2358 1766 2382 cognoscere.

1314 2392 1324 2407 3
1341 2393 1406 2415 Vcrs.
1429 2394 1461 2415 ¹0.
1479 2405 1511 2409 -—
1528 2393 1632 2415 Glossam
1650 2393 1704 2415 ride
1722 2392 1785 2420 apud
1802 2392 1932 2420 Lyranum,
1946 2393 1987 2414 loc.
2006 2393 2049 2420 cit.‚
2062 2392 2102 2414 ubi

1251 2432 1349 2455 dieitur:
1379 2442 1389 2453 «ι
1408 2433 1450 2461 Qui
1478 2433 1588 2462 [Angoli]
1616 2432 1686 2454 multa
1713 2435 1798 2454 secreta
1825 2432 1847 2454 in
1874 2433 1908 2454 his
1934 2431 2064 2454 didicerunt
2081 2440 2102 2454 »-

1251 2473 1272 2494 S.
1291 2472 1382 2494 Hieron.
1401 2473 1422 2494 in
1444 2472 1594 2500 explicatione
1620 2472 1688 2494 huius
1713 2477 1795 2493 versus
1821 2472 1865 2493 ait:
1892 2471 1977 2493 Idcirco
2000 2471 2102 2499 idipsum

1251 2514 1421 2533 sacramentum
1440 2510 1621 2539 [incarnationis]
1639 2511 1659 2532 ei
1678 2509 1766 2538 [Paulo]
1785 2513 1819 2532 est
1840 2510 1979 2537 revelatum,
2007 2512 2031 2532 ut
2057 2515 2102 2531 non

1251 2551 1326 2573 solum
1344 2550 1466 2579 gentibus,
1485 2550 1526 2572 scd
1544 2553 1565 2572 ct
1582 2549 1750 2577 Principatibus
1767 2552 1789 2571 et
1805 2548 1956 2571 Potestaubus
1974 2555 2015 2576 per
2030 2548 2102 2570 Eccle-

1251 2590 1308 2612 siam
1327 2590 1445 2612 maniscsta
1463 2589 1527 2611 ficret
1544 2589 1662 2616 multiplex
1679 2589 1789 2617 snpientia
1807 2588 1854 2610 Dei.

1314 2629 1323 2643 ‘³
1341 2629 1397 2651 Nam
1415 2630 1531 2657 Scriptura
1550 2629 1704 2657 cognitionem
1722 2628 1852 2650 futurorum
1871 2628 1911 2650 soli
1930 2628 1977 2650 Deo
1989 2634 2039 2650 esse
2051 2634 2102 2656 pro-

1252 2669 1328 2696 prium
1348 2668 1429 2697 docet,
1447 2671 1472 2690 ut
1488 2670 1551 2696 patet
1568 2674 1595 2689 ex
1613 2668 1661 2689 lsai.
1681 2667 1721 2694 ti,
1741 2668 1781 2689 23:
1800 2667 1951 2694 Annuntiate,
1970 2673 2030 2696 quae
2046 2673 2102 2689 ven-

1252 2710 1301 2729 tura
1320 2710 1372 2729 sunt
1390 2707 1411 2728 in
1429 2707 1539 2733 futurum,
1558 2709 1580 2728 et
1596 2707 1710 2733 sciemus,
1729 2707 1781 2734 quia
1801 2705 1831 2728 dii
1849 2706 1902 2728 estis
1920 2711 1969 2728 vos.

1316 2745 1334 2760 ¹⁰
1351 2745 1396 2768 Cfr.
1414 2752 1484 2773 supra
1503 2752 1555 2773 pag.
1573 2745 1611 2773 79,
1630 2747 1681 2767 nota
1700 2745 1721 2767 6.

1315 2784 1333 2799 ¹1
1352 2785 1402 2807 Vnt.
1421 2784 1524 2813 capitale
1541 2790 1581 2807 seu
1600 2789 1758 2813 repausem-Q·
1776 2783 1842 2806 codd.
1862 2786 1883 2806 et
1904 2784 1960 2806 aliae
1978 2783 2031 2806 edd.
2049 2786 2101 2805 sunt

1252 2825 1308 2846 inter
1326 2830 1349 2846 se
1368 2824 1449 2851 divisi3
1468 2830 1512 2845 non
1531 2824 1597 2851 pauci
1616 2823 1682 2845 codd,
1701 2829 1754 2845 cum
1772 2822 1825 2845 edd.
1844 2823 1868 2850 2,
1888 2822 1900 2844 3
1926 2823 2033 2845 omittunt
2059 2828 2101 2845 seu.

1252 2869 1402 2893 cognoscere,
1421 2864 1488 2885 ceteri
1507 2869 1563 2885 vero
1582 2869 1634 2885 cum
1652 2862 1688 2884 ed.
1711 2863 1715 2884 1
1739 2863 1846 2885 omittunt
1858 2862 1961 2892 cogitare
1973 2868 2027 2890 seu,
2041 2868 2101 2890 quos

1252 2903 1379 2930 sequimur.

1315 2941 1334 2955 1‘3
1351 2941 1437 2969 Supple
1455 2947 1508 2963 eum
1526 2940 1594 2963 coda.
1619 2941 1653 2962 lT
1676 2939 1825 2970 sinyuluriu,
1846 2939 1908 2969 quod
1930 2941 1997 2961 etiam
2023 2939 2073 2962 cod.
2094 2940 2099 2961 l

1252 2983 1303 3008 post
1319 2979 1390 3002 verba
1409 2985 1465 3009 erqo
1482 2985 1529 3002 non
1548 2979 1666 3009 coynosci!
1682 2980 1769 3007 repetit.
