2243 3425
719 203 802 232 DlsT.
825 204 936 233 XXXVI.
958 205 1030 233 ΛΒΤ.
1053 205 1071 233 Ι.
1094 205 1229 242 QUAEST.
1252 206 1268 234 l.
1818 210 1874 238 843

852 306 1086 341 ARTICULUS
1113 308 1135 340 l.

493 399 532 427 De
554 399 776 435 comparatione
797 399 900 436 culpae
921 400 962 428 ad
979 409 1105 437 poenam
1126 401 1288 430 secundum
1309 402 1498 432 identitatem.

898 482 1061 518 QUAESTIO
1084 483 1101 511 Ι.

701 566 806 595 Utrum
825 571 979 604 peccatum
1001 568 1040 596 sic
1058 577 1153 605 poena
1172 571 1293 606 peceati.

196 656 275 684 Circa
289 655 413 692 primum
429 654 467 683 sic
482 654 644 691 proceditur
659 657 686 683 et
700 654 855 691 quaeritur,
870 657 967 682 utrum

117 706 261 740 peccatum
285 702 320 730 sit
341 710 430 739 poena
451 702 564 738 peccati.
589 701 619 730 Et
640 701 714 739 quod
738 701 792 736 sic,
813 701 934 730 videtur.

199 751 222 777 1.
252 749 430 786 Apocalypsis
458 749 595 777 ultImo¹z
627 748 685 784 Qui
709 748 739 776 z'n
760 748 899 776 sordibus
926 752 968 777 est

18 797 268 825 dameam-sordescat
289 795 387 825 adlato
399 807 408 829 ,·
430 796 544 825 Glossa:
573 807 585 821 (ι
602 796 706 824 iustum
729 798 812 824 est».
835 795 887 824 Sed
909 804 969 824 esse

9 830 10 852 ἢ
117 843 148 872 in
173 842 310 871 sordibus
332 850 387 871 non
409 846 450 871 est
471 841 549 870 aliud
564 850 648 879 quam
671 849 732 870 esse
748 841 774 870 in
790 841 919 878 peccatis,
941 845 969 870 et

115 890 282 919 sordescere
294 898 347 918 non
360 892 402 918 est
412 889 489 918 aliud
502 897 587 926 quam
600 897 729 926 peccare:
743 897 810 926 ergo
823 892 967 925 peccatum

116 941 158 966 est
179 937 311 965 meritum
327 936 443 965 alterius
459 938 581 973 peccati:
604 936 690 973 igitur
711 944 730 964 α
749 936 892 970 relativis,
908 944 968 972 pec-

116 987 209 1014 catum
232 992 352 1021 sequeus
372 987 414 1012 est
435 983 583 1012 retributio
599 983 808 1020 praecedentis;
825 983 875 1012 sed
890 983 969 1012 retri-

116 1031 194 1060 butio
215 1031 319 1068 peccati
342 1039 396 1059 non
419 1034 460 1059 est
481 1030 533 1059 nisi
556 1038 662 1067 poena:
685 1038 752 1067 ergo
773 1033 824 1059 etc.

192 1080 221 1107 52.
243 1078 325 1112 lteni,
348 1078 499 1115 Gregorius
521 1078 685 1114 expressius
707 1078 789 1112 dicit,
805 1080 832 1106 et
848 1077 968 1106 hahetur

115 1126 143 1154 in
165 1125 295 1154 littera²t
324 1136 336 1150 c<
351 1125 424 1154 luter
446 1125 569 1162 primum
592 1128 738 1162 peccatum
764 1125 919 1162 apostasiae
942 1128 969 1154 et

115 1173 244 1202 ultimam
266 1180 383 1210 poenam
406 1172 477 1209 ignis
499 1172 604 1201 aeterni
626 1172 719 1201 media
740 1180 812 1209 quae
835 1176 918 1207 sunt,
941 1177 969 1202 et

115 1223 228 1257 peccata
249 1222 315 1248 sunt
336 1222 363 1248 et
383 1227 472 1256 poena
493 1218 598 1256 peccati
614 1230 640 1246 ».

195 1267 221 1296 3.
244 1267 326 1301 ltem,
347 1266 506 1295 lsidorus³:
535 1276 548 1291 «
562 1266 638 1294 Deus
652 1265 790 1294 occultam
805 1266 967 1303 superbiam

115 1315 282 1344 clericorum
305 1313 428 1342 vindicat
450 1321 499 1350 per
520 1313 693 1342 manifestam
710 1313 899 1347 luxuriam»,
919 1314 967 1342 sed

8 1388 9 1392 ,
114 1362 237 1390 vindicta
262 1361 367 1398 peccati
397 1364 439 1389 est
466 1368 572 1397 poena:
595 1368 662 1397 ergo
684 1360 830 1389 manifesta
852 1361 968 1389 luxuria

2 1407 5 1441 ἱ
114 1412 156 1439 θεῖ
177 1417 267 1446 poena
288 1408 445 1445 superbiae.

193 1456 220 1484 [ι.
243 1455 323 1488 item,
345 1463 381 1484 ex
404 1455 472 1489 hoc,
494 1454 569 1491 quod
592 1454 675 1482 homo
691 1457 795 1490 peccat,
810 1458 936 1484 meretur
951 1464 967 1483 a

114 1504 171 1532 Deo
192 1502 331 1539 relinqui;
354 1501 402 1530 sed
424 1509 460 1530 ex
482 1502 550 1535 hoc,
578 1501 654 1538 quod
682 1501 868 1538 relinquitur,
894 1502 967 1530 cadit

2 1578 5 1587 ,
114 1552 316 1587 consequenter
338 1549 365 1577 in
388 1549 465 1577 aliud
488 1552 651 1585 peccatum:
672 1556 739 1584 ergo
754 1548 775 1576 si
793 1548 845 1577 hoc
860 1548 965 1577 iustum

1 1607 7 1635 ¹,
114 1600 171 1631 θεῖ,
194 1597 240 1633 qui
263 1604 351 1624 unum
379 1598 523 1632 peccatum
540 1594 679 1624 commisit
700 1599 827 1623 meretur
841 1603 891 1632 per
906 1603 967 1624 con-

3 1651 5 1674 l
115 1651 235 1681 sequens
263 1643 364 1671 dimitti
393 1642 494 1671 cadere
522 1641 549 1670 in
578 1641 673 1670 aliud:
701 1649 767 1678 ergo
789 1642 811 1670 si
834 1642 967 1671 dimissus

115 1691 189 1720 cadit
210 1691 236 1719 in
259 1690 336 1718 aliud
359 1693 520 1726 peccatum,
544 1689 613 1717 illud
629 1689 703 1726 quod
726 1689 850 1717 secundo
871 1697 968 1726 perpe-

114 1742 222 1773 tratur,
244 1738 371 1766 ordinem
394 1737 478 1765 habet
497 1736 531 1765 ad
549 1736 671 1773 primum
687 1736 759 1765 sicut
774 1737 808 1765 ad
824 1737 966 1765 meritum.

115 1787 168 1815 Sed
190 1793 272 1814 omne
295 1785 349 1813 tale
370 1787 412 1813 est
433 1792 522 1821 poena
544 1784 685 1820 peccati⁴:
708 1792 775 1820 ergo
796 1787 847 1813 eto.

195 1834 220 1861 5
243 1832 326 1865 ltem,
348 1838 430 1860 omne
453 1830 522 1859 illud
545 1834 587 1859 est
608 1831 713 1867 peccati
735 1839 840 1868 poena,
862 1831 888 1859 in
911 1840 967 1868 quo

116 1880 199 1909 homo
221 1878 419 1907 damnificatur
434 1882 460 1906 et
476 1877 611 1912 laeditur,
634 1881 661 1906 et
683 1878 708 1906 in
732 1878 806 1915 quod
830 1886 880 1915 per
896 1878 966 1907 illud

115 1932 261 1964 peccatum
286 1926 448 1957 inducitur;
469 1925 517 1953 sed
541 1925 681 1961 superbus
710 1925 762 1953 hoc
787 1925 863 1962 ipso,
892 1926 967 1962 quod

114 1974 176 2002 vult
197 1973 283 2001 alium
305 1972 460 2005 excellere,
484 1971 639 2000 necessario
668 1972 742 2000 cadit
771 1972 797 1999 in
820 1972 968 2007 invidiam,

115 2020 229 2057 quando
251 2019 342 2053 videt,
361 2019 449 2047 alium
470 2026 613 2054 superare.
637 2018 712 2047 Sicut
734 2019 806 2047 enim
830 2019 897 2048 dicit
919 2020 968 2047 Au-

115 2068 245 2105 gustinus
267 2067 293 2095 in
317 2067 388 2095 libro
410 2066 444 2095 de
466 2066 538 2094 Vera
561 2066 741 2103 Religione⁵:
763 2077 776 2092 «
791 2066 908 2095 Necesse
923 2067 969 2095 ha-

115 2115 162 2144 bet
182 2115 229 2143 alii
267 2114 392 2142 invidere
420 2113 468 2150 qui
498 2121 551 2141 non
573 2113 634 2141 vult
654 2113 689 2141 ab
711 2113 766 2141 alio
795 2114 967 2150 superari».

116 2163 186 2200 Ergo
209 2162 336 2195 videtur,
359 2161 434 2199 quod
456 2161 561 2189 invidia
582 2161 617 2189 sit
639 2169 728 2198 poena
750 2161 919 2198 superbiae3
942 2164 969 2190 et

115 2209 220 2238 invidia
241 2209 347 2246 absque
368 2208 454 2237 dubio
476 2211 518 2236 est
540 2211 703 2244 peccatum:
726 2216 793 2245 ergo
822 2211 967 2245 peccatum

115 2260 157 2286 est
178 2264 265 2294 poena
287 2256 402 2293 peccati.

195 2305 248 2332 Suu
269 2312 391 2332 coNTaa:
416 2304 440 2331 1.
456 2302 553 2331 Omnis
575 2310 664 2340 poena
685 2303 789 2339 peccati
812 2306 853 2331 est
875 2303 967 2331 lauda-

13 2350 199 2393 122¹3¹J0⁵rbilis3
220 2351 298 2380 nulla
326 2351 409 2387 culpa
438 2354 478 2379 θεῖ
508 2350 674 2378 laudabilis:
698 2358 765 2386 ergo
787 2350 864 2377 nulla
886 2350 967 2386 culpa

65 2389 69 2393 ⁶
117 2402 158 2428 est
180 2406 269 2435 poena
291 2398 405 2435 peccati.
426 2397 522 2425 Maior
541 2397 693 2434 probatur,
716 2397 782 2433 quia
796 2404 878 2425 omne
893 2397 966 2433 quod

1027 655 1131 684 iustum
1158 660 1215 691 est,
1245 658 1386 688 laudabile
1408 663 1468 695 est;
1490 661 1538 690 sed
1566 663 1684 691 «omnis
1706 672 1794 700 poena
1816 672 1876 701 pec-

1025 702 1077 730 cati
1099 702 1173 731 iusta
1194 707 1276 737 est»,
1299 705 1371 734 sicut
1402 706 1468 735 dicit
1489 708 1679 745 Augustinus,
1700 714 1727 739 et
1755 711 1874 740 habetur

1025 748 1052 776 in
1075 749 1167 778 littera
1183 750 1202 777 ³.
1224 751 1321 779 Minor
1344 760 1411 781 vero
1432 762 1482 790 per
1503 762 1532 783 se
1554 758 1638 792 patet.

1105 797 1131 825 Ξ.
1153 797 1236 832 ltem,
1258 799 1348 827 omnis
1370 808 1460 836 poena
1481 805 1522 830 est
1543 802 1700 832 ordinativa
1722 804 1829 842 culpae,
1849 809 1876 834 et

1025 850 1075 879 per
1103 843 1155 872 hoc
1183 844 1287 873 faciens
1315 846 1350 874 ad
1373 847 1497 876 universi
1520 848 1650 877 decorem
1664 850 1693 883 ⁷;
1715 851 1764 879 sed
1793 852 1876 889 culpa

1025 889 1200 927 subsequens
1221 900 1275 920 non
1308 893 1419 922 ordinat
1449 895 1561 931 culpam
1583 897 1797 932 praecedentem
1826 907 1876 928 nec

1025 937 1153 972 decorat,
1175 939 1261 967 immo
1283 940 1371 977 magis
1393 940 1543 978 deturpat:
1566 950 1633 979 ergo
1655 944 1738 980 culpa
1759 953 1813 973 non
1835 950 1877 975 est

1024 985 1130 1020 peccati
1152 993 1249 1022 poena.

1105 1031 1131 1060 3.
1150 1032 1233 1067 Item,
1250 1033 1271 1061 si
1294 1033 1377 1071 culpa
1399 1035 1574 1072 subsequens
1595 1041 1636 1065 θεῖ
1658 1046 1747 1075 poena
1768 1047 1877 1076 praece-

1025 1078 1134 1107 dentis:
1158 1087 1224 1116 ergo
1246 1088 1261 1108 a
1283 1080 1426 1115 relctlz'uz's,
1443 1083 1525 1120 culpa
1541 1085 1712 1120 praecedens
1734 1089 1775 1114 est
1797 1088 1877 1115 meri—

1024 1128 1084 1153 tum
1107 1127 1266 1163 sequentis;
1282 1128 1342 1164 pari
1363 1129 1478 1161 ratione,
1501 1130 1548 1158 illa
1564 1131 1655 1168 culpa,
1670 1141 1742 1169 quae
1757 1136 1799 1162 est
1813 1134 1876 1163 sub-

1025 1181 1160 1210 sequens,
1189 1177 1232 1202 est
1259 1175 1390 1203 meritum
1421 1176 1553 1212 alteriuS,
1579 1182 1606 1207 et
1628 1179 1667 1207 sic
1688 1179 1828 1218 deinceps.
1850 1182 1875 1210 Si

1025 1228 1091 1257 ergo
1112 1220 1223 1249 nullum
1246 1226 1391 1258 peccatum
1408 1223 1490 1252 debet
1505 1232 1651 1254 remanere
1667 1226 1837 1264 impunitum
1850 1228 1875 1263 ⁹,

1024 1268 1152 1302 videtur,
1174 1269 1248 1305 quod
1273 1270 1356 1298 homo
1378 1270 1478 1299 debeat
1492 1280 1608 1308 peccare
1631 1273 1656 1301 in
1679 1278 1833 1303 aeternum.
1850 1276 1876 1304 Si

1024 1322 1091 1352 ergo
1113 1315 1164 1344 hoc
1186 1320 1227 1345 est
1249 1317 1447 1347 inconveniens
1468 1322 1495 1347 et
1516 1319 1679 1357 indignum,
1702 1325 1785 1358 patet,
1801 1324 1875 1360 quod

1024 1365 1169 1398 peccatum
1192 1371 1246 1390 non
1268 1367 1310 1391 θεῖ
1331 1365 1435 1400 peccati
1460 1365 1609 1394 meritum:
1632 1374 1699 1404 ergo
1721 1376 1771 1397 nec
1787 1377 1875 1398 unum

1024 1413 1169 1446 peccatum
1192 1413 1233 1438 est
1254 1410 1371 1439 alterius
1392 1411 1560 1447 punitivum.

1101 1457 1128 1485 [ι.
1150 1457 1230 1491 Item,
1253 1457 1275 1486 si
1298 1466 1417 1495 sequens
1440 1463 1584 1495 peccatum
1608 1461 1688 1497 punit
1703 1462 1875 1498 pracedens:

1023 1511 1090 1540 ergo
1111 1511 1175 1532 cum
1191 1504 1266 1532 Deus
1280 1513 1339 1533 uon
1356 1506 1466 1542 pzmz‘at
1487 1506 1530 1534 bis
1551 1507 1582 1534 iit
1604 1507 1636 1535 id
1651 1508 1747 1544 ipsam
1759 1509 1778 1542 ⁹,
1794 1510 1877 1547 culpa

1024 1551 1151 1587 sequenti
1167 1554 1343 1588 perpetrata,
1366 1553 1448 1589 culpa
1464 1554 1635 1590 praecedens
1655 1563 1707 1583 non
1732 1556 1814 1585 debet
1830 1566 1878 1594 pu-

1023 1597 1093 1631 niri,
1109 1601 1158 1625 aut
1174 1598 1195 1626 si
1212 1598 1344 1634 punitur,
1359 1607 1414 1627 non
1430 1600 1513 1629 debet
1527 1603 1636 1629 tantuin
1654 1603 1755 1638 puniri.
1772 1604 1876 1640 Quodsi

1024 1643 1076 1672 hoc
1098 1647 1170 1673 esset
1193 1652 1308 1679 verum,
1325 1649 1481 1682 reportaret.
1496 1647 1559 1684 quis
1574 1649 1754 1677 commodum
1772 1650 1806 1679 de
1823 1659 1879 1679 ma-

1024 1690 1101 1724 litia;
1123 1691 1223 1728 quodsi
1246 1691 1298 1720 hoc
1320 1695 1362 1721 est
1383 1693 1597 1729 inconveniens,
1620 1699 1695 1732 patet
1717 1701 1768 1725 etc.

1104 1739 1128 1766 5.
1151 1738 1232 1772 Item,
1254 1739 1277 1767 si
1299 1743 1443 1776 peccatum
1467 1744 1509 1769 est
1529 1749 1617 1778 poena
1632 1744 1746 1779 peccati,
1762 1748 1788 1772 et
1805 1744 1878 1773 Deus

1024 1793 1079 1813 non
1100 1786 1182 1822 punit
1203 1794 1290 1823 supra
1311 1787 1496 1824 condignum,
1517 1797 1661 1826 nunquam
1678 1795 1822 1827 peccatum
1840 1800 1878 1821 se-

1023 1840 1113 1870 quens
1135 1837 1208 1862 esset
1230 1834 1321 1863 nialus
1340 1832 1485 1871 peccatum
1502 1838 1688 1873 praecedenti.
1706 1839 1810 1875 Quodsi
1826 1840 1878 1868 hoc-

1025 1880 1059 1908 de
1082 1880 1163 1916 plano
1192 1884 1233 1909 est
1254 1881 1373 1915 falsum,
1395 1883 1461 1919 quia
1484 1883 1518 1912 de
1540 1884 1640 1912 minori
1664 1889 1776 1921 peccato
1799 1886 1879 1915 deve-

1025 1927 1101 1955 nitur
1123 1927 1157 1955 ad
1182 1928 1290 1961 maius,
1319 1928 1435 1965 planum
1464 1934 1521 1964 est,
1550 1932 1625 1967 quod
1648 1936 1793 1968 peccatum
1824 1942 1876 1961 non

1024 1978 1066 2003 est
1089 1982 1177 2012 poena
1199 1976 1314 2012 peccati.
1396 1974 1399 1976 “

1343 2078 1555 2100 CONCLUSIO.

1026 2163 1183 2191 Peccatum
1200 2172 1321 2201 sequeus
1335 2168 1520 2193 montaneam
1538 2166 1709 2200 causaliter,
1724 2167 1774 2194 secl
1788 2167 1875 2195 etiam

1105 2211 1296 2239 essentialiter
1312 2215 1354 2239 est
1363 2220 1458 2248 poena
1470 2213 1672 2249 praecedentis
1685 2214 1805 2250 peccati.

1106 2304 1279 2333 Ruspounuo:
1296 2304 1467 2339 Dicendum,
1483 2306 1557 2342 quod
1574 2307 1680 2344 absque
1696 2307 1790 2337 dubio.
1805 2308 1876 2336 sicut

1025 2351 1205 2378 auctoritates
1227 2352 1391 2379 Sanctorum
1421 2360 1557 2389 expresse
1586 2353 1697 2387 dicunt,
1724 2354 1874 2382 tenendum

1026 2400 1082 2431 est,
1104 2397 1179 2433 quod
1202 2402 1347 2434 peccatum
1369 2402 1410 2427 est
1432 2407 1521 2435 poena
1542 2401 1655 2436 peccati.

179 2509 187 2523 ¹
210 2509 276 2530 Vers.
303 2509 336 2530 ll.
358 2520 390 2524 —
412 2508 490 2529 Glossa
515 2510 559 2529 tam
584 2507 698 2528 ordinaria
721 2513 791 2534 quau]
816 2507 968 2528 interlinearis

117 2549 189 2571 verba
208 2549 271 2570 allata
295 2548 405 2575 adiungit.
424 2546 468 2569 Cfr.
487 2546 582 2569 strabus
603 2549 623 2568 et
641 2546 752 2573 Lyranus.
771 2558 801 2561 —
819 2546 899 2574 Quoad
922 2552 968 2567 mo-

118 2587 174 2609 dum
192 2586 369 2615 argumentandi
382 2592 396 2609 α
414 2584 520 2608 relativis
534 2586 617 2612 Hoetu,
636 2585 667 2607 ΙΙΙ.
687 2585 715 2607 de
728 2585 803 2607 Differ.
822 2586 890 2612 topic.
904 2585 968 2607 dicit:

122 2627 172 2648 «In
189 2625 305 2653 relativis,
325 2625 413 2653 absque
437 2631 460 2646 sc
478 2625 571 2646 relativa
596 2630 646 2646 esse
668 2630 712 2646 non
736 2630 804 2651 posse
817 2633 838 2645 n.
862 2624 887 2645 Et
911 2624 967 2645 Petr.

118 2665 219 2692 Hispan„
238 2665 351 2686 Summul.
365 2668 391 2685 tr.
409 2664 437 2685 de
456 2664 521 2685 Locis
537 2664 627 2690 [opit-is:
647 2663 720 2685 Lucus
737 2669 751 2683 n
764 2662 869 2685 relativis
886 2665 920 2685 est
932 2663 968 2684 ha-

118 2704 199 2726 bitudo
218 2705 286 2726 unius
304 2704 451 2725 relativorum
470 2702 498 2724 ad
517 2702 590 2728 aliud,
609 2705 629 2724 ct
651 2705 685 2723 est
702 2702 871 2724 constructivus
893 2704 914 2723 et
931 2701 968 2723 dca

119 2743 250 2765 structivus.
269 2742 427 2764 Consu-active
450 2742 493 2763 sic:
519 2744 583 2768 pater
604 2744 649 2766 θεῖ,
672 2747 728 2768 ergo
752 2740 811 2762 filius
834 2744 882 2767 est;
901 2741 968 2762 item:

118 2782 179 2804 filius
196 2786 239 2809 est,
257 2787 313 2809 ergo
332 2783 396 2808 pater
413 2782 453 2801 est.
466 2780 540 2801 Locus
557 2786 567 2801 a
587 2780 697 2802 relativis:
712 2780 817 2801 Maxima:
836 2780 910 2806 posito
924 2785 969 2801 uno

119 2821 283 2847 relativorum,
307 2820 435 2841 necessario
459 2820 551 2846 ponitur
572 2823 594 2840 θῖ
612 2819 733 2847 reliquum.
759 2818 901 2840 Destrurtive
923 2819 968 2840 sic:

120 2862 185 2887 pater
202 2865 246 2880 non
264 2862 309 2885 ost,
327 2864 383 2886 ergo
402 2858 461 2879 tilius
480 2864 523 2879 non
541 2861 586 2883 est,
605 2861 627 2879 et
643 2864 655 2879 e
673 2863 793 2879 converso.
812 2857 918 2879 Maxima:
936 2864 969 2879 re-

120 2901 182 2920 moto
200 2904 245 2920 uno
263 2898 424 2924 relativorum,
442 2900 575 2919 removetur
592 2900 614 2919 et
630 2897 753 2925 reliquum.

183 2937 193 2952 2
210 2938 249 2959 Hic
270 2944 288 2959 c.
312 2938 328 2959 1.
346 2949 376 2952 -«
392 2936 467 2958 Verba
487 2938 522 2958 uic
539 2937 650 2964 Gregorio
669 2936 751 2958 tributa
769 2940 822 2959 sunt
840 2938 967 2965 Augustini.

182 2976 192 2991 ³
209 2976 269 2998 Libr.
288 2976 311 2997 ll.
330 2976 391 2997 Sent.
404 2982 423 2997 c.
442 2976 478 2997 39.
492 2982 512 2997 n.
535 2976 556 2997 l:
570 2976 629 2997 Deus
641 2980 717 2997 autem
737 2982 902 3004 nonnunquam
916 2976 968 2998 deii-

121 3016 150 3037 cit
167 3015 280 3037 occultam
298 3015 380 3037 montis
398 3013 531 3042 superbiam
549 3020 590 3042 per
607 3015 681 3036 carnis
694 3015 836 3037 manifestam
855 3016 952 3037 ruinam.

1088 2506 1097 2521 ⁴
1114 2506 1159 2529 Cfr.
1178 2508 1214 2529 liic
1232 2508 1261 2529 lit.
1280 2508 1390 2536 Magistri,
1409 2515 1428 2530 c.
1448 2509 1468 2530 3.

1088 2545 1098 2560 5
1115 2545 1169 2573 Cap.
1188 2546 1224 2568 4:¹5.
1244 2553 1264 2568 n.
1283 2547 1320 2568 85.
1341 2547 1414 2569 Verba
1434 2548 1487 2569 vide
1504 2554 1573 2575 supra
1593 2555 1646 2576 pag.
1665 2549 1722 2576 685,
1742 2553 1792 2571 nota
1810 2550 1833 2572 7.
1853 2551 1874 2571 in

1026 2584 1077 2607 fine.
1095 2597 1126 2601 —
1143 2585 1212 2607 Paulo
1236 2587 1343 2613 superius
1367 2587 1414 2608 Vat.
1433 2593 1486 2608 cnm
1510 2587 1562 2609 edd.
1581 2587 1605 2615 3,
1630 2587 1642 2609 4
1665 2588 1739 2610 vei-bo
1761 2594 1876 2617 superui-e

1026 2624 1131 2652 praefigit
1148 2630 1179 2646 se.
1728 2627 1738 2641 ⁶
1756 2628 1795 2649 Hic
1818 2634 1836 2650 r.
1855 2629 1874 2650 ἱ).

1088 2663 1097 2677 7
1115 2662 1159 2685 Cfr.
1173 2664 1214 2685 loc.
1227 2670 1254 2685 cx
1266 2665 1362 2692 August.
1385 2672 1454 2692 supra
1469 2672 1521 2693 pag.
1540 2666 1597 2693 769„
1611 2670 1661 2687 nota
1676 2666 1696 2688 ὅ,
1710 2670 1731 2689 ct
1751 2673 1804 2695 pag
1818 2667 1875 2695 770,

1027 2705 1078 2724 nota
1101 2702 1118 2723 1.
1136 2703 1257 2724 citt-111
1275 2702 1364 2726 minori
1376 2708 1427 2731 post
1444 2704 1539 2727 decorat
1559 2705 1607 2726 Vnt.
1621 2706 1711 2733 suppar
1731 2706 1875 2729 aulem-sam.

1089 2741 1098 2756 8
1116 2743 1219 2769 August..
1240 2743 1339 2765 Enrurat.
1358 2743 1378 2764 in
1399 2744 1431 2765 ils.
1452 2743 1486 2765 tt.
1506 2750 1526 2766 n,
1550 2745 1586 2766 lS:
1610 2745 1752 2767 Puniontlum
1776 2749 1809 2767 cst
1827 2752 1876 2773 pen:-

1026 2783 1113 2809 catumJ
1132 2782 1150 2803 si
1168 2781 1311 2808 puniendum
1330 2788 1374 2804 nou
1392 2786 1462 2808 θεεθῖ,
1482 2790 1522 2805 nec
1540 2788 1659 2811 peccaturi)
1678 2789 1744 2807 essct.
1767 2786 1875 2808 Dran-veni

1026 2821 1089 2843 illum
1113 2821 1228 2850 [Dcum];
1247 2828 1290 2843 non
1314 2823 1360 2849 vis,
1379 2825 1401 2843 ut
1419 2824 1467 2849 ipse
1485 2824 1575 2851 puniat,
1594 2827 1615 2846 tu
1640 2826 1702 2852 puni.
1721 2824 1765 2847 Cfr.
1780 2825 1835 2847 ibid.
1854 2826 1874 2847 in

1028 2860 1061 2882 Ρε.
1074 2860 1111 2882 58.
1124 2867 1192 2882 serm.
1209 2861 1226 2882 1.
1240 2867 1260 2883 n.
1284 2862 1321 2887 13;
1334 2861 1440 2884 Ricliard.
1460 2869 1471 2883 a
1490 2863 1511 2884 S.
1526 2863 1590 2889 Via-t„
1605 2864 1631 2885 V.
1646 2865 1666 2885 in
1680 2865 1772 2891 Apocal.
1786 2865 1875 2892 prolog.

1089 2898 1098 2912 ‘³
1115 2899 1204 2920 Nahum
1227 2900 1243 2927 l,
1263 2900 1283 2927 9,
1302 2907 1329 2922 cx
1346 2902 1452 2923 versione
1471 2901 1599 2924 soc-undum
1618 2902 1740 2930 Soptnag:
1758 2903 1805 2925 Non
1829 2904 1876 2924 vin-

1027 2937 1111 2959 dicabit
1123 2937 1159 2960 bis
1171 2938 1193 2959 id
1207 2939 1283 2965 ipsum
1302 2939 1323 2960 in
1341 2939 1493 2961 tribulatione.
1513 2941 1623 2968 Vulgata:
1636 2941 1684 2962 Nun
1698 2946 1820 2970 consurget
1834 2942 1875 2963 du-

1027 2977 1078 3003 plex
1104 2976 1224 2998 tribulano,
1239 2990 1268 2992 —
1281 2978 1411 3000 Immediat(¹
1431 2982 1482 3006 post
1500 2979 1549 3001 vat.
1568 2979 1637 3008 culpat
1655 2980 1771 3009 sequentis
1788 2981 1877 3009 peccati

1027 3022 1069 3044 pro
1087 3015 1156 3045 culpa
1175 3016 1286 3046 sequenti.

1890 2367 1990 2387 Conclusio
2000 2368 2018 2386 1.
