2243 3425
225 412 251 429 De
268 411 334 429 ordine

203 440 234 453 sex
250 434 330 453 dierum.

345 194 401 222 292

346 274 450 298 cuntur.
477 270 568 297 «Talis
588 271 636 297 suit
655 270 746 296 mnndi
768 270 849 296 facies
879 270 904 296 in
931 270 1081 304 principio,
1104 270 1192 304 prius-

345 321 426 348 quam
446 314 580 348 reciperet
599 313 711 339 formam
731 312 772 339 vel
793 312 996 346 dispositionem
1007 324 1031 339 ιι.

415 357 492 384 Nunc
512 359 647 391 superest,
673 359 702 383 ut
732 356 935 390 dispositionem
960 356 1048 387 illam,
1077 356 1193 390 qualiter

349 401 466 435 perfecta
491 400 537 431 sit,
566 399 659 425 ordine
688 406 894 433 prosequamur.
923 399 975 425 Sex
995 399 1103 431 diebus,
1122 399 1193 425 sieut

344 443 424 469 docet
443 442 583 477 Scriptura
611 442 735 473 Genesis,
762 442 883 469 distinxit
911 442 982 468 Deus
1002 445 1027 468 et
1047 442 1073 468 in
1094 442 1193 469 formas

345 486 448 520 redegit
460 485 585 520 proprias
599 488 704 517 cuncta,
719 493 789 520 qnae
802 485 881 512 simul
896 485 1070 512 materialiter
1080 485 1192 519 fecerat;

342 529 510 563 perfecitque
530 536 598 562 opus
617 536 696 555 suum
717 529 742 554 in
763 529 807 555 die
820 532 908 561 sexto⁷
930 532 956 555 et
974 529 1013 555 sic
1033 529 1131 556 deinde
1149 529 1193 556 die

344 572 458 606 septimo
478 572 612 606 requievit
632 571 665 598 ab
686 572 757 598 omni
778 579 874 606 opere,
896 572 922 598 id
942 575 995 604 est,
1016 573 1132 599 cessavit
1150 580 1194 599 no-

344 622 405 641 vam
435 618 587 641 ereaturam
617 615 713 642 facere.
742 615 794 642 Sex
823 615 892 641 enim
919 615 1015 642 dicbus
1036 623 1082 642 sex
1102 623 1193 642 reruni

343 665 441 690 genera
460 657 582 684 distinxit
603 658 723 693 nihilque
750 661 843 692 postea
862 658 937 690 fecit,
958 659 1031 693 quod
1056 659 1081 685 in
1102 659 1192 693 aliquo

344 701 451 728 illorum
471 709 523 727 non
549 702 730 733 contineatur3
760 705 888 736 operatus
914 705 953 728 est
974 706 1061 729 tamen
1083 706 1192 737 postea,

344 745 414 771 sicut
434 745 539 772 Veritas
559 745 583 771 in
605 745 769 779 Evangelio¹
791 746 841 772 ait:
861 746 942 772 Pater
970 754 1044 772 mens
1065 750 1193 780 operatur

346 796 427 823 usque
446 796 534 819 minc,
555 792 578 815 et
597 797 642 824 690
662 797 759 824 operor
778 788 859 815 illud.

1029 192 1280 222 SENTENTIARUM
1302 192 1362 221 LlB.
1385 193 1413 220 ΙΙ.

1614 270 1675 297 CAP.
1695 270 1737 297 Vl.

1375 357 1413 383 De
1433 360 1550 392 quatuor
1569 355 1658 383 modis
1678 356 1789 383 divinae
1808 356 1980 392 operationis.

1321 442 1442 474 Quatuor
1462 442 1533 469 enim
1552 442 1653 475 modis,
1674 446 1703 469 ut
1722 443 1759 469 ait
1777 442 1926 470 Alcuinus²
1950 451 2032 478 super
2051 443 2100 470 Ge-

1249 487 1348 517 nesim,
1368 489 1496 520 operatur
1515 485 1598 512 Deus:
1623 497 1633 508 κ
1645 486 1741 520 primo,
1762 486 1787 512 in
1801 485 1890 512 Verbo
1904 486 1994 513 onmia
2013 486 2101 521 dispo·
2116 491 2198 509 Dubium
2212 492 2222 510 3

1252 529 1352 560 nendo;
1372 529 1504 561 secundo⁷
1524 529 1552 555 in
1572 529 1685 555 materia
1706 529 1810 555 informi
1831 532 1947 563 quatuor
1961 529 2101 556 elemento-

1251 579 1320 603 rum,
1340 571 1373 598 de
1402 572 1486 598 nihilo
1507 579 1566 598 eam
1595 572 1727 603 creando,
1747 571 1832 598 unde:
1855 571 1908 604 Qui
1926 571 1993 597 vivit
2013 572 2043 599 in
2061 580 2101 599 ae-

1251 620 1359 642 ternum
1380 615 1479 642 creavit
1498 614 1592 642 omm'a
1610 615 1711 646 simul,
1725 615 1815 642 onmia
1834 615 1938 642 scilicet
1960 616 2100 649 elementa,

1251 659 1293 686 vel
1313 659 1402 686 onmia
1423 666 1538 693 corpora
1568 659 1743 686 materialiter
1771 659 1849 685 simul
1870 659 1980 686 creavit.
2000 659 2101 691 Tertio,

1252 710 1301 738 per
1315 710 1397 737 opera
1411 710 1459 729 sex
1473 702 1580 729 dierum
1595 702 1683 729 varias
1697 702 1817 729 distinxit
1832 706 1979 729 creaturas.
1993 702 2100 734 Quarto,

1252 754 1285 773 ex
1306 745 1528 780 primordialibus
1547 745 1695 772 seminibus
1724 753 1776 772 non
1805 746 1956 779 incognitae
1978 746 2102 772 oriuntur

1253 792 1379 820 naturae,
1399 789 1445 815 sed
1467 792 1543 815 notae
1564 789 1672 823 saepius
1693 789 1880 820 reformantur⁷
1901 796 1933 815 ne
1953 792 2100 824 pereant».

647 948 1087 997 COMMENTARIUS
1126 948 1187 995 IN
1221 948 1661 997 DISTINCTIONEM
1694 948 1795 996 XII.

920 1111 966 1144 De
991 1110 1164 1144 conditione
1190 1116 1318 1143 naturae
1345 1110 1522 1156 corporalis.

866 1243 945 1271 Haec
967 1243 1000 1271 (le
1022 1241 1171 1280 aizyeli'ecte
1193 1246 1322 1270 ηαῑιιναε
1343 1241 1506 1270 conditione
1527 1246 1578 1271 ete.

1082 1364 1205 1393 DIVISIO
1226 1364 1363 1393 TEXTUS.

422 1478 513 1514 Supra
535 1477 590 1514 egit
612 1476 741 1513 Magister
763 1476 797 1505 de
819 1476 977 1505 conditione
1004 1479 1121 1504 naturae
1143 1475 1195 1513 spi—

344 1525 466 1558 ritualis;
489 1524 516 1552 in
548 1525 600 1553 hae
626 1524 749 1553 secunda
782 1527 860 1561 parte
883 1524 939 1561 agit
971 1523 1005 1552 de
1038 1523 1194 1552 conditione

344 1572 506 1610 corporalis.
529 1572 559 1600 Et
574 1572 705 1608 quoniam
728 1574 874 1600 creaturae
889 1571 1043 1608 corporalis
1058 1570 1114 1599 duo
1130 1573 1195 1599 sunt

344 1620 489 1657 principia⁷
512 1619 641 1648 videlicet
662 1619 807 1647 materiale
829 1622 855 1647 et
881 1618 1012 1652 formale;
1035 1618 1097 1646 ideo
1130 1626 1195 1655 pars

344 1667 396 1696 ista
418 1667 489 1695 duas
510 1666 603 1695 habet.
626 1666 652 1694 ln
676 1666 768 1703 prima
789 1666 845 1702 agit
867 1666 901 1694 de
917 1666 1100 1702 productione
1122 1673 1196 1693 erea-

344 1718 425 1744 turae
447 1713 600 1751 corporalis
621 1717 758 1750 quantum
780 1713 815 1741 ad
838 1712 1007 1750 principium
1023 1712 1195 1745 vitateri'ctle;

345 1765 372 1790 et
392 1762 461 1790 haec
487 1760 634 1798 productio
666 1760 769 1789 dicitnr
801 1760 919 1788 creatio.
943 1760 971 1788 ln
994 1760 1118 1788 secunda
1140 1759 1196 1797 agit

345 1809 380 1838 de
402 1808 585 1846 productione
607 1808 696 1844 ipsius
727 1811 865 1844 quantum
886 1807 922 1836 ad
945 1807 1115 1844 principium
1136 1806 1196 1844 for-

347 1856 439 1889 mctle;
462 1859 489 1884 et
521 1855 590 1884 haee
622 1855 771 1892 productio
800 1855 903 1883 dicitur
935 1855 1101 1888 distinctio,
1124 1855 1196 1883 infra

345 1903 521 1932 distinctione
544 1903 652 1931 decima
673 1903 770 1931 tertia:
794 1903 902 1930 Prima
924 1906 1022 1931 totitem
1038 1902 1197 1930 dis-cinctio-

344 1951 392 1980 nis
413 1950 544 1988 operatio
564 1949 623 1987 ficit
644 1953 695 1979 ete.

426 1997 517 2026 Prima
540 2005 605 2034 pars
627 1997 749 2026 continet
770 2000 946 2034 praesentem
970 1997 1195 2031 distinctionem,

346 2045 374 2073 in
395 2053 451 2082 qua
473 2044 591 2073 intendit
619 2052 701 2081 agere
730 2044 764 2072 de
794 2043 927 2073 materiae
949 2052 1045 2072 rerum
1069 2052 1197 2081 corpora-

346 2092 414 2120 lium
437 2091 628 2128 produetione.
653 2091 683 2119 Et
714 2091 846 2128 quoniam
880 2092 954 2120 cirea
982 2091 1195 2128 productionem

346 2139 479 2168 materiae
495 2138 649 2175 corporalis
665 2138 737 2167 dnae
752 2138 868 2167 fuerunt
883 2138 1021 2167 solemnes
1036 2140 1195 2176 opiniones.

346 2186 408 2215 ideo
437 2194 503 2223 pars
529 2185 576 2214 illa
598 2185 669 2214 duas
690 2185 781 2213 habet.
805 2186 832 2213 ln
852 2186 955 2222 prima
978 2194 1063 2214 unam
1083 2194 1119 2214 ex
1142 2186 1196 2215 illis

346 2234 430 2271 eligit.
453 2234 480 2261 ln
502 2233 631 2261 secunda.
654 2233 734 2261 iuxta
757 2232 832 2261 illam
849 2233 1005 2270 opinionem
1024 2233 1057 2262 de
1079 2234 1196 2262 materia

347 2281 394 2309 illa
405 2284 506 2309 tractat
521 2284 548 2309 et
562 2280 692 2317 inquirit‚
709 2279 760 2307 ihi:
779 2280 818 2308 De
830 2288 889 2317 ιμια
903 2289 933 2308 re
945 2281 1126 2318 prinsqucmn
1139 2284 1197 2309 trct-

346 2332 455 2357 ecemus
471 2332 522 2356 ete.
534 2345 573 2348 —
589 2327 697 2355 Prima
712 2335 778 2364 pars
794 2327 878 2356 hahet
893 2331 1014 2364 quatuor
1034 2328 1196 2365 particulas.

1253 1476 1281 1504 In
1297 1476 1387 1513 prima
1409 1476 1483 1504 dicta
1504 1475 1629 1504 dicendis
1652 1475 1803 1504 continuat.
1826 1476 1854 1504 In
1870 1476 1993 1505 secunda
2015 1476 2105 1505 diver-

1253 1531 1298 1552 sas
1312 1523 1456 1560 opiniones
1468 1524 1632 1551 Sanctorum
1649 1523 1723 1551 circa
1742 1523 1955 1559 productionem
1971 1523 2105 1551 materiae

1253 1570 1442 1607 corporalium
1465 1570 1599 1607 explieat,
1622 1570 1672 1598 ibi:
1697 1570 1824 1605 inislanz
1842 1578 1966 1608 »iainque
1993 1574 2105 1598 sancto-

1255 1626 1323 1646 rum
1346 1621 1397 1646 ete.
1420 1617 1447 1645 [n
1471 1617 1550 1645 tertia
1573 1617 1690 1646 alteram
1724 1625 1759 1645 ex
1782 1617 1837 1645 illis
1859 1617 2038 1654 opinionibus
2059 1617 2105 1646 eli-

1254 1666 1292 1702 git
1313 1668 1340 1693 et
1362 1665 1510 1702 explanat7
1534 1664 1583 1693 ihi:
1608 1664 1775 1693 Secundum
1798 1663 1873 1693 Itane
1895 1664 1993 1702 itaque
2015 1665 2106 1693 tradi-

1255 1713 1361 1741 tionem
1383 1716 1432 1741 etc.
1456 1712 1484 1740 ln
1507 1716 1608 1749 quarta
1639 1715 1666 1740 et
1698 1712 1798 1740 ultima
1820 1712 1963 1749 quoddam
1985 1712 2105 1741 dubium

1253 1760 1434 1794 determinat,
1463 1759 1511 1788 ibi:
1546 1759 1681 1793 Attemle,
1711 1759 1782 1797 quia
1805 1758 1851 1787 lito
1872 1759 1944 1788 dicit
1966 1759 2106 1797 Augu-sti-

1253 1816 1310 1835 itus
1332 1811 1382 1836 ete.

1333 1855 1466 1884 Similiter
1486 1855 1616 1883 sevitiam
1648 1863 1713 1892 pars
1735 1854 1910 1891 principalis,
1943 1854 1971 1882 in
1993 1862 2048 1891 qua
2070 1854 2105 1883 de

1254 1903 1314 1940 ipsa
1330 1904 1447 1932 materia
1469 1902 1625 1931 seeundum
1648 1902 1806 1939 opinionem
1824 1902 1920 1939 prius¹
1936 1901 2053 1931 electam
2069 1902 2107 1930 in-

1253 1950 1356 1987 quirit7
1379 1954 1501 1988 quatuor
1524 1950 1608 1978 habet
1629 1953 1731 1986 partes.
1754 1949 1783 1977 In
1805 1950 1896 1986 prima
1919 1949 2105 1983 determinat,

1253 1998 1374 2035 qualiter
1396 1998 1481 2026 tuerit
1503 1997 1630 2025 informis
1651 2000 1678 2025 et
1710 1996 1832 2025 confusa.
1856 1996 1883 2024 In
1906 1996 2030 2025 secunda
2061 1996 2106 2025 de-

1254 2045 1407 2078 terminat,
1439 2045 1485 2073 uhi
1517 2044 1602 2072 fuerit
1634 2044 1742 2075 locata„
1775 2043 1830 2071 ibi:
1864 2042 1950 2071 Nirizc
1975 2046 2107 2080 superest

1254 2092 1332 2129 quod
1352 2092 1478 2120 ‚sectando
1497 2091 1726 2128 proponelmtm:
1760 2091 1789 2118 In
1820 2090 1902 2119 tertia
1924 2098 1991 2119 vero
2012 2090 2106 2118 antici-

1255 2139 1347 2176 pando
1369 2139 1549 2171 determinat,
1571 2138 1675 2175 quibus
1697 2138 1814 2171 diebus.
1836 2137 1879 2166 vel
1903 2137 1929 2165 in
1957 2140 2025 2174 quot
2049 2137 2106 2165 fue-

1254 2186 1290 2214 rit
1322 2186 1470 2219 distincta,
1503 2185 1555 2213 ibi:
1588 2184 1674 2213 ,visne
1695 2189 1847 2221 superest,
1882 2188 1912 2212 itt
1944 2184 2106 2221 dispositio-

1254 2241 1318 2260 nem
1340 2237 1390 2261 etr.
1414 2233 1519 2269 Quarto
1542 2240 1608 2260 vero
1631 2236 1657 2260 et
1681 2231 1780 2260 ultimo
1802 2232 1967 2261 auctoritate
1999 2231 2105 2260 Aleuini

1256 2280 1415 2312 confirmat,
1437 2280 1490 2308 ihi:
1515 2280 1649 2315 Qiisttitor
1672 2279 1748 2307 enim
1770 2279 1878 2312 modis,
1903 2283 1935 2307 iit
1956 2278 2026 2307 dieii
2058 2277 2106 2306 At-

1254 2327 1361 2355 camus
1383 2330 1433 2356 ete.

1000 2439 1187 2467 TRACTATIO
1208 2439 1450 2476 QUAESTIONUM.

426 2539 463 2567 Ad
487 2539 697 2576 intelligentiam
720 2539 805 2567 liuius
827 2539 914 2575 partis
940 2539 1096 2567 secundum
1120 2539 1195 2573 dno,

347 2594 418 2622 qnae
440 2586 568 2623 Magister
590 2586 757 2615 determinat
779 2586 813 2614 de
836 2586 946 2614 informi
963 2586 1079 2614 materia
1102 2595 1197 2623 corpo-

346 2633 465 2666 ralium,
488 2634 561 2662 circa
582 2634 638 2663 dno
660 2634 705 2662 hic
735 2633 829 2662 incidit
852 2633 997 2661 (intentatio.

426 2680 518 2709 Primo
540 2681 613 2709 riri-a
636 2681 767 2709 materiae
791 2680 997 2709 informitatem.

426 2727 553 2756 Secundo
577 2736 641 2756 vero
663 2728 737 2756 eirea
758 2728 819 2756 eius
841 2728 1034 2765 quantitatem.

427 2774 505 2802 Circa
528 2774 650 2810 primum
672 2778 849 2811 quaeruntur
871 2775 931 2802 tria.

1333 2539 1424 2567 Primo
1458 2538 1623 2575 quaeritur,
1656 2540 1753 2565 utrum
1776 2536 1893 2565 materia
1915 2534 2104 2572 corporalium

1254 2589 1346 2614 creata
1368 2586 1402 2614 sit
1424 2586 1451 2613 in
1474 2584 1632 2613 omnimoda
1656 2583 1846 2621 possibilitate.

1333 2633 1475 2666 Secundo,
1499 2635 1595 2660 utrum
1625 2635 1718 2660 creata
1748 2631 1783 2659 sit
1816 2631 1841 2658 in
1869 2629 1991 2667 perfecta
2013 2632 2105 2657 actua-

1254 2680 1338 2709 litate.

1333 2727 1440 2761 Tertio,
1463 2730 1559 2755 utrum
1582 2729 1675 2755 creata
1697 2726 1732 2754 sit
1753 2725 1806 2754 sub
1827 2724 1922 2761 aliqua
1948 2723 2103 2751 formarum

1256 2774 1425 2803 diversitate.

413 2935 420 2950 ¹
440 2937 498 2958 ioan.
517 2937 542 2961 5
566 2938 598 2959 17.
612 2939 642 2960 De
660 2940 785 2961 cessatione
798 2939 827 2961 al)
839 2946 910 2967 opere
923 2941 961 2962 rfr.
975 2941 1030 2963 intra
1046 2941 1067 2963 d.
1081 2942 1130 2963 XV.
1144 2947 1162 2963 0.
1176 2941 1196 2963 7.

413 2975 422 2989 '2
441 2976 571 3004 {mvi-rogat.
590 2982 611 2999 et
629 2984 687 3005 resp.
707 2979 727 3000 in
746 2980 814 3005 tien.⁷
834 2980 963 3007 interrogat.
982 2981 1019 3007 tf),
1038 2981 1084 3002 tere
1102 2981 1131 3002 nd
1149 2987 1197 3003 wr-

350 3014 414 3037 bum.
432 3027 463 3031 --
481 3015 554 3037 Locus
570 3023 587 3037 s.
606 3017 736 3044 Scripturai·
754 3022 785 3039 ost
806 3019 870 3040 livi-li.
894 3019 926 3046 18,
949 3020 966 3040 1.

1478 2940 1572 2964 NOTAE
1589 2940 1626 2963 AD
1645 2940 1889 2964 COMMENTARIUM.

1320 2981 1325 2995 ¹
1346 2982 1394 3003 Vnt.
1413 2987 1466 3003 cuni
1485 2981 1591 3009 pluribus
1609 2980 1675 3003 codd,
1692 2980 1759 3009 plus.
1780 2980 1948 3008 refragantibus
1970 2980 2017 3002 :iliis
2035 2980 2105 3003 codd.

1256 3023 1277 3042 et
1294 3020 1330 3042 ed.
1354 3021 1369 3042 Ι.
