2243 3425
190 1410 220 1429 Ad
233 1410 306 1434 opposi-

322 179 377 207 554
1003 173 1254 202 SENTENTIARUM
1276 173 1334 201 LIB.
1358 173 1387 201 11.

969 297 1155 327 TRACTATIO
1176 298 1420 335 QUAESTlONUM.

399 399 437 427 All
459 398 671 435 intelligentiam
693 397 777 425 liuius
798 397 885 434 partis
900 397 973 425 circa
988 396 1045 425 duo
1073 396 1169 425 incidit

325 446 368 474 liic
390 445 522 483 quaestio.

398 492 488 520 Primo
509 491 655 528 quaeritur
684 491 718 520 de
752 491 892 520 adiutorio
923 490 1028 519 homini
1051 490 1167 524 collato,

320 547 369 577 per
391 539 464 576 quod
487 541 579 576 posset
601 539 740 567 resistere.

398 585 525 614 Secundo
557 585 703 623 quaeritur
737 585 772 614 de
807 585 942 614 divisione
978 585 1165 622 potentiarum

319 633 435 662 animae.

398 679 475 708 Circa
496 679 620 716 primum
642 682 820 716 quaeruntur
843 679 907 708 duo.

1306 396 1398 425 Primo
1418 397 1580 433 quaeritur,
1603 399 1699 425 utrum
1723 396 1783 425 dari
1806 397 1928 433 potuerit
1950 396 2073 431 1101111111,

1225 444 1286 472 sive
1301 443 1384 472 alicui
1400 446 1546 472 creaturae
1561 443 1749 477 adiutorium,
1772 443 1848 480 quod
1869 446 1942 472 esset
1963 446 2075 472 natura-

1226 490 1289 519 liter
1310 489 1472 519 inflexibile.

1305 537 1438 568 Secundo.
1454 537 1612 574 quaeritur,
1635 540 1731 566 utrum
1747 537 1846 566 datum
1860 537 1944 566 fuerit
1959 538 1983 566 ei
1998 537 2076 566 adiu-

1226 585 1343 619 torium,
1365 591 1415 622 per
1437 584 1513 622 quod
1535 588 1627 622 posset
1649 584 1756 621 absque
1777 584 1884 613 auxilio
1899 584 2004 621 gratiae
2018 587 2075 613 ten—

1225 631 1321 660 tationi
1344 631 1483 660 resistere.

1052 775 1288 809 ARTlCULUS
1314 776 1335 809 Ι.

730 882 768 911 De
789 882 939 911 adiutorio
963 881 1075 910 homiui
1095 881 1215 915 collato,
1234 890 1289 919 per
1311 882 1388 919 qiiod
1407 885 1503 919 posset
1522 881 1664 909 resistere.

1096 979 1260 1016 0111113110
1282 980 1299 1007 1.

583 1067 688 1095 Utrum
710 1066 822 1095 homiui
842 1066 913 1095 clari
930 1066 1061 1104 potuerit
1081 1065 1204 1094 liberum
1227 1066 1389 1095 arbitrium
1411 1065 1567 1103 inflexibile
1585 1074 1638 1104 per
1660 1070 1814 1095 naturam.

400 1165 478 1195 Circa
499 1166 623 1203 primum
638 1165 677 1194 sic
692 1165 854 1203 proceditur
869 1169 897 1194 et
911 1164 1077 1198 ostenditur,
1093 1164 1169 1201 quod

321 1213 426 1242 homini
448 1213 509 1242 dari
531 1213 654 1250 potuerit
680 1213 853 1242 adiutorium
875 1213 934 1242 sive
956 1212 1077 1241 liberum
1098 1211 1170 1240 arbi-

321 1261 407 1290 trium
428 1260 582 1290 inflexibile
604 1269 654 1298 per
676 1263 820 1295 naturam,
836 1260 887 1289 hoc
902 1264 944 1290 est
959 1260 1065 1297 absque
1080 1260 1169 1297 gratia

320 1308 503 1346 superaddita
511 1318 516 1335 ε

402 1358 425 1384 l.
447 1356 540 1384 Primo
561 1364 581 1383 a
602 1355 701 1383 simili.
724 1355 862 1392 Contingit
884 1355 957 1383 enim
980 1354 1105 1392 reperire
1130 1353 1170 1382 lu—

320 1412 378 1433 cem
401 1403 591 1441 corporalem,
614 1410 698 1440 quam
721 1401 892 1439 impossibile
913 1405 955 1431 est
970 1409 1020 1439 per
1039 1405 1168 1430 naturam

320 1452 348 1480 111
377 1459 406 1480 30
427 1450 599 1485 obnubilari,
625 1450 697 1479 sicut
724 1449 816 1479 lucem
843 1449 989 1486 empyrei,
1012 1449 1055 1478 vel
1078 1449 1170 1478 lucem

321 1498 394 1527 solis.
416 1498 443 1526 Si
465 1506 531 1534 ergo
553 1497 604 1526 lux
623 1496 778 1534 spiritualis
792 1496 881 1525 multo
900 1496 1108 1534 permanentior
1129 1499 1171 1524 est

322 1553 406 1583 quam
433 1544 602 1582 corporalis,
624 1544 752 1578 videtur,
774 1544 849 1581 quod
870 1544 964 1572 anima
984 1543 1108 1572 humana
1126 1550 1172 1579 po-

322 1593 375 1622 tuit
396 1592 457 1621 sieri
485 1592 512 1621 in
535 1591 703 1629 perfectione
726 1591 794 1620 tanti
817 1590 931 1619 luminis
952 1598 1002 1628 per
1024 1593 1171 1625 naturam,

322 1640 397 1678 quod
423 1639 500 1669 nullo
522 1639 605 1668 modo
620 1642 714 1677 posset
733 1638 888 1673 obscurari,
908 1645 958 1667 nec
974 1645 1023 1675 per
1045 1637 1172 1675 ignoran-

321 1688 387 1716 tiam
409 1694 459 1715 nec
474 1694 524 1723 per
546 1685 666 1723 culpam.

401 1735 428 1761 ⁶2.
451 1734 527 1767 Item,
550 1732 683 1769 contingit
704 1732 828 1769 reperire
844 1731 967 1769 aliquam
986 1731 1171 1760 substantiam

322 1780 497 1818 corporalem
518 1779 790 1808 intransmutabilem
823 1782 959 1816 quantum
982 1778 1018 1807 ad
1039 1778 1172 1807 substan-

325 1829 398 1857 tiam
419 1832 446 1857 et
466 1830 603 1864 quantum
626 1826 661 1855 ad
682 1826 889 1863 proprietates,
913 1826 984 1855 sicut
1005 1829 1046 1855 est
1068 1834 1171 1863 corpus

323 1875 474 1909 ultimum,
496 1873 602 1902 scilicet
624 1880 805 1910 empyreumg
828 1875 855 1901 et
876 1873 929 1901 1100
951 1881 1005 1901 non
1027 1872 1111 1901 habet
1132 1879 1172 1900 so-

321 1922 380 1951 lum
402 1929 453 1959 per
468 1920 598 1958 gratiam,
614 1920 663 1949 sed
679 1920 761 1948 etiam
782 1928 832 1957 per
847 1923 977 1948 naturam
989 1920 1006 1947 ¹.
1024 1920 1094 1957 Ergo
1109 1919 1170 1957 pari

323 1969 430 1998 ratione
461 1967 593 2005 possibile
614 1970 674 2001 est,
697 1967 884 1996 substantiam
917 1967 1092 2004 spiritualem
1122 1975 1172 2004 per

323 2018 453 2044 naturam
476 2015 503 2043 in
525 2017 601 2043 tanta
622 2014 772 2043 stabilitate
794 2014 871 2049 fieri,
893 2014 968 2052 quod
989 2014 1067 2043 nullo
1088 2014 1172 2043 modo

324 2063 415 2092 valeat
440 2062 596 2099 permutari
625 2070 641 2090 a
673 2062 846 2090 rectitudine
873 2061 1025 2095 naturali;
1053 2062 1075 2090 si
1098 2062 1172 2090 enim

324 2110 376 2138 hoc
398 2109 538 2146 reperitur
561 2109 588 2137 in
610 2109 766 2137 substantia
788 2108 938 2146 corporali,
962 2108 1050 2137 multo
1072 2108 1172 2137 fortius

323 2157 440 2195 reperiri
464 2160 554 2194 potest
576 2155 602 2184 in
624 2155 779 2185 substantia
802 2156 929 2192 digniori.

402 2204 428 2232 3.
451 2204 531 2238 ltem,
554 2203 643 2240 gratia
664 2206 705 2232 est
737 2203 870 2240 perfectio
901 2206 1033 2237 naturae,
1065 2206 1092 2231 et
1113 2210 1174 2240 per-

323 2252 403 2281 fectio
433 2250 624 2280 conformatur
655 2258 707 2279 suo
738 2249 919 2287 perfectibili:
952 2250 974 2279 si
997 2258 1063 2287 ergo
1084 2250 1174 2287 gratia

324 2298 541 2328 confirmationis
563 2297 676 2326 omnino
699 2297 791 2325 reddit
819 2300 949 2325 naturam
973 2296 1172 2334 impossibilem

324 2346 358 2374 ad
381 2345 570 2383 peccandum,
594 2344 721 2377 videtur.
743 2344 817 2381 quod
839 2344 932 2372 anima
951 2344 1076 2372 humana
1097 2346 1175 2372 natu-

324 2393 420 2422 raliter
442 2400 533 2430 capax
556 2392 591 2420 sit
612 2391 675 2420 talis
706 2391 864 2420 stabilitatis
897 2394 924 2420 et
947 2391 1172 2420 invertibilitatis.

325 2440 357 2468 Si
378 2444 409 2467 lu
432 2440 529 2473 (libas,
552 2439 626 2476 quod
649 2446 704 2467 non
735 2442 777 2467 est
805 2446 894 2476 capax
927 2438 990 2467 talis
1013 2438 1174 2467 invertibili-

324 2488 409 2519 tatis.
438 2487 491 2515 nisi
521 2487 660 2516 mediante
692 2486 782 2523 gratia
790 2497 797 2520 3
820 2485 957 2514 obiicitur
979 2489 1083 2514 contra
1105 2484 1173 2518 boc,

325 2535 398 2572 quod
421 2534 484 2563 talis
509 2534 674 2563 vertibilitas
695 2533 731 2562 ad
747 2533 854 2562 malum
884 2537 933 2562 aut
957 2536 998 2561 est
1012 2532 1174 2561 essentialis

326 2582 377 2618 ipsi
400 2584 531 2616 naturae,
554 2584 602 2609 aut
623 2589 688 2609 riou.
712 2580 737 2608 Si
760 2584 800 2608 031
822 2579 997 2608 esseutialis:
1019 2588 1086 2617 ergo
1101 2579 1175 2608 vide-

326 2631 387 2660 tur,
410 2628 484 2665 quod
517 2635 566 2664 per
597 2627 715 2664 gratiam
742 2635 795 2656 non
818 2627 906 2664 possit
927 2627 1041 2656 auferri.
1063 2627 1089 2655 Si
1116 2634 1172 2654 11011

391 2784 395 2797 ¹
417 2783 458 2806 Cu:
478 2791 548 2812 supra
567 2784 588 2806 (l.
613 2785 633 2806 2.
653 2791 674 2812 p.
698 2785 721 2807 11.
740 2791 758 2807 a.
789 2786 805 2807 1,
824 2792 844 2813 q.
868 2786 885 2806 l.
902 2797 933 2801 —
950 2785 972 2807 ln
991 2786 1103 2812 principio
1125 2790 1173 2811 arg.

329 2822 377 2844 Vnt.
396 2822 495 2851 reperiri
513 2829 555 2850 pro
572 2823 683 2852 ramerii-e.

390 2860 399 2875 2
418 2861 470 2883 Dist.
485 2862 520 2883 26.
535 2869 556 2890 q.
570 2862 590 2884 2.
603 2875 633 2878 —
647 2863 714 2884 Paulo
729 2865 781 2890 post
794 2863 846 2885 01111.
861 2863 881 2889 3.
896 2863 908 2884 1-
921 2866 941 2885 el
955 2863 1005 2885 Vnt.
1019 2864 1070 2885 voci
1082 2862 1175 2892 mattae

329 2900 457 2927 praefigunt
476 2900 526 2929 ipsi.

391 2937 400 2951 ³
418 2938 467 2961 Vat.
486 2938 510 2961 in
527 2941 657 2968 viaturam„
678 2940 745 2962 codd.
764 2940 806 2962 ΡΥ
826 2941 848 2963 iu
867 2940 933 2963 uilzil.
952 2940 1015 2963 Circa
1038 2940 1106 2963 finem
1125 2946 1173 2968 arg.

330 2983 371 3004 pro
389 2983 402 2998 u
421 2976 467 2999 Deo
486 2977 552 2999 codd.
572 2978 626 3000 WZ
644 2979 784 3001 substituunt
801 2979 885 3002 Actum.

1227 1168 1269 1192 031
1289 1164 1465 1193 essentialis:
1488 1172 1554 1202 ergo
1586 1165 1713 1199 videtur,
1746 1166 1821 1202 qnod
1844 1166 1903 1195 sine
1924 1165 1971 1194 tali
1995 1165 2078 1194 verti-

1227 1211 1333 1240 bilitate
1354 1212 1389 1241 ad
1412 1211 1518 1240 malum
1533 1212 1621 1249 possit
1635 1214 1736 1241 natura
1752 1212 1894 1241 rationalis
1915 1212 1984 1246 fieri,
2001 1213 2078 1242 salva

1228 1266 1279 1287 3113
1300 1262 1401 1288 natura
1422 1263 1449 1288 et
1478 1259 1553 1288 nulla
1587 1259 1769 1297 superaddita
1791 1260 1888 1297 gratia.
1905 1277 1942 1280 —
1963 1260 2078 1298 Propter

1228 1307 1281 1336 hoc
1302 1311 1343 1337 est
1372 1308 1513 1345 quaestio,
1535 1316 1600 1337 cum
1622 1311 1679 1336 tam
1703 1307 1827 1337 liberum
1849 1308 2012 1337 arbitrium
2032 1309 2079 1338 110-

1229 1355 1311 1383 minis
1333 1363 1419 1392 quam
1439 1355 1544 1392 qratia
1566 1355 1601 1383 sit
1622 1355 1691 1392 quid
1713 1358 1856 1390 creatum,
1882 1356 1954 1384 sicut
1975 1355 2079 1393 patebit

1229 1400 1338 1430 infra2:
1362 1401 1462 1439 utquid
1486 1402 1545 1431 dari
1579 1405 1669 1439 potest
1688 1402 1807 1439 gratiae
1831 1402 2023 1431 inflexibilitas
2043 1402 2080 1432 ad

1230 1448 1347 1483 malum,
1367 1452 1394 1478 et
1410 1457 1463 1477 non
1480 1452 1570 1486 potest
1591 1449 1652 1478 dari
1674 1453 1831 1478 creaturae
1849 1449 2016 1478 rationali?
2038 1450 2081 1478 Vi-

1229 1496 1316 1524 detur
1331 1496 1405 1524 enim
1421 1496 1527 1525 ratione
1549 1496 1695 1531 consimili,
1711 1496 1811 1533 quodsi
1826 1499 1916 1534 potest
1937 1497 1998 1526 dari
2022 1497 2079 1532 uni,

1230 1542 1305 1580 quod
1328 1543 1415 1580 possit
1436 1543 1497 1572 dari
1519 1543 1608 1571 alteri.

1308 1590 1334 1618 4.
1357 1590 1443 1625 Item,
1466 1590 1529 1619 licet
1550 1591 1641 1619 omnis
1662 1593 1792 1619 creatura
1820 1599 1869 1628 per
1892 1599 1921 1620 se
1944 1591 2080 1621 vertibilis

1230 1636 1265 1665 sit
1287 1637 1314 1665 in
1336 1640 1438 1666 natura
1450 1636 1469 1672 ²³,
1491 1637 1601 1674 aliquae
1623 1640 1715 1667 tamen
1747 1638 1817 1667 tales
1838 1642 1970 1667 creantur
1992 1647 2007 1667 a
2030 1647 2081 1668 sua

1230 1683 1352 1720 origine,
1375 1684 1449 1721 quod
1472 1684 1644 1722 impossibile
1666 1687 1707 1713 est
1729 1692 1776 1714 eas
1798 1685 1958 1723 corrumpi3
1979 1688 2006 1714 01
2028 1685 2081 1714 1100

1232 1730 1336 1759 liabent
1364 1731 1423 1760 sine
1455 1731 1548 1768 aliquo
1570 1731 1666 1760 addito
1692 1732 1884 1767 naturalibus,
1913 1733 1985 1762 sicut
2006 1735 2082 1770 patet

1230 1777 1257 1805 in
1290 1777 1452 1807 substantiis
1484 1778 1668 1816 simplicibus.
1700 1779 1776 1808 Unde
1808 1779 1902 1817 Angeli
1923 1783 1951 1808 et
1971 1779 2081 1808 animae

1228 1832 1279 1862 per
1310 1828 1440 1854 naturam
1473 1829 1538 1854 sunt
1570 1825 1755 1854 immortales:
1787 1833 1853 1863 ergo
1885 1826 1945 1863 pari
1972 1826 2079 1855 ratione

1231 1871 1359 1907 videtur,
1381 1872 1455 1910 quod
1479 1872 1589 1910 aliquae
1611 1873 1720 1901 animae
1736 1873 1843 1910 possint
1857 1873 1946 1902 creari
1969 1881 2020 1911 per
2036 1880 2081 1902 na-

1230 1920 1325 1947 turam
1347 1919 1382 1948 ad
1415 1919 1521 1948 malum
1554 1919 1737 1949 inflexibiles:
1770 1920 1882 1949 videtur
1903 1927 1971 1957 ergo
1992 1919 2081 1949 fuisse

1230 1966 1379 2003 possibile,
1403 1966 1456 1995 tale
1477 1966 1651 1995 adiutorium
1672 1975 1688 1995 a
1710 1966 1767 1996 Deo
1783 1967 1915 2001 conferri,
1931 1975 1982 2004 per
2005 1966 2081 2004 quod

1231 2014 1396 2043 naturaliter
1419 2014 1453 2042 ad
1476 2014 1583 2043 malum
1605 2022 1660 2043 non
1681 2018 1776 2052 posset
1796 2014 1908 2044 inflecti.

1310 2061 1363 2089 SED
1384 2069 1505 2090 CONTRA:
1531 2063 1554 2089 l.
1572 2061 1624 2090 lsta
1639 2061 1696 2090 duo
1712 2065 1777 2090 sunt
1792 2062 1993 2096 convertibilia,
2008 2063 2225 2091 sicutFundamenta-

1232 2108 1293 2137 vult
1325 2108 1541 2138 Damascenus⁴.
1563 2111 1590 2137 et
1621 2108 1704 2137 etiam
1739 2109 1925 2146 Augustinus,
1953 2109 2083 2138 videlicet

1232 2163 1291 2183 esse
1312 2155 1436 2183 creabile
1451 2159 1477 2184 et
1492 2163 1551 2183 esse
1572 2155 1707 2184 *vertibila
1732 2155 1775 2184 Sic
1791 2163 1858 2193 ergo
1873 2156 1900 2184 in
1916 2157 1990 2184 omni
2007 2164 2083 2185 crea-

1232 2204 1295 2230 tura
1317 2209 1429 2231 necesse
1451 2205 1500 2236 est,
1522 2210 1583 2231 esse
1604 2202 1727 2239 aliquam
1742 2202 1967 2237 vertibilitaten];
1988 2202 2037 2231 sed
2053 2203 2081 2231 in

1232 2249 1388 2278 substantia
1420 2248 1557 2285 spirituali
1591 2256 1645 2277 non
1674 2252 1715 2278 est
1737 2249 1902 2278 vertibilitas
1923 2249 2081 2278 secundum

1233 2297 1433 2325 substantiam:
1466 2304 1533 2334 ergo
1555 2304 1667 2325 necesse
1689 2300 1749 2331 est,
1771 2297 1846 2334 quod
1869 2297 1904 2326 sit
1925 2297 2081 2326 secundum

1233 2343 1411 2372 electionem:
1434 2350 1500 2380 ergo
1523 2343 1693 2380 impossibile
1725 2347 1779 2379 est,
1801 2344 1986 2373 substantiam
2008 2351 2082 2373 crea-

1233 2393 1289 2419 tam
1311 2390 1417 2419 habere
1439 2390 1559 2419 liberum
1592 2390 1740 2419 arbitrium
1771 2399 1822 2428 per
1854 2394 1984 2420 naturam
2007 2390 2082 2419 infle-

1233 2437 1327 2466 xibile.

1312 2486 1337 2513 2.
1361 2484 1443 2519 110111,
1466 2492 1520 2513 11011
1541 2488 1583 2513 031
1614 2492 1664 2522 per
1696 2488 1826 2514 naturam
1848 2485 1936 2522 magis
1957 2487 2081 2514 arctatus

1233 2531 1350 2560 affer-tus
1381 2539 1465 2569 quam
1498 2531 1671 2565 intellectus3
1699 2531 1747 2561 sed
1770 2532 1942 2566 intellectus,
1966 2539 1998 2561 eo
2020 2532 2081 2569 ipso

1233 2579 1308 2616 quod
1332 2578 1488 2608 intellectus
1509 2582 1568 2613 031,
1601 2586 1651 2616 per
1682 2582 1812 2608 naturam
1835 2586 1914 2608 suam
1936 2582 1977 2608 est
1999 2581 2081 2607 natus

1233 2626 1326 2654 omnia
1358 2625 1543 2662 intelligere⁵=
1576 2633 1642 2662 ergo
1676 2626 1737 2662 pari
1766 2625 1872 2654 ratione
1893 2625 2009 2655 affectus
2031 2633 2080 2662 per

1297 2782 1305 2797 ⁴¹
1323 2782 1383 2805 Libr.
1403 2783 1416 2804 l.
1435 2782 1463 2805 cle
1482 2782 1535 2804 Fide
1560 2782 1650 2804 ortliod.
1670 2788 1688 2805 c.
1708 2782 1728 2803 3Δ
1747 2785 1769 2804 01
1786 2782 1809 2804 11.
1828 2788 1846 2804 c.
1866 2781 1902 2804 27.
1920 2794 1950 2798 —
1969 2782 2080 2809 August,

1233 2822 1261 2844 de
1280 2822 1362 2844 Natura
1381 2821 1450 2849 boni,
1469 2828 1487 2844 0.
1507 2822 1514 2842 Ι1
1531 2829 1534 2850 ;
1554 2821 1599 2844 ΧΗ.
1618 2821 1648 2844 de
1664 2820 1713 2843 Civ.
1734 2821 1789 2849 Dei,
1808 2827 1826 2843 0.
1849 2822 1866 2842 1.
1885 2827 1905 2843 11.
1926 2821 1946 2843 3.

1295 2861 1305 2875 ⁵
1322 2860 1367 2883 Cfr.
1385 2862 1491 2888 Aristot¹⁷
1510 2861 1542 2882 111.
1569 2861 1597 2883 de
1615 2861 1695 2883 Anima
1707 2879 1712 2889 ,
1732 2863 1782 2883 text.
1809 2860 1829 2882 4.
1853 2866 1917 2889 seqq.
1936 2860 1968 2888 (c.
1989 2860 2030 2888 4.).
2048 2859 2080 2882 De

1233 2906 1280 2927 3011.
1300 2906 1366 2928 prop.
1385 2899 1438 2922 vide
1456 2906 1525 2928 supra
1545 2906 1598 2927 pag.
1618 2899 1677 2927 183,
1696 2902 1746 2921 nota
1765 2899 1787 2921 7.
1806 2912 1836 2914 —
1848 2899 1917 2921 Paulo
1935 2899 2029 2920 inferius
2041 2897 2081 2920 de-

1232 2944 1283 2962 sum
1302 2941 1324 2961 in
1342 2940 1392 2962 Vat.
1410 2943 1432 2962 et
1449 2939 1501 2961 edd.
1521 2939 1549 2966 3,
1568 2938 1581 2960 4
1594 2938 1666 2961 verba
1682 2944 1731 2961 ubiz
1744 2938 1823 2961 solum
1835 2937 1922 2961 bouum
1934 2937 2077 2967 simpliciter,

1233 2978 1273 3001 secl
1296 2978 1366 3001 elium
1383 2983 1508 3007 appar-eus.

2091 1259 2179 1283 Quaestio
2192 1260 2220 1278 in·
2230 1260 2232 1273 ¹

2091 1283 2162 1302 cidens.
