2243 3425
745 206 828 234 DlST.
852 206 929 235 XXX.
951 207 1023 235 ART.
1046 207 1064 235 l.
1086 207 1222 244 QUAEST.
1246 208 1272 236 ΙΙ.

134 284 231 317 virtus,
254 284 326 312 circa
349 291 450 321 magna
471 284 595 313 consistit
616 287 643 313 et
664 284 767 318 ardua;
795 285 863 313 haec
885 288 979 314 autem

132 330 282 360 difficultas
303 330 330 359 in
352 331 443 368 primo
465 331 577 360 homine
598 331 651 360 fuit
672 326 719 360 sic.
741 331 826 360 Homo
847 332 921 360 enim
944 332 981 361 ita

133 377 251 415 perfecte
273 377 330 407 Deo
351 377 521 407 obedivisset
541 381 568 407 et
590 378 627 406 ita
655 378 776 415 perfecte
803 379 860 408 Deo
881 379 982 408 adhae-

133 425 222 459 sisset,
244 425 316 454 sicut
337 425 470 462 perfectio
486 424 597 453 virtutis
612 425 787 454 obedientiae
802 429 829 454 et
843 426 981 455 amicitiae

132 472 184 501 hoc
199 471 332 508 requirit;
347 474 374 500 et
388 471 428 500 sic
447 471 482 500 de
501 470 562 500 aliis
578 471 756 500 virtutibus¹.
769 488 807 492 —
820 472 864 500 Est
878 475 905 501 et
927 472 981 500 alia

132 518 295 552 difficultas,
317 526 389 555 quae
411 517 486 547 venit
507 525 542 546 ex
565 516 678 554 defectu
699 518 848 555 operantis
856 529 866 552 ‚·
887 521 914 547 et
930 519 981 548 ista

113 557 247 603 ¹quidem
273 573 327 594 non
353 568 395 594 est
420 565 454 594 de
476 564 595 594 essentia
621 564 746 599 virtutis,
774 565 860 594 immo
881 566 981 594 accidit

133 612 236 647 virtuti,
257 612 414 642 secundum
435 612 511 649 quod
533 612 623 641 virtus
645 610 708 646 est}
725 616 752 641 et
775 612 837 641 ideo
859 612 894 641 ad
919 613 980 647 hoc,

132 659 207 697 quod
229 659 312 688 homo
333 662 406 688 esset
428 659 580 694 virtuosus,
596 667 649 688 non
673 659 797 696 oportuit
819 659 890 688 hanc
912 659 982 688 diffi-

133 707 264 736 cultatem
286 707 432 744 reperire²
453 707 480 735 in
503 707 616 736 homine
637 707 664 736 in
679 707 843 744 primordio.
860 707 890 735 Et
905 707 980 744 quod

133 754 202 783 illud
224 754 260 783 sit
275 762 384 789 verum,
401 754 453 783 hoc
468 754 585 791 planum
599 757 648 783 est.
666 754 775 791 Quanto
789 754 863 783 enim
879 754 981 791 aliquis

132 802 220 839 magis
242 801 350 839 proficit
372 802 399 830 in
422 801 538 835 virtute,
554 804 629 830 tanto
651 801 740 839 magis
760 803 894 839 operatur
916 809 981 830 cum

133 848 232 877 minori
254 847 418 877 difficultate
439 856 476 877 ex
498 851 577 886 parte
598 856 668 883 sua;
690 848 711 877 si
735 848 820 885 igitur
842 848 911 877 haec
933 848 981 877 dif-

133 895 241 924 ficultas
261 899 334 924 esset
359 895 394 924 de
423 895 535 924 virtutis
563 895 697 929 essentia,
727 895 882 924 secundum
905 895 980 933 quod

1831 210 1887 237 717

1039 286 1122 314 homo
1144 285 1300 323 proficeret,
1322 287 1498 316 minueretur
1522 287 1546 315 in
1570 295 1602 315 eo
1626 287 1736 316 virtutis
1751 287 1888 316 excellen-

1038 332 1091 366 tia;
1113 333 1188 370 quod
1210 333 1311 362 falsum
1333 341 1394 363 esse
1415 342 1496 363 netno
1518 334 1636 363 dubitat.

1118 381 1143 408 6.
1166 380 1204 409 Ad
1227 380 1296 409 illud
1319 384 1412 410 autem
1435 381 1510 418 quod
1525 381 1655 410 obiicitur
1671 381 1705 410 de
1729 382 1772 410 via
1793 390 1888 418 perve-

1038 426 1132 455 niendi
1144 427 1179 455 ad
1192 427 1310 456 salutem
1327 428 1484 456 secundum
1500 436 1595 457 sacrae
1611 429 1771 465 Scripturae
1787 429 1887 458 instru-

1037 473 1172 507 ctionem,
1194 474 1357 509 dicendum,
1373 475 1447 512 quod
1464 475 1607 513 Scriptura
1630 484 1709 505 sacra
1723 476 1825 505 tradita
1847 480 1888 506 est

1039 519 1143 548 homini
1166 520 1248 558 lapso
1269 525 1296 549 et
1318 522 1486 551 documenta.
1507 523 1601 557 tradit,
1623 531 1673 560 per
1694 531 1765 560 quae
1787 523 1888 561 perdu-

1039 570 1119 595 catur
1143 567 1178 596 ad
1206 568 1339 605 patriam,
1362 569 1517 598 secundum
1547 570 1621 607 quod
1651 571 1782 608 competit
1804 571 1887 599 statui

1039 614 1187 650 praesenti.
1210 614 1273 643 ldeo
1295 623 1330 643 ex
1354 616 1396 644 his
1418 624 1472 644 non
1498 620 1588 653 potest
1608 617 1705 654 argui,
1727 617 1802 654 quod
1827 617 1887 646 talis

1039 660 1169 689 debuerit
1194 661 1277 689 homo
1299 661 1374 695 fieri,
1404 666 1435 691 ut
1464 670 1513 699 per
1540 663 1610 691 hanc
1633 664 1705 692 viam
1728 664 1887 699 deveniret;

1038 707 1107 736 tales
1129 707 1202 736 enim
1226 707 1285 737 viae
1298 708 1307 721 ⁸
1330 712 1396 737 sunt
1411 709 1492 738 valde
1506 718 1630 747 asperae.
1646 709 1673 739 Si
1688 715 1782 740 autem
1805 712 1888 741 homo

1038 762 1093 783 non
1115 758 1270 792 peccasset,
1292 763 1346 784 non
1369 764 1433 784 cum
1455 757 1617 794 asperitate.
1647 758 1696 786 sed
1726 766 1789 787 cum
1812 759 1887 787 omni

1039 801 1151 831 lenitate
1181 803 1353 839 pervenisset
1384 803 1419 831 ad
1443 811 1527 832 suum
1550 804 1643 833 finem.
1668 805 1697 833 Et
1719 809 1759 834 est
1781 806 1885 835 simile:

1038 848 1104 886 quia
1125 849 1229 877 sanitas
1250 853 1433 878 conservatur
1456 858 1505 887 per
1522 850 1593 879 bona
1613 851 1718 879 cibaria
1732 855 1760 881 et
1781 852 1887 887 suavia,

1038 896 1087 925 sed
1109 904 1162 924 non
1186 900 1370 933 recuperatur
1391 897 1443 925 uisi
1467 905 1515 934 per
1539 898 1662 934 potiones
1683 906 1800 927 amaras.

879 998 1141 1034 SCHOLION.

211 1099 224 1120 l.
242 1098 362 1121 Conclusio
381 1099 481 1128 loquitur
493 1102 579 1122 tantum
593 1099 621 1121 de
633 1098 709 1128 Γαοίος
727 1102 749 1122 et
761 1099 806 1122 fide
819 1104 917 1128 constat,
930 1106 983 1124 cor-

131 1137 277 1168 ruptionem,
297 1139 346 1161 sive
364 1141 388 1161 ut
405 1138 441 1160 alii
454 1144 507 1161 cum
525 1138 546 1160 S.
563 1138 652 1160 Thoma
665 1139 800 1168 loquuntur,
816 1138 919 1168 defectus
932 1145 982 1162 cor-

132 1179 195 1206 poris
212 1181 233 1200 et
250 1178 351 1206 animae,
369 1177 455 1207 quibus
468 1177 556 1200 laborat
573 1184 647 1206 genus
659 1179 798 1206 humanum,
818 1179 931 1207 originem
945 1180 981 1201 ha-

132 1217 186 1240 bere
197 1224 209 1240 a
222 1221 316 1246 peccato
334 1217 403 1239 Adae.
416 1219 557 1245 Argumenta
570 1221 646 1240 autem
664 1217 777 1245 rationis,
793 1218 828 1239 hic
842 1219 864 1239 in
878 1218 979 1240 tundam.

131 1260 153 1280 et
170 1258 192 1279 in
210 1263 273 1285 corp.
287 1258 370 1285 posita,
389 1263 443 1279 sane
456 1256 541 1279 debent
557 1257 663 1285 intelligi,
682 1263 710 1279 ne
722 1257 843 1280 excludere
859 1257 981 1280 videantur

131 1295 308 1326 possibilitatem
325 1299 398 1318 status
419 1298 524 1319 naturae
540 1302 626 1326 purae,
651 1296 744 1325 quando
761 1297 846 1319 scilicet
870 1297 915 1319 Deo
934 1297 981 1325 pla-

132 1337 214 1358 cuisset
243 1336 359 1358 hominem
387 1342 430 1358 non
455 1335 553 1358 exaltare
575 1335 604 1357 ad
628 1335 697 1358 tinem
715 1337 921 1364 supernaturalem,
940 1336 981 1358 sed

131 1381 185 1397 eum
204 1380 281 1397 creare
299 1374 403 1397 dotatum
416 1375 469 1397 solis
481 1374 548 1397 donis
561 1374 702 1397 naturalibus
720 1378 847 1404 aptumque
865 1375 893 1397 ad
912 1375 980 1397 tinem

132 1413 303 1442 assequendum
317 1414 443 1435 naturalem
457 1419 498 1441 per
511 1414 656 1441 operationes
668 1413 772 1436 eiusdem
790 1413 884 1436 ordinis.
904 1415 926 1436 ln
940 1415 982 1436 hac

132 1453 252 1481 hypothesi
271 1453 340 1475 homo
359 1458 402 1474 non
421 1455 480 1475 esset
497 1455 564 1480 aptus
582 1459 623 1475 nec
641 1452 768 1481 obligatus,
788 1457 812 1475 ut
830 1453 932 1475 tenderet
953 1453 981 1475 ad

132 1492 200 1514 finem
218 1492 428 1520 supernaturalem,
446 1491 603 1514 immediatam
621 1492 668 1513 scil.
686 1492 799 1514 visionem
812 1495 834 1513 et
851 1492 981 1513 fruitionem

132 1531 185 1559 Dei;
203 1532 313 1554 caruisset
330 1532 398 1553 etiam
412 1534 465 1554 tunc
477 1531 538 1553 dono
556 1532 642 1559 gratiae
654 1531 822 1559 sanctificantis⁷
835 1535 904 1560 atque
916 1531 982 1553 (lonis

133 1571 274 1599 integritatis.
292 1571 349 1593 Hinc
361 1570 455 1598 iisdem,
474 1574 497 1593 ut
515 1571 537 1592 in
550 1574 607 1593 statu
627 1574 720 1593 naturae
734 1571 822 1598 lapsae,
842 1570 983 1593 naturalibus

133 1613 276 1638 premeretur
294 1609 432 1637 defectibus,
452 1616 510 1638 quae
529 1613 632 1632 naturam
651 1610 776 1632 humanam
796 1613 982 1638 consequuntur,

133 1650 174 1672 nisi
193 1649 254 1671 Deus
271 1649 314 1671 alio
332 1649 402 1671 modo
420 1649 586 1677 supplex·isset;
604 1655 686 1677 expers
707 1652 783 1672 autem
807 1650 885 1672 suisset
902 1649 983 1677 eulpae

133 1689 250 1718 originalis
267 1692 288 1711 et
306 1689 443 1717 captivitatis
460 1688 504 1711 sub
526 1691 636 1717 potestate
654 1688 738 1711 diaboli
763 1688 860 1715 (Concil.
881 1688 982 1711 Trident.

133 1729 191 1751 Sess.
210 1728 236 1751 V.
249 1734 298 1751 can.
313 1728 352 1756 2.).
367 1726 503 1751 Possibz'lem
514 1731 590 1750 autem
603 1728 672 1750 fuisse
683 1725 768 1750 'statum
787 1732 880 1751 naturae
900 1734 982 1756 purae.

132 1769 275 1797 exploratum
296 1770 336 1790 est.
360 1767 415 1789 Nam
433 1773 451 1790 s.
469 1767 547 1794 Sedes,
571 1767 729 1790 condemnatis
747 1768 823 1790 multis
846 1768 983 1796 propositio-

134 1807 202 1830 nibus
223 1807 268 1830 Baii
292 1810 314 1830 et
334 1808 402 1830 ctiam
424 1813 490 1836 prop.
513 1807 546 1829 16.
564 1807 651 1835 Synodi
674 1807 827 1835 pistoriensis,
851 1808 982 1836 oppositam

133 1847 260 1870 doctrinam
279 1846 401 1869 tenendam
418 1852 468 1869 esse
486 1846 575 1874 docuit,
592 1847 677 1869 seilicet
695 1846 755 1869 dona
768 1849 816 1868 tum
834 1847 920 1874 gratiae
933 1853 984 1869 san-

133 1886 250 1909 ctificantis
268 1889 316 1908 tum
334 1886 470 1914 integritatis
487 1892 531 1908 non
550 1891 600 1908 esse
617 1884 693 1909 debita
710 1892 736 1908 ex
755 1886 850 1908 naturali
871 1886 982 1913 exigentia

133 1929 155 1948 et
171 1925 301 1948 conditione
319 1925 433 1947 humanae
451 1928 556 1952 naturae,
575 1924 615 1947 sed
638 1926 714 1952 potius
731 1931 781 1947 esse
799 1926 926 1953 gratuitum
944 1925 982 1947 Dei

133 1965 279 1987 beneficium.
298 1964 332 1987 Ad
348 1963 553 1987 immortalitatem
571 1967 658 1993 spectat
676 1964 828 1987 condemnata
848 1965 893 1987 Bait
917 1972 984 1994 prop.

132 2004 175 2027 78:
196 2004 379 2027 «immortalitas
396 2004 465 2032 primi
484 2004 582 2026 hominis
600 2010 644 2026 non
663 2007 710 2026 erat
728 2005 813 2032 gratiae
832 2004 983 2033 beneficium,

133 2044 174 2066 sed
192 2044 301 2066 naturalis
318 2043 418 2066 conditio
432 2052 441 2063 n
463 2043 516 2070 (cfr.
536 2049 601 2071 prop.
623 2043 657 2065 17.
676 2043 763 2072 Synodi
782 2044 882 2071 Pistor.);
901 2044 929 2066 ad
946 2044 984 2067 de-

133 2083 207 2113 fectus
225 2082 349 2106 naturales
366 2082 390 2106 in
407 2088 492 2112 petiere
510 2088 576 2111 prop.
595 2082 636 2105 55:
662 2091 672 2103 α
685 2083 746 2105 Deus
764 2089 808 2105 non
827 2084 937 2111 potuisset
955 2083 984 2106 ab

133 2123 195 2145 initio
213 2123 280 2145 talem
298 2128 376 2145 creare
394 2123 522 2150 hominem,
542 2122 615 2151 qualis
633 2128 693 2144 nunc
712 2123 811 2145 nascitur
823 2131 844 2144 n.

196 2162 263 2191 Quod
281 2166 358 2185 autem
375 2162 397 2183 S.
416 2162 501 2184 Bonav.
519 2162 613 2184 omnino
631 2162 718 2184 alienus
736 2163 764 2184 sit
781 2161 810 2184 ab
828 2168 906 2184 errore
925 2163 983 2190 Baii,

133 2204 178 2225 iam
195 2202 339 2224 concluditur
356 2208 383 2224 ex
397 2201 541 2223 distinctione
559 2202 580 2223 in
599 2207 662 2228 corp.
681 2202 753 2229 posita
767 2201 795 2223 de
813 2201 897 2229 duplici
913 2201 983 2224 modo

1039 1102 1169 1130 inquirendi
1186 1101 1349 1124 rationabiliter
1367 1103 1425 1124 circa
1450 1104 1507 1125 hant·
1525 1109 1584 1129 retu,
1604 1105 1687 1126 seilicet
1709 1105 1743 1126 vel
1762 1106 1888 1133 suppositis

1039 1141 1154 1163 nonnullis
1171 1141 1289 1169 principiis
1307 1141 1370 1169 fidei,
1389 1143 1425 1164 vel
1444 1148 1469 1164 cx
1482 1143 1528 1164 sola
1548 1144 1641 1165 rationis
1658 1144 1687 1165 vi.
1707 1144 1738 1166 De
1757 1145 1799 1166 hoc
1812 1147 1887 1166 autem

1039 1179 1109 1202 modo
1126 1179 1324 1209 pltz'losophommt
1345 1180 1410 1207 dicit„
1433 1190 1442 1201 ιι
1455 1181 1518 1210 quod
1537 1185 1590 1204 tunc
1608 1183 1663 1204 ratio
1682 1184 1758 1210 potius
1774 1183 1889 1206 discordat

1039 1220 1127 1242 veritati
1141 1220 1264 1242 catholicae
1283 1226 1352 1248 quam
1366 1220 1490 1243 concordet
1503 1230 1522 1247 n,
1541 1221 1597 1243 dum
1611 1222 1632 1244 S,
1646 1222 1728 1245 Thom.
1743 1223 1777 1249 (S.
1792 1230 1810 1244 c.
1824 1223 1887 1245 Gent.

1038 1258 1073 1280 IV.
1092 1265 1111 1281 c.
1129 1259 1176 1286 52.)
1195 1259 1268 1285 docet,
1281 1259 1344 1287 quod
1363 1259 1421 1282 (luce
1434 1260 1480 1281 sola
1494 1261 1587 1288 ratione,
1604 1269 1613 1281 «x
1628 1263 1713 1288 peceati
1732 1262 1849 1290 originalis
1867 1264 1887 1284 in

1039 1298 1139 1319 humano
1153 1304 1237 1325 genere
1250 1297 1403 1327 probabiliter
1415 1299 1529 1327 quaedam
1542 1300 1605 1327 signa
1620 1304 1731 1328 apparent
1742 1309 1761 1322 υ,
1776 1301 1830 1323 llinc
1842 1302 1888 1323 iam

1039 1336 1145 1363 insertur,
1163 1341 1299 1365 argumenta
1318 1344 1329 1359 a
1349 1338 1369 1359 S.
1390 1337 1548 1360 Bonaventura
1571 1339 1648 1366 allata,
1672 1339 1816 1367 intelligenda
1839 1346 1889 1362 csse

1040 1376 1060 1397 in
1074 1376 1233 1403 suppositione
1245 1376 1376 1405 praesentis
1389 1377 1554 1405 providentiae⁷
1568 1384 1627 1406 qnae
1641 1379 1757 1400 hominem
1767 1378 1890 1401 destinavit

1039 1415 1068 1437 ad
1086 1415 1154 1437 finem
1168 1416 1366 1443 supernaturalem
1384 1419 1406 1438 ot
1423 1416 1452 1438 al)
1464 1417 1526 1439 initio
1544 1417 1596 1439 fecit
1616 1419 1753 1440 «hominem
1773 1422 1861 1441 rectum
1874 1427 1884 1439 2»

1041 1454 1110 1481 (Eccl.
1130 1454 1150 1476 7.
1174 1455 1228 1482 30.).
1241 1467 1272 1471 —
1285 1455 1351 1483 Quod
1374 1458 1450 1478 autem
1472 1455 1642 1479 immortalitas
1659 1458 1787 1480 secundum
1805 1464 1889 1486 corpus

1041 1494 1107 1516 suerit
1125 1495 1146 1516 in
1165 1494 1237 1516 Adam
1256 1495 1343 1516 donum
1361 1495 1507 1524 malititam,
1528 1495 1651 1524 probatum
1669 1500 1702 1518 cst
1723 1504 1792 1525 supra
1812 1498 1832 1519 tl.
1856 1499 1889 1521 te.

1040 1540 1059 1555 a.
1079 1534 1098 1555 3.
1117 1540 1139 1562 q.
1162 1534 1178 1555 1.
1192 1534 1290 1561 Saepius
1302 1535 1369 1556 etiam
1385 1535 1465 1557 asserit
1477 1535 1498 1557 S.
1512 1535 1605 1563 Bonav.,
1618 1536 1680 1564 quod
1696 1538 1804 1559 naturalia
1818 1543 1890 1560 rema-

1041 1576 1108 1595 neant
1125 1573 1211 1600 integra
1225 1576 1276 1601 post
1290 1577 1408 1600 peecatum
1421 1576 1489 1596 etiam
1503 1575 1523 1596 in
1537 1575 1690 1597 daemonibus
1703 1576 1782 1603 (supra
1795 1576 1817 1598 d.
1830 1577 1850 1598 6.
1870 1583 1888 1599 a.

1040 1611 1061 1633 3.
1080 1618 1101 1640 q.
1122 1612 1141 1633 1.
1161 1611 1263 1634 tundam.
1282 1613 1302 1633 2.
1321 1617 1341 1634 et
1360 1613 1381 1634 in
1399 1619 1462 1641 corp.
1475 1617 1497 1636 et
1509 1614 1576 1636 etiam
1593 1616 1724 1642 expressius
1743 1615 1774 1637 ΙΙΙ.
1794 1616 1854 1637 Sciit.
1868 1615 1888 1638 d.

1041 1650 1076 1672 28.
1095 1657 1117 1679 q.
1136 1651 1156 1672 2.
1175 1650 1204 1672 ad
1223 1651 1265 1677 3.),
1280 1652 1331 1680 quia
1352 1652 1439 1680 «quod
1458 1655 1492 1674 est
1509 1653 1610 1675 naturale
1626 1656 1660 1675 est
1677 1653 1822 1676 indelebile»
1842 1656 1890 1681 (su-

1040 1696 1081 1717 pra
1101 1689 1122 1712 d.
1141 1689 1161 1711 7.
1181 1696 1202 1717 p.
1222 1691 1246 1712 ll.
1264 1697 1283 1712 a.
1306 1691 1322 1712 1.
1336 1697 1358 1719 q.
1377 1692 1397 1713 2.
1417 1691 1519 1714 tundam.
1541 1693 1577 1719 t.).
1593 1693 1622 1714 De
1640 1692 1804 1722 corruptione,
1819 1700 1888 1723 quam

1041 1729 1105 1751 interi
1120 1733 1250 1757 peccatum,
1269 1730 1308 1752 cfr.
1322 1730 1377 1752 intra
1391 1730 1413 1752 d.
1428 1730 1467 1758 37,
1487 1732 1621 1759 praesertim
1635 1738 1653 1753 a.
1674 1733 1694 1754 2.
1708 1744 1739 1748 —
1751 1733 1821 1755 Etiam
1835 1733 1890 1755 illud

1041 1769 1180 1797 principium
1199 1768 1315 1797 (fundam.
1333 1771 1372 1797 t.)‚
1389 1770 1451 1798 quod
1464 1776 1537 1798 poena
1552 1777 1595 1793 non
1609 1771 1731 1799 infligatur.
1745 1773 1786 1794 nisi
1800 1779 1891 1800 praece-

1041 1808 1078 1830 dat
1096 1809 1174 1836 cutpa,
1193 1809 1211 1830 si
1229 1808 1362 1836 intelligitur
1379 1808 1407 1831 dc
1426 1810 1487 1831 omni
1502 1809 1614 1838 passione
1626 1811 1741 1833 rationalis
1758 1815 1890 1839 creaturae,

1042 1854 1086 1870 non
1104 1848 1170 1874 valet,
1190 1849 1231 1870 nisi
1249 1849 1369 1876 supposita
1383 1852 1502 1876 praesente
1522 1849 1678 1877 providentia.
1693 1857 1762 1879 quain
1780 1851 1824 1873 lide
1844 1855 1891 1873 tan-

1041 1890 1089 1909 tum
1108 1888 1216 1909 novimus
1233 1888 1286 1913 (csr.
1306 1887 1410 1910 llichard.
1430 1895 1441 1909 a
1460 1888 1524 1915 Med,
1546 1889 1581 1910 hic
1599 1895 1618 1910 a.
1638 1890 1658 1911 2.
1677 1896 1697 1918 q.
1717 1891 1756 1917 2.),

1105 1927 1128 1949 ll.
1146 1927 1206 1949 Alex.
1226 1926 1281 1954 l‘lal.y
1299 1928 1321 1948 S.
1340 1933 1361 1954 p.
1382 1927 1403 1949 lt.
1422 1934 1444 1956 q.
1467 1928 1515 1949 106.
1535 1934 1563 1949 m.
1587 1929 1604 1950 1,
1617 1941 1647 1944 --
1665 1929 1732 1956 Scot,
1755 1931 1775 1951 in
1794 1934 1892 1959 utroque

1041 1967 1142 1994 Scripto,
1161 1966 1183 1987 ll.
1201 1966 1261 1987 Sent.
1280 1966 1301 1987 d.
1325 1966 1357 1988 19.
1376 1973 1397 1995 q.
1417 1968 1490 1988 unica.
1505 1979 1534 1982 —-
1547 1968 1568 1988 S.
1586 1967 1676 1995 Thom„
1696 1969 1731 1990 liic
1749 1975 1770 1997 q.
1794 1970 1809 1990 i⁴
1828 1977 1847 1991 a.
1871 1971 1891 1997 1;

1041 2006 1062 2028 S.
1082 2006 1094 2028 Ι.
1114 2006 1137 2028 ll.
1155 2012 1176 2034 q.
1196 2005 1231 2027 85.
1255 2013 1274 2027 a.
1293 2005 1313 2027 3”.
1334 2006 1357 2030 6;
1381 2007 1402 2027 S.
1421 2013 1440 2027 c.
1458 2007 1522 2028 Geni.
1543 2006 1577 2028 lv.
1597 2014 1614 2029 c.
1635 2007 1718 2035 eje-533
1737 2008 1765 2030 tle
1786 2009 1849 2033 Malo,
1869 2016 1891 2038 q.

1041 2045 1061 2067 5.
1080 2051 1099 2067 a.
1119 2044 1138 2067 l».
1153 2045 1174 2066 5.
1186 2057 1217 2061 —
1230 2045 1251 2066 B.
1271 2045 1362 2073 Albert.y
1382 2046 1417 2067 hic
1435 2053 1454 2067 a.
1477 2046 1533 2073 ¹38.
1548 2052 1569 2073 p.
1584 2046 1606 2068 11.
1620 2049 1645 2068 tr.
1663 2047 1695 2069 17.
1709 2054 1731 2076 q.
1753 2048 1801 2070 107.
1822 2054 1850 2070 m.
1874 2049 1890 2070 t.

1042 2097 1071 2100 —
1084 2085 1140 2107 Petr.
1159 2091 1171 2106 a
1194 2084 1254 2111 Tar.7
1273 2085 1308 2106 hic
1326 2091 1347 2113 q.
1375 2085 1391 2106 1.
1411 2092 1429 2106 a.
1452 2085 1469 2106 1.
1483 2097 1513 2100 —-
1530 2086 1635 2108 Bit-hard.
1654 2092 1665 2108 a
1689 2087 1756 2113 Med„
1774 2088 1817 2113 hie
1832 2094 1851 2110 a.
1873 2089 1890 2110 1.

1041 2130 1062 2152 q.
1082 2124 1102 2145 2.
1116 2136 1145 2139 *
1162 2123 1236 2152 rEgid.
1255 2124 1288 2148 R„
1307 2125 1342 2145 hic
1360 2131 1381 2152 q.
1410 2125 1426 2146 1.
1445 2131 1464 2146 a.
1483 2125 1503 2146 2.
1524 2125 1543 2146 3.
1558 2137 1588 2142 —
1601 2125 1709 2153 Durand.y
1729 2127 1764 2149 lite
1787 2134 1809 2155 q.
1831 2128 1847 2149 1.
1862 2140 1892 2143 -

1042 2163 1133 2190 Dionys.
1146 2162 1228 2190 Carth.⁷
1248 2163 1283 2184 hic
1296 2170 1316 2191 q⁴
1331 2163 1350 2184 3.
1361 2175 1391 2179 -—
1404 2163 1456 2189 Biel,
1471 2163 1498 2185 de
1512 2165 1553 2186 hac
1565 2167 1587 2186 et
1598 2171 1662 2193 seqq.
1677 2171 1707 2193 qq
1729 2166 1764 2187 hic
1782 2172 1803 2193 q.
1817 2166 1890 2188 unica.

904 2292 1067 2329 QUAEs'l'to
1076 2310 1079 2313 -
1089 2293 1117 2320 ll.

410 2391 514 2419 [stram
536 2387 804 2419 itcttiivra‘hamana
828 2390 930 2418 merito
951 2390 1068 2426 primae
1089 2391 1335 2428 transgressionis
1356 2390 1450 2427 fucrit
1471 2395 1611 2428 corrupta

660 2440 821 2478 poenaliter
846 2444 978 2473 atatam,
1000 2449 1040 2469 att
1062 2441 1150 2469 etiam
1172 2441 1365 2478 culpabiliter.

213 2540 339 2569 Secundo
361 2540 518 2577 quaeritur,
541 2543 635 2568 utrum
653 2539 753 2567 merito
770 2538 876 2575 primae
900 2542 986 2567 trans-

135 2587 284 2625 gressionis
306 2587 429 2615 humana
451 2590 552 2615 natura
574 2586 658 2615 fuerit
680 2588 812 2622 corrupta
832 2585 985 2622 poenaliter

135 2637 255 2663 tantum.
278 2642 311 2662 an
339 2634 422 2663 etiam
449 2633 634 2671 culpabiliter.
658 2633 688 2662 Et
709 2633 785 2671 quod
808 2632 985 2669 culpabiliter

136 2685 267 2718 corrupta
289 2682 332 2715 sit,
356 2681 475 2710 videtur.

217 2730 239 2756 l.
263 2728 301 2756 Ad
323 2729 461 2757 Romanos
487 2729 617 2765 quinto⁴z
649 2728 730 2756 Sicut
749 2736 802 2764 per
824 2735 916 2754 uatem
940 2725 985 2754 lio-

1042 2539 1147 2566 im'nem
1162 2543 1314 2575 peccatam
1332 2539 1454 2567 intrauit
1470 2539 1501 2567 z‘n
1516 2540 1670 2572 vimulum,
1686 2544 1711 2567 e!
1724 2548 1776 2577 per
1790 2549 2029 2577 pecca-Fundamenta.

1043 2589 1101 2613 tam
1119 2594 1209 2617 mor-5,
1222 2585 1264 2613 ita
1277 2589 1301 2613 ct
1313 2585 1343 2613 iu
1359 2594 1456 2613 ovines
1472 2584 1600 2614 homines
1612 2594 1692 2614 mors
1702 2587 1889 2623 pertransiit,

1042 2632 1070 2659 in
1094 2640 1149 2669 qao
1165 2640 1262 2659 ornnes
1275 2636 1476 2668 peccauerunt.
1495 2633 1533 2660 Ex
1558 2633 1608 2661 isto
1632 2633 1717 2662 verbo
1740 2633 1889 2671 colligitur,

1042 2679 1114 2716 quod
1148 2686 1244 2707 omnes
1267 2680 1292 2707 in
1316 2679 1400 2708 Adam
1433 2679 1547 2708 fuerunt
1570 2680 1660 2709 insecti
1683 2684 1710 2709 et
1732 2685 1891 2718 peccatores

1042 2727 1192 2755 constituti.
1209 2726 1242 2754 St
1254 2725 1330 2762 forte
1346 2726 1438 2759 dicas,
1454 2727 1526 2755 sicut
1541 2727 1638 2756 dicunt
1654 2728 1799 2765 Pelagiani.
1815 2729 1890 2765 quod

202 2861 207 2874 ¹
225 2861 270 2883 Csr.
289 2867 357 2889 supra
378 2861 398 2883 tlv
419 2862 454 2883 29.
474 2868 493 2882 a.
513 2861 533 2882 3.
552 2867 572 2889 q,
597 2861 628 2887 1.,
652 2860 691 2882 ubi
718 2860 812 2885 dicitur,
831 2861 852 2881 in
872 2861 909 2881 illo
927 2862 984 2881 statu

138 2901 231 2922 virtutes
251 2906 294 2922 non
313 2900 420 2922 habuisse
438 2904 502 2922 actus
520 2900 673 2928 impet-tectos.

199 2939 207 2953 2
227 2940 275 2961 Yat.
293 2943 314 2961 et
331 2939 383 2961 edd.
403 2940 422 2966 3,
446 2939 454 2961 ‘t
474 2939 579 2967 reperiri.

199 2977 208 2992 ³
227 2978 268 3000 Pro
287 2978 335 3000 riae
348 2978 414 3000 codd.
434 2978 477 3000 CF
491 2979 507 3000 R
522 2979 537 3000 L
551 2979 567 3000 ti
582 2979 596 3000 S
609 2979 626 3000 T
645 2982 687 3000 etc.
707 2984 747 2999 nec
767 2983 810 2999 non
829 2977 881 2999 cdd.
902 2978 918 3003 1,
933 2978 953 3004 2,
973 2977 984 2998 :3

139 3017 277 3039 substituunt
295 3017 318 3039 in
335 3023 359 3039 se
371 3026 377 3041 ,·
395 3018 489 3039 sortasse
510 3017 632 3045 legendum
652 3021 711 3039 esset
724 3016 775 3039 riae
787 3016 809 3038 iu
823 3021 853 3038 se.
869 3016 935 3037 Paulo
948 3022 986 3037 su—

1042 2860 1120 2887 perius
1138 2866 1179 2887 pro
1199 2859 1271 2882 trudit
1288 2859 1354 2881 codd.
1368 2860 1383 2881 F
1396 2860 1414 2881 li
1429 2860 1457 2881 W
1479 2867 1504 2882 aa
1527 2860 1633 2883 exhibent
1654 2860 1761 2889 tradidit,
1785 2865 1805 2884 ct
1823 2862 1891 2890 paulo

1043 2900 1135 2921 inferius
1148 2905 1189 2926 pro
1203 2897 1295 2921 lenitate
1308 2898 1374 2921 codd.
1394 2899 1408 2920 F
1421 2899 1438 2921 l(
1454 2900 1468 2921 l.
1482 2899 1499 2921 O
1513 2900 1530 2921 T
1547 2899 1563 2921 Y
1577 2904 1618 2922 etc.
1637 2906 1690 2922 cum
1708 2900 1743 2923 ed.
1762 2901 1775 2922 2
1794 2900 1890 2923 levitate.

1106 2937 1113 2951 ⁴
1133 2938 1196 2959 Vers.
1219 2938 1255 2965 ¹2,
1274 2937 1313 2960 ubi
1331 2938 1428 2966 Vulgata
1452 2938 1475 2961 iu
1493 2938 1556 2961 lianc
1578 2938 1697 2962 mzmclmn
1719 2946 1760 2967 pro
1778 2939 1803 2962 in
1825 2946 1892 2963 mim-

1042 2976 1106 2999 (Iam.
1127 2977 1167 2998 Pro
1184 2976 1324 3006 pertransiit
1341 2977 1376 2999 ed.
1400 2978 1404 2998 1
1427 2980 1448 2999 ct
1466 2978 1558 3005 plurimi
1577 2978 1644 3000 codd.
1662 2978 1799 3008 pertransit.
1812 2980 1892 3001 -Ali-

1043 3016 1178 3044 quantulum
1198 3020 1249 3043 post
1262 3022 1304 3043 pro
1321 3015 1420 3044 [iterant
1437 3016 1504 3038 codd.
1523 3016 1539 3038 C
1553 3017 1567 3038 L
1581 3016 1598 3038 O
1611 3017 1626 3038 R
1642 3017 1655 3038 S
1673 3020 1693 3039 ct
1712 3018 1747 3039 alii
1764 3017 1860 3046 suerint.
