2243 3425
5 1725 108 1744 Substantia

7 1749 52 1767 citur
64 1750 109 1767 mul-

3 1772 77 1795 pliciter.

817 192 899 220 DIST.
923 191 1045 221 XXXVII.
1069 191 1174 220 DUBIA.

123 278 192 298 rum
202 292 210 303 ,
231 269 259 297 si
278 269 356 297 Deus
371 278 429 298 non
443 269 553 298 dieitur
575 278 634 298 esse
648 273 730 298 actor
743 269 750 284 ¹
763 273 963 306 peecatorum,

123 317 154 345 in
174 319 319 354 quantum
343 315 418 344 nz'ltz't
441 320 526 350 sunt,
553 325 620 344 cunt
644 315 731 344 nz'ltt'lz'
760 316 860 344 mettas
881 319 964 344 actor

124 363 245 392 existere
259 367 353 401 queat.
369 363 485 392 Videtur
500 363 573 392 enim
589 362 738 391 efficaciter
752 371 879 400 arguere.
895 363 964 391 Cum

120 410 194 439 enim
215 413 359 447 peccatum
381 410 474 447 aliquo
489 409 572 437 modo
588 409 688 438 habeat
709 412 840 443 actorem,
862 412 889 437 et
911 417 965 437 non

122 457 207 495 possit
228 457 340 490 habere,
363 456 516 485 secundum
532 456 607 493 quod
623 456 692 484 nihil
713 459 767 484 est:
785 455 869 484 habet
889 463 965 492 ergo,

121 504 276 533 secundum
299 503 373 540 quod
395 503 501 540 aliquid
522 505 571 531 est.
600 502 627 530 Si
649 510 715 539 ergo
730 502 808 530 nullo
822 502 905 530 modo
921 502 967 530 ha-

123 551 170 580 bet
200 551 288 579 Deum
319 554 458 581 actorem,
491 549 612 583 videtur,
644 549 719 586 quod
751 552 915 586 peccatum,
938 549 965 576 in

120 600 257 635 quantum
279 601 358 625 actus
379 600 433 630 est,
455 605 470 624 a
491 596 548 625 Deo
569 605 622 624 non
645 596 688 624 sit.

199 644 377 672 Responnno:
400 643 553 672 Dicendum
576 646 615 671 est
645 643 680 671 ad
709 642 776 677 hoc,
799 642 872 679 quod
896 642 966 670 illud

121 694 318 728 argumentum
341 690 449 725 deficit,
471 691 537 727 quia
557 690 637 718 aliter
656 694 810 727 peecatum
832 692 873 718 est
888 689 965 723 nihil,

121 738 201 767 aliter
216 741 257 766 est
271 738 340 766 nihil
363 737 433 766 illud
449 737 524 774 quod
543 737 622 765 nullo
644 737 728 765 modo
750 740 798 765 est.
820 736 964 765 Peccatum

121 785 194 814 enim
216 784 369 813 formaliter
398 784 467 812 nihil
494 787 549 817 est,
570 783 752 812 nihilominus
778 786 870 811 tamen
893 783 966 811 circa

121 832 225 869 aliquid
247 835 297 866 est,
319 835 345 860 et
366 831 485 860 alicuius
507 831 570 859 honi
593 831 712 868 privatio
728 833 776 859 est.
793 830 823 858 Et
838 829 967 867 quamvis

124 878 192 907 illud
214 878 289 915 quod
311 877 390 906 nullo
418 877 502 906 modo
531 880 587 912 est,
611 885 664 905 non
694 877 781 914 possit
810 877 914 905 habere
942 884 967 904 a·

121 928 238 959 ctorem,
261 928 351 954 tamen
376 925 445 953 illud
468 924 542 962 quod
564 924 631 953 dicit
646 923 789 961 defectum
810 924 892 952 circa
907 932 966 957 ens,

120 975 211 1009 potest
232 971 337 1000 habere
357 974 498 1006 actorem,
531 979 600 1005 non,
623 971 753 1008 inquam,
785 974 907 1000 actorem
932 971 967 999 ef-

122 1019 275 1053 ficientem,
297 1019 345 1048 sed
368 1018 550 1047 deficientem.
575 1019 605 1047 Et
627 1018 665 1047 sic
687 1021 777 1055 patet,
799 1017 874 1055 quod
897 1018 966 1046 ratio

121 1065 168 1094 illa
188 1074 242 1094 non
265 1069 340 1094 recte
360 1066 487 1103 procedit
498 1065 516 1093 ².

473 1159 540 1188 Due.
570 1159 612 1188 lV.

200 1254 266 1283 Item
290 1254 435 1291 quaeritur
464 1254 498 1282 de
528 1254 579 1282 1100
607 1254 682 1291 quod
713 1253 794 1282 dicit:
822 1253 967 1291 Intqnz'tcts

124 1301 190 1338 ipsa
210 1310 269 1329 non
283 1305 323 1329 est
337 1300 512 1329 substantia.
529 1300 580 1329 Aut
594 1300 668 1329 enim
683 1300 849 1328 substantia
865 1300 967 1328 dicitur

118 1348 257 1386 proprie,
273 1351 322 1376 aut
337 1348 439 1376 dicitur
454 1348 655 1375 communiter.
671 1347 696 1375 Si
714 1347 817 1376 dicitur
828 1347 968 1384 proprz'e;

121 1403 171 1424 nec
192 1395 274 1423 etiam
297 1394 401 1423 iustitia
421 1397 462 1423 est
484 1394 647 1423 substantia.
671 1394 697 1422 Si
719 1394 821 1423 dicitur
844 1403 969 1422 commu-

121 1441 212 1475 nite&
234 1449 300 1478 ergo
328 1449 410 1469 omne
439 1441 514 1478 quod
546 1441 629 1469 hahet
658 1441 781 1478 aliquam
803 1441 968 1476 essentiam,

122 1489 223 1517 dicitur
244 1487 419 1516 substantia.
442 1487 494 1516 Sed
511 1487 622 1516 habitus
638 1488 730 1516 malus
745 1487 829 1516 habet
844 1487 967 1525 aliquam

121 1535 283 1568 essentiam,
306 1535 332 1563 in
355 1538 491 1572 quantum
514 1534 640 1563 habitus:
663 1542 729 1571 ergo
751 1535 871 1569 videtur,
893 1535 968 1572 quod

122 1581 207 1619 possit
229 1582 282 1610 dici
304 1581 511 1610 snbstccnticffl:
533 1589 599 1618 ergo
632 1581 757 1616 videtur,
779 1582 854 1618 quod
877 1581 968 1610 malus

122 1629 243 1663 habitus,
266 1632 297 1657 ut
318 1629 452 1663 luxuria,
474 1628 573 1657 debeat
596 1628 712 1657 laudare
733 1628 832 1657 Deum.

201 1677 374 1705 Respounsso:
390 1676 558 1710 Dicendum,
581 1676 656 1713 quod
671 1675 743 1704 sicut
763 1683 864 1704 nomen
886 1679 970 1704 natu-

121 1732 174 1752 rae
194 1723 386 1760 multipliciter
401 1723 546 1760 accipitur,
561 1723 599 1751 ita
620 1726 647 1751 et
662 1730 763 1751 nomen
778 1722 968 1751 substantiae.

123 1771 233 1800 Praeter
255 1772 327 1800 enim
351 1770 412 1799 illos
434 1774 555 1807 quatuor
578 1770 687 1803 modos,
709 1777 780 1807 quos
795 1769 861 1798 dicit
884 1770 970 1798 Philo-

122 1818 228 1855 sophus
239 1818 259 1852 ⁴,
281 1818 355 1855 quod
382 1817 536 1846 substantia
564 1817 667 1845 dicitur
687 1816 832 1850 materia,
853 1815 968 1853 forma,

124 1865 314 1903 compositum
337 1868 365 1894 et
386 1865 509 1893 essentia
530 1864 769 1901 uniuscuiusque,
784 1868 875 1901 potest
889 1864 970 1892 aliter

123 1912 255 1949 distingui
283 1912 450 1940 substantia
476 1911 555 1940 iuxta
584 1911 669 1939 verba
691 1911 763 1940 beati
786 1911 929 1948 Augustini
944 1911 968 1938 ⁵:

123 1967 180 1988 uno
195 1959 287 1993 modo,
302 1962 333 1987 ut
349 1959 459 1987 dicatur
474 1967 521 1986 res
533 1962 741 1995 pernzctnenset
752 1966 808 1995 per
829 1967 859 1986 se
873 1962 970 1992 stan&

123 2006 177 2035 alio
199 2006 293 2040 modo,
316 2010 347 2034 ut
369 2006 478 2035 dicatur
510 2014 557 2033 res
585 2013 779 2042 permanens,
801 2013 855 2033 non
878 2008 969 2034 tamen

123 2061 173 2090 per
195 2061 223 2082 se
246 2057 330 2087 stans,
345 2053 393 2081 sed
410 2053 455 2081 alii
472 2052 642 2086 z'nftcterens;
664 2052 744 2080 tertio
767 2052 858 2086 niodo,
880 2056 910 2080 ut
933 2052 971 2080 di-

124 2104 203 2129 catur
230 2100 385 2129 substantia
417 2099 557 2138 quaelibet
582 2099 706 2127 essentia
731 2103 800 2127 ctcttt
822 2107 885 2132 ena,
912 2099 970 2127 sive

123 2155 172 2184 per
195 2156 223 2176 se
245 2151 335 2179 stans.
358 2147 416 2176 sive
446 2155 514 2181 non;
537 2150 563 2175 et
586 2147 637 2175 hoc
659 2146 742 2175 modo
764 2146 920 2174 substantia
941 2153 970 2174 se

124 2194 251 2223 extendit
271 2194 306 2223 ad
329 2201 410 2223 omne
439 2201 495 2222 ens.
526 2193 556 2222 Et
578 2194 616 2221 sic
645 2193 745 2230 accipit
768 2193 938 2229 Augustinus
951 2192 969 2226 ⁶,

1811 194 1868 221 877

1022 277 1086 298 cum
1108 269 1188 298 dicit:
1216 270 1320 306 «Quod
1341 270 1419 299 nulla
1434 271 1590 299 substantia
1611 274 1652 300 est
1670 271 1739 299 nihil
1755 271 1868 300 omnino

1022 320 1101 345 est».
1124 317 1192 345 Cum
1224 325 1290 354 ergo
1312 317 1429 352 dicitur,
1457 318 1533 355 quod
1560 317 1691 355 iniquitas
1713 318 1869 347 substantia

1022 371 1077 391 non
1098 367 1139 392 est
1147 375 1154 398 3
1177 364 1337 398 dicendum,
1360 364 1434 402 quod
1450 364 1593 402 iniquitas
1607 365 1743 402 accipitur
1765 365 1870 393 abstra-

1023 413 1065 439 cte
1086 418 1137 447 pro
1159 411 1218 447 ipsa
1233 411 1415 445 deformitate,
1432 419 1485 439 non
1501 420 1551 448 pro
1567 411 1673 446 habitu,
1696 412 1769 441 circa
1784 419 1869 449 quem

1023 455 1184 485 deformitas
1206 457 1338 486 consistit.

1388 551 1454 579 Duo.
1477 551 1508 580 V.

1103 642 1169 670 Item
1191 643 1337 679 quaeritur
1359 644 1393 672 de
1425 644 1476 673 hoc
1498 645 1573 681 quod
1596 646 1676 674 dicit:
1700 646 1870 674 Poenarum

1026 688 1102 716 Dens
1123 693 1206 717 actor
1227 694 1275 717 est.
1293 690 1408 719 Videtur
1430 690 1504 719 enim
1527 692 1579 720 hoc
1602 700 1662 721 esse
1677 692 1788 726 falsum,
1804 693 1871 729 quia

1024 735 1130 764 nullius
1152 739 1193 764 est
1215 736 1289 765 Deus
1310 740 1395 771 actor,
1418 737 1469 765 nisi
1492 738 1565 774 quod
1583 738 1666 767 habet
1681 739 1826 776 exemplar
1843 740 1869 767 in

1024 782 1116 814 Deo⁷;
1139 782 1187 810 sed
1210 790 1306 819 poena,
1326 783 1482 812 secundum
1505 785 1580 821 quod
1602 793 1690 821 poena
1711 794 1765 814 nou
1788 786 1872 814 habet

1026 829 1172 866 exemplar
1194 829 1221 857 10
1244 829 1314 858 Deo:
1338 837 1404 866 ergo
1426 830 1553 865 videtur,
1575 831 1650 868 quod
1672 832 1746 860 Deus
1768 841 1822 860 non
1838 833 1872 861 sit

1024 879 1100 905 actor
1122 884 1235 913 poenae.
1256 893 1295 897 —
1316 876 1392 911 item,
1420 888 1433 903 «
1452 877 1526 905 idem
1547 881 1588 906 est
1604 877 1664 906 fieri
1679 878 1735 907 Deo
1757 882 1872 908 auctore

1025 927 1052 951 et
1083 923 1139 952 Deo
1168 923 1335 952 volentes».
1367 923 1432 958 Sed,
1465 923 1539 952 sicut
1570 924 1636 953 dicit
1667 924 1873 960 Damascenus,

1030 981 1043 996 α
1054 970 1129 999 Deus
1151 979 1203 999 non
1227 970 1375 1007 plasmavit
1396 979 1446 999 nos
1468 971 1503 999 ad
1526 972 1700 1008 puniendum
1709 983 1734 1000 »z
1757 980 1823 1009 ergo
1850 973 1873 1001 si

1024 1018 1081 1046 Deo
1103 1026 1157 1046 non
1185 1018 1296 1055 placent
1323 1018 1397 1046 mala
1425 1026 1545 1055 poenae,
1574 1019 1699 1053 videtur,
1722 1019 1797 1056 quod
1819 1028 1874 1048 non

1025 1065 1079 1094 sint
1101 1065 1136 1093 ab
1159 1065 1218 1102 ipso
1240 1068 1372 1102 tanquam
1394 1064 1429 1093 ab
1451 1068 1552 1094 actore.

1106 1112 1280 1141 Rnsronono:
1296 1112 1460 1146 Dicendum,
1476 1112 1551 1149 quod
1563 1112 1701 1150 quaedam
1714 1116 1787 1147 sunt,
1802 1121 1874 1150 quae

1025 1158 1129 1187 habent
1150 1159 1296 1195 exemplar
1318 1159 1345 1186 in
1368 1158 1424 1187 Deo
1453 1159 1608 1188 secundum
1636 1160 1872 1194 conformitatem,

1026 1213 1097 1243 quae
1120 1205 1273 1234 attenditur
1300 1208 1437 1242 quantum
1463 1205 1498 1234 ad
1524 1214 1582 1234 esse
1608 1214 1706 1235 eorum
1732 1206 1873 1243 spectata

1025 1252 1163 1289 quaedam
1184 1260 1251 1281 vero
1272 1252 1427 1281 secundum
1449 1252 1679 1287 conformitatem,
1696 1262 1767 1290 quae
1788 1257 1873 1282 atten-

1028 1299 1104 1328 ditur
1115 1303 1252 1336 quantum
1268 1299 1304 1328 ad
1315 1308 1375 1328 esse
1383 1299 1525 1337 generale.
1539 1300 1673 1336 Quamvis
1685 1301 1769 1337 igitur
1785 1309 1874 1338 poena

1026 1347 1084 1376 sive
1106 1347 1197 1384 passio
1226 1355 1279 1375 non
1309 1347 1411 1375 habeat
1436 1347 1657 1384 correspondens
1683 1348 1710 1376 in
1732 1348 1789 1376 Deo
1807 1357 1876 1385 pas-

1025 1394 1137 1423 sionem
1161 1394 1205 1422 vel
1227 1401 1361 1431 poenam,
1382 1393 1467 1422 habet
1488 1397 1581 1422 tamen
1603 1395 1824 1431 correspondens
1846 1395 1874 1423 in

1026 1449 1127 1478 genere
1149 1441 1221 1469 entis
1247 1444 1273 1469 et
1294 1441 1322 1469 111
1344 1448 1445 1477 genere
1467 1440 1581 1469 ordinis
1589 1451 1599 1474 ‚·
1620 1444 1646 1469 et
1675 1441 1750 1470 istud
1772 1441 1875 1471 sufficit

1026 1488 1061 1516 ad
1084 1488 1150 1522 1100,
1172 1488 1247 1525 quod
1269 1487 1375 1525 aliquid
1390 1487 1491 1516 habeat
1513 1488 1540 1515 in
1562 1488 1618 1517 Deo
1640 1488 1795 1525 exemplar.

1105 1535 1142 1564 Ad
1166 1535 1243 1563 aliud
1266 1535 1429 1569 dicendum,
1451 1535 1526 1572 quod
1548 1535 1677 1564 voluntas
1699 1535 1726 1563 in
1748 1536 1807 1564 Deo
1827 1536 1876 1564 du-

1026 1582 1093 1619 plex
1115 1585 1172 1616 θεῖ,
1207 1581 1334 1610 videlicet
1366 1582 1534 1610 antecedens
1565 1585 1592 1610 et
1623 1590 1817 1620 eonseqttens;
1848 1585 1875 1611 et

1027 1629 1156 1666 quamvis
1177 1636 1266 1666 poena
1287 1637 1341 1657 non
1363 1629 1398 1657 sit
1419 1637 1436 1656 a
1458 1629 1600 1658 voluntate
1622 1629 1816 1663 antecedente,
1839 1629 1876 1657 ni-

1029 1675 1182 1704 hilominus
1205 1678 1296 1704 tamen
1317 1679 1359 1704 est
1379 1683 1396 1703 a
1417 1675 1560 1704 voluntate
1582 1679 1775 1713 consequente.

1109 1722 1241 1758 Qualiter
1262 1726 1356 1751 autem
1379 1730 1467 1759 poena
1488 1722 1523 1751 sit
1550 1730 1566 1751 a
1587 1722 1644 1751 Deo
1665 1726 1693 1751 et
1713 1731 1802 1760 quae,
1824 1723 1877 1752 1100

1030 1769 1248 1798 determinatum
1264 1772 1305 1802 est
1321 1777 1407 1806 supra
1422 1769 1597 1798 distinctione
1613 1769 1791 1805 praecedenti
1804 1770 1822 1797 ⁹.
1838 1770 1877 1798 Li-

1028 1820 1070 1845 cet
1083 1816 1157 1845 enim
1172 1816 1298 1852 Magister
1310 1815 1391 1850 dicat,
1404 1824 1507 1853 poenas
1528 1824 1543 1844 a
1555 1816 1611 1845 Deo
1629 1825 1698 1851 esse,
1710 1825 1764 1845 non
1784 1819 1877 1845 tamen

1028 1864 1080 1893 hoc
1100 1863 1314 1900 intelligendum
1333 1866 1375 1892 est
1397 1863 1613 1892 mmersatner.
1629 1881 1668 1885 —-
1684 1864 1745 1893 [deo
1764 1864 1799 1893 ad
1816 1864 1876 1899 hoc,

1029 1910 1104 1947 quod
1126 1911 1178 1939 ista
1204 1910 1304 1945 verba,
1320 1918 1392 1947 quae
1407 1910 1540 1938 dicuntur
1562 1911 1589 1939 in
1612 1911 1663 1939 hac
1685 1911 1877 1945 distinctione,

1029 1957 1220 1994 intelligantur
1242 1964 1323 1991 sane,
1345 1957 1502 1985 necessario
1530 1961 1639 1994 oportet
1668 1957 1733 1986 istas
1755 1961 1876 1994 quatuor

1027 2003 1230 2041 propositiones
1245 2007 1377 2041 tanquam
1390 2004 1502 2040 regulas
1511 2004 1529 2018 ¹⁰
1541 2004 1699 2032 infallibiles
1711 2011 1876 2040 supponere.

1029 2052 1154 2087 Quarum
1177 2051 1266 2088 prima
1290 2054 1345 2085 est,
1368 2051 1443 2087 quod
1465 2059 1546 2079 omne
1569 2051 1638 2080 illud
1660 2051 1735 2088 quod
1751 2051 1878 2087 (11011ρο-

1027 2097 1159 2125 sitionem
1175 2097 1311 2134 aliquam,
1327 2101 1368 2126 est
1383 2106 1399 2125 a
1414 2098 1478 2126 Deo.
1495 2098 1621 2126 Secunda
1635 2101 1688 2131 est,
1704 2097 1779 2134 quod
1795 2104 1876 2125 omne

1028 2145 1098 2173 illud
1114 2145 1187 2182 quod
1211 2145 1333 2182 aliquem
1356 2145 1488 2173 ordtnem
1510 2145 1590 2179 dicit,
1613 2145 1640 2173 in
1662 2148 1798 2182 quantum
1827 2145 1876 2173 hu-

1028 2192 1165 2226 iusmodi,
1192 2196 1233 2221 est
1255 2200 1271 2220 a
1291 2192 1357 2221 Deo.
1384 2192 1476 2220 Tertia
1497 2195 1551 2227 est,
1581 2192 1656 2229 quod
1678 2192 1773 2220 nullus
1804 2190 1876 2228 [tese-

187 2364 194 2378 1
215 2365 242 2386 lta
261 2364 314 2386 edd.
335 2365 351 2392 t7
371 2365 391 2391 2,
410 2364 423 2385 3
446 2366 467 2385 et
484 2364 576 2391 plurimi
600 2363 705 2387 (sortasse
722 2364 812 2390 omnes)
837 2363 904 2385 codd.
930 2369 972 2390 pro

125 2404 216 2432 unctor,
237 2403 300 2432 quod
319 2402 459 2425 vocabulum
478 2403 513 2424 1110
531 2401 599 2424 habet
611 2401 669 2429 Vnt„
688 2401 728 2423 sed
742 2402 874 2429 paulopost
891 2401 972 2422 eadem

124 2442 207 2465 *nullus
219 2443 292 2465 actor.
306 2442 367 2464 Idem
382 2441 506 2464 dicendum
519 2441 547 2463 de
560 2442 602 2462 hoc
618 2440 698 2468 vei-bo,
712 2441 801 2468 quoties
820 2440 875 2461 infra
895 2440 916 2461 in
930 2440 972 2461 1100

125 2482 176 2505 015.
189 2482 260 2504 dubio
273 2482 378 2503 occurrit.
393 2481 414 2502 ln
427 2480 479 2503 edd.
493 2480 590 2508 Magistri
604 2480 686 2507 legitur
697 2485 790 2506 semper
801 2479 892 2501 attctor.
906 2478 973 2506 Quod

126 2525 201 2544 autem
220 2528 264 2543 non
282 2522 409 2548 incongrue
428 2521 449 2542 in
468 2520 502 2542 his
521 2520 575 2541 locis
593 2519 663 2540 secuti
687 2519 759 2541 simus
777 2519 882 2546 antiquos
906 2517 973 2539 codd.

126 2563 147 2582 et
164 2559 224 2588 edd.y
242 2561 345 2588 sequitur
362 2565 389 2581 cx
407 2560 522 2581 contextu.
540 2558 571 2579 De
590 2558 714 2579 differentia
733 2558 790 2579 inter
808 2556 920 2578 vocabula
933 2562 974 2578 att.-

127 2600 177 2621 ctor
194 2602 216 2621 et
232 2600 300 2621 actor
316 2598 370 2620 vide
389 2598 519 2624 Forcellini‚
538 2597 634 2619 Lexicon
653 2600 694 2619 etc.

187 2638 197 2652 ⁴2
214 2638 279 2660 Plura
297 2638 326 2660 de
344 2638 387 2660 hae
412 2643 437 2659 re
463 2636 575 2658 habentur
601 2642 670 2663 supra
692 2635 714 2657 d.
734 2635 770 2657 34.
788 2641 808 2657 a.
832 2636 848 2657 l.
866 2637 888 2656 et
906 2635 925 2656 ΞΖ.
944 2646 974 2650 -

128 2677 172 2701 Cfr.
190 2677 218 2699 de
237 2678 279 2699 1100
297 2677 369 2699 dubio
387 2677 408 2698 S.
428 2677 523 2703 Thom.,
550 2676 606 2697 Petr.
625 2681 637 2696 a
655 2675 720 2703 Tar„
748 2674 853 2696 Richard.
873 2680 883 2695 a
904 2673 973 2701 Med,

128 2717 164 2739 hic
181 2718 239 2739 circa
258 2717 301 2744 lit.;
322 2716 395 2744 :Egid
413 2716 447 2743 R..
466 2716 501 2737 liic
519 2714 573 2737 dub.
593 2714 622 2736 lit.
642 2714 662 2736 5.

189 2754 199 2769 ³
217 2755 286 2783 Edd.‚
305 2758 399 2782 excepta
421 2755 443 2781 Ι,
461 2755 567 2776 omittunt
585 2754 643 2775 lianc
666 2753 764 2780 primam
788 2752 973 2773 conclusionem:

128 2800 183 2824 erqo
199 2793 313 2816 videtur...
331 2793 377 2816 dict
393 2792 532 2816 substantia.

190 2832 199 2847 4
217 2833 277 2855 Lihr.
297 2833 319 2854 ll.
338 2832 366 2854 (10
384 2833 477 2859 Anima,
496 2834 547 2853 text.
566 2831 587 2853 2.
605 2830 633 2855 (0.
656 2830 698 2858 1.);
717 2830 744 2852 V.
757 2830 854 2857 Metapli.
867 2832 918 2851 text.
932 2828 971 2857 15,

129 2872 174 2894 Vll.
193 2875 243 2894 text.
261 2872 282 2894 7.
301 2875 322 2894 et
340 2871 384 2898 53,
403 2871 449 2892 ΧΗ.
475 2873 525 2891 text.
557 2869 589 2891 111.
612 2869 658 2897 (IV.
676 2875 695 2891 c.
714 2869 742 2896 8,
761 2869 796 2891 Vl.
815 2875 834 2891 c.
852 2869 873 2890 3.
891 2871 913 2890 et
930 2868 973 2897 -15,

130 2911 166 2933 Xl.
184 2917 203 2933 c.
222 2911 267 2939 3.>;
286 2911 411 2935 Aves-roes,
429 2910 526 2937 Epitom.
544 2909 566 2930 in
584 2908 634 2930 libr.
653 2908 749 2935 llletaph.
768 2910 794 2929 tr.
816 2908 833 2929 1.
852 2910 873 2929 01
891 2908 911 2929 2,

191 2951 200 2965 5
217 2951 275 2973 Vide
294 2951 329 2972 hic
347 2950 376 2971 lit.
396 2949 507 2976 Magistri,
526 2954 544 2969 c.
568 2949 584 2969 1.
602 2954 649 2976 seq.
668 2959 698 2962 —
716 2947 764 2969 Mox
782 2953 824 2975 pro
836 2948 975 2969 nontamen

130 2996 174 3011 non
191 2991 257 3018 pauci
277 2989 356 3015 codd,
375 2989 432 3010 inter
445 2993 503 3016 quos
520 2987 535 3008 F
545 2987 562 3008 li
576 2987 593 3008 T
607 2992 644 3015 cc,
658 2992 710 3009 cum
723 2986 758 3008 ed.
777 2987 781 3008 1
798 2992 845 3009 non
858 2987 957 3009 lantum.

1092 2361 1101 2376 6
1120 2362 1219 2383 Enarrat.
1238 2362 1259 2383 in
1278 2361 1312 2383 Ps.
1331 2361 1368 2383 68.
1386 2367 1454 2383 serm.
1477 2361 1494 2382 l.
1513 2367 1533 2382 n.
1552 2360 1572 2382 5.
1598 2360 1673 2382 Verba
1699 2353 1785 2388 integra
1809 2361 1877 2382 huius

1030 2400 1072 2422 loci
1091 2400 1143 2421 vide
1162 2400 1198 2421 hic
1215 2400 1236 2421 in
1255 2400 1284 2421 lit.
1304 2399 1416 2427 Magistri,
1435 2405 1454 2421 c.
1473 2400 1492 2420 2.
1510 2411 1541 2415 —
1558 2399 1630 2420 Huius
1655 2398 1718 2420 dubii
1740 2399 1876 2420 solutionem

1030 2438 1117 2460 videsis
1134 2439 1201 2460 etiarn
1220 2438 1282 2466 apud
1300 2439 1321 2460 S.
1341 2438 1430 2465 Thom.,
1447 2438 1482 2459 1110
1501 2438 1559 2460 circa
1577 2438 1622 2465 lit.;
1642 2437 1698 2459 Petr.
1717 2443 1729 2459 a
1743 2437 1796 2460 Tar.
1808 2440 1830 2459 et
1842 2437 1877 2459 Ri-

1031 2478 1109 2500 chard.
1127 2485 1138 2500 a
1158 2478 1222 2505 Med„
1241 2478 1277 2499 hic
1294 2478 1353 2500 circa
1372 2478 1417 2505 tit.;
1436 2477 1509 2505 AEgid.
1528 2477 1566 2505 R„
1585 2477 1621 2499 hic
1639 2476 1694 2499 dul).
1713 2477 1742 2498 Iit.
1761 2478 1782 2499 6.

1094 2517 1103 2531 7
1122 2517 1148 2539 Ut
1165 2520 1316 2539 monstratum
1334 2519 1368 2539 est
1386 2517 1400 2538 1.
1420 2517 1479 2538 Sent.
1498 2516 1520 2538 d.
1539 2516 1575 2538 36.
1594 2522 1636 2544 1101
1654 2518 1734 2544 totam,
1752 2517 1877 2544 praecipue

1032 2564 1051 2579 a.
1070 2557 1090 2579 3.
1109 2563 1129 2585 q.
1153 2557 1169 2578 1.
1186 2568 1218 2572 -
1235 2556 1267 2578 De
1282 2555 1372 2578 minori
1388 2556 1427 2577 cfr.
1446 2562 1515 2583 supra
1534 2555 1556 2577 d.
1575 2555 1611 2577 36.
1630 2562 1648 2577 a.
1668 2556 1688 2577 3.
1707 2562 1728 2584 q.
1748 2556 1767 2577 ³1.
1786 2562 1833 2584 seq.

1094 2594 1103 2609 ⁸
1120 2594 1251 2617 Secundum
1270 2595 1379 2622 August,
1398 2594 1426 2615 83
1445 2594 1487 2622 Qq.
1506 2601 1527 2623 q.
1547 2594 1567 2616 3.
1580 2606 1610 2609 —
1624 2594 1709 2616 Textus
1726 2595 1814 2621 integer
1826 2600 1878 2616 ver-

1031 2634 1116 2656 borum
1134 2634 1279 2661 Damasceni,
1299 2639 1357 2661 quae
1375 2632 1488 2655 hahentur
1506 2633 1529 2655 ll.
1547 2633 1577 2655 de
1603 2633 1657 2655 Fide
1680 2633 1769 2655 orthod.
1795 2639 1814 2655 c.
1833 2633 1877 2661 29,

1031 2673 1144 2700 reperitur
1170 2674 1224 2693 tom.
1247 2672 1259 2693 l.
1278 2678 1332 2699 pag.
1350 2671 1402 2699 728,
1422 2674 1473 2693 nota
1492 2672 1512 2693 2.
1530 2671 1582 2693 Loc.
1601 2672 1637 2694 cit.
1656 2671 1810 2693 Damascenus
1827 2677 1878 2699 pro-

1031 2711 1073 2733 fert
1090 2712 1157 2733 011001
1176 2711 1343 2733 distinctionem
1365 2711 1488 2733 voluntatis
1506 2712 1527 2732 in
1544 2711 1685 2733 voluntatem
1707 2710 1878 2734 antecedentem

1031 2753 1052 2773 et
1069 2751 1258 2780 consequentem,
1274 2750 1302 2773 de
1315 2756 1359 2779 qua
1378 2750 1447 2778 paulo
1465 2750 1558 2773 inferius
1575 2756 1651 2773 sermo
1669 2754 1702 2773 est
1713 2754 1735 2772 et
1747 2751 1774 2773 de
1787 2757 1831 2779 qua
1843 2751 1879 2773 vi-

1032 2789 1092 2811 desis
1109 2791 1176 2811 etiam
1196 2789 1208 2811 l.
1227 2790 1287 2811 Scut.
1305 2789 1326 2811 d.
1346 2789 1382 2812 46.
1400 2796 1422 2818 q.
1442 2790 1461 2811 l.

1093 2828 1103 2842 ⁹
1120 2830 1166 2850 Art.
1185 2829 1205 2850 3.
1224 2835 1246 2857 q.
1266 2829 1285 2850 1.
1303 2835 1351 2857 seq.
1368 2841 1400 2845 —
1417 2828 1520 2851 Subinde
1537 2835 1580 2856 pro
1597 2828 1660 2852 Licet
1675 2828 1737 2851 enim
1754 2829 1822 2857 edd,
1843 2836 1878 2852 ex-

1032 2870 1097 2895 cepta
1117 2868 1141 2895 1,
1160 2867 1301 2890 substituunt
1316 2867 1379 2890 Licet
1395 2868 1482 2890 antem.
1501 2868 1569 2890 Paulo
1587 2870 1638 2889 ante
1656 2867 1706 2890 cod.
1721 2868 1749 2889 W
1766 2869 1787 2890 et
1803 2874 1878 2898 quare

1032 2913 1074 2935 pro
1092 2908 1112 2929 et
1129 2913 1198 2936 (litae.

1095 2945 1113 2959 10
1131 2945 1201 2968 Codd.
1219 2946 1260 2968 EF
1278 2945 1421 2974 subiungant
1432 2945 1577 2969 necessarias
1595 2947 1622 2975 et,
1640 2946 1707 2969 codd.
1724 2947 1739 2968 A
1751 2947 1823 2969 BDK
1834 2947 1852 2969 O
1864 2947 1878 2969 Ρ

1032 2986 1077 3014 QR
1088 2986 1102 3007 S
1113 2986 1130 3006 T
1142 2985 1170 3007 W
1188 2988 1210 3007 et
1227 2986 1262 3007 alii
1280 2985 1413 3015 neqcztivas,
1432 2985 1482 3008 cod.
1501 2985 1517 3008 C
1534 2986 1610 3008 adiicit
1626 2985 1748 3015 negativas
1765 2987 1793 3008 et.

1897 1958 1980 1981 Quatuor
1990 1963 2018 1975 rt:-

1891 1982 1950 2004 gulae.
