2243 3425
0 1385 2 1390 ¹
15 1379 133 1398 undamenta.

773 157 855 186 DlST.
878 157 920 186 IV.
943 157 1015 186 ART.
1037 157 1077 185 ΙΙΙ.
1100 157 1236 194 QUAEST.
1258 158 1276 186 Ι.

143 236 169 264 Si
185 244 252 273 ergo
273 236 393 273 quilibet
409 236 468 265 dies
483 236 568 265 habet
583 244 665 265 mane
680 240 707 265 et
728 244 892 273 vesperam,
908 240 935 264 et
951 236 994 264 isti

143 284 202 313 dies
224 284 339 313 fuerunt
360 292 376 312 a
401 284 538 321 principio
570 284 736 313 conditionis
757 283 914 320 angelicae,
938 283 996 320 qui-

143 331 210 359 libet
230 331 351 368 Angelus
376 331 476 359 habuit
507 331 691 368 cognitionem
716 330 881 359 matutinam
904 333 931 359 et
952 338 996 358 ve-

142 378 296 415 spertinam
319 386 335 406 a
356 386 424 407 suae
445 378 593 407 creationis
614 378 778 415 primordio.

222 426 248 453 2.
270 425 354 460 Item,
377 425 451 453 idem
479 425 652 461 Augustinus
678 426 778 461 quarto
804 431 890 461 super
912 424 995 452 Gene-

142 473 194 501 sim
226 473 261 501 ad
294 473 454 501 litteram¹:
492 472 592 501 «Mens
624 471 763 508 angelica,
785 479 858 508 pura
879 479 994 500 caritate

142 519 291 548 inhaerens
313 519 405 549 Verbo
426 519 491 554 Dei,
513 523 696 556 posteaquam
717 519 766 547 illo
787 518 885 547 ordine
900 522 994 547 creata

142 570 199 601 est,
223 570 253 595 ut
281 567 463 604 praecederet
499 566 608 600 onmia,
636 565 717 602 prius
744 565 815 594 vidit
843 565 872 593 in
902 565 994 594 Verbo

141 614 190 643 Dei
212 614 339 644 facienda
359 622 431 651 quae
452 614 524 642 facta
546 617 650 642 sunt».
673 612 699 640 Si
715 620 781 649 ergo
800 612 894 641 onmia
909 612 994 641 simul

141 661 253 690 condita
273 664 354 695 sunt,
376 668 489 689 necesse
520 663 577 694 est,
610 659 684 696 quod
715 659 786 688 lianc
808 659 993 696 cognitionem

141 708 240 737 habuit
261 707 382 745 Angelus
403 707 438 735 ab
461 707 574 736 instanti
606 707 767 741 creationis3
795 706 843 735 sed
874 706 993 744 cognitio

140 756 167 784 in
191 755 282 784 Verbo
304 758 345 783 est
366 754 486 791 cognitio
507 754 657 782 matutina:
680 762 747 791 ergo
769 757 820 782 etc.

221 802 247 831 3.
269 802 352 836 Item,
373 801 543 838 Dionysius²
565 801 650 835 dicit,
683 801 759 838 quod
786 801 904 838 «Angeli
928 804 994 829 sunt

141 849 248 878 lumina
259 860 286 882 u,
315 856 381 885 ergo
410 848 485 886 quod
517 848 637 885 Angelus
659 848 735 876 videt
767 848 793 876 in
817 856 846 877 se
867 848 944 876 videt
965 848 993 876 in

140 896 262 924 lumine:
285 903 351 932 ergo
373 895 395 923 si
419 895 538 932 cognitio
568 895 704 923 matutina
736 903 768 923 eo
797 895 858 932 ipso
890 895 994 924 dicitur

140 943 293 976 matutina,
316 943 382 980 quia
404 946 446 971 est
467 943 495 971 in
518 942 640 976 lumine.
663 950 727 971 cum
749 942 844 980 Angeli
866 942 919 971 hoc
948 943 994 971 ha-

140 990 255 1019 buerint
276 998 292 1018 a
308 998 359 1018 sua
381 990 537 1024 creatione,
558 993 635 1027 patet
657 992 708 1018 etc.

219 1038 246 1066 4.
268 1038 352 1072 ltem,
374 1037 468 1074 Angeli
491 1041 555 1066 ante
576 1037 686 1074 lapsum
717 1037 743 1066 in
766 1037 904 1074 principio
926 1045 993 1066 suae

140 1085 306 1114 conditionis
322 1085 332 1100 ³
354 1084 461 1113 nullam
490 1084 632 1113 habebant
662 1084 855 1122 impuritatem
887 1085 993 1121 peccati

140 1140 191 1161 nec
212 1132 411 1161 obscuritatem
435 1132 548 1161 mentis:
571 1140 637 1169 ergo
659 1132 784 1166 videtur,
807 1131 881 1169 quod
905 1132 995 1169 cogni-

140 1180 178 1209 tio
200 1188 299 1209 eorum
321 1182 394 1209 esset
415 1179 535 1216 cognitio
557 1179 646 1208 clara:
677 1187 743 1216 ergo
766 1179 894 1213 videtur,
917 1179 993 1216 quod

141 1227 293 1261 matutina3
322 1230 349 1255 et
380 1226 418 1254 ita
443 1227 478 1254 ab
510 1226 623 1254 instanti
657 1226 806 1255 creationis
838 1226 993 1262 cognitione

141 1274 278 1303 matutina
300 1273 415 1311 perfecti
438 1276 511 1301 sunt.

220 1321 351 1350 CONTRA:
378 1322 401 1348 l.
424 1320 549 1357 Cognitis)
571 1321 708 1348 matutina
730 1323 772 1349 est
794 1321 923 1357 cognitio,
938 1329 994 1358 qua

144 1369 206 1406 quis
228 1368 369 1406 cognoscit
389 1368 417 1396 in
440 1368 500 1405 ipso
522 1367 629 1401 Verbo;
651 1368 744 1396 sedin
760 1367 851 1397 Verbo
873 1376 926 1396 non
949 1377 995 1405 po-

141 1419 195 1445 test
215 1416 317 1453 aliquis
339 1415 445 1452 aliquid
468 1415 580 1449 videre,
603 1414 655 1443 nisi
671 1415 765 1443 videat
780 1414 914 1447 Verbum.
930 1415 995 1443 Ver-

142 1464 209 1492 bum
242 1466 336 1492 autem
369 1463 465 1491 nullus
493 1465 584 1499 potest
615 1462 712 1490 videre
741 1462 793 1491 nisi
824 1462 938 1491 Beatus:
972 1463 993 1491 si

142 1519 209 1547 ergo
230 1510 324 1547 Angeli
351 1510 378 1538 in
408 1509 545 1547 principio
574 1517 641 1538 suae
673 1509 840 1538 conditionis
862 1518 917 1538 non
939 1510 996 1538 sue-

142 1562 209 1587 runt
230 1558 319 1592 beati,
341 1558 413 1586 sicut
435 1557 540 1594 supra⁴
562 1557 713 1594 probatum
735 1561 792 1591 est,
814 1564 881 1594 ergo
903 1561 954 1586 etc,

222 1607 248 1633 2.
271 1605 351 1639 ltem,
374 1604 425 1633 lux
457 1605 575 1633 faciebat
607 1612 724 1641 vespere
756 1607 783 1633 et
816 1612 913 1639 mane:
946 1605 994 1634 sed

148 1652 224 1680 «lux
247 1652 313 1681 dicit
335 1652 489 1689 angelicam
512 1655 642 1680 naturam
659 1651 847 1685 formatam»,
870 1652 943 1680 sicut
957 1652 996 1681 di-

142 1699 178 1728 cit
200 1699 371 1736 Augustinus
393 1702 419 1727 et
442 1706 529 1736 super
544 1698 690 1727 Genesim³³
706 1702 733 1727 et
748 1699 782 1727 de
798 1698 929 1733 Civitate;
945 1699 993 1728 sed

142 1747 261 1775 formata
294 1746 345 1774 fuit
377 1754 427 1783 per
459 1746 577 1783 gratiam
610 1749 637 1774 et
669 1746 796 1783 gloriam.
826 1746 895 1774 Cum
928 1754 995 1783 ergo

142 1794 235 1831 Angeli
260 1802 308 1823 nec
332 1794 450 1831 gratiam
472 1802 523 1822 nec
544 1793 662 1831 gloriam
686 1793 837 1822 babueriut
866 1794 893 1822 in
922 1794 995 1830 prin-

143 1842 215 1879 cipio
237 1841 417 1875 conditionis,
440 1841 505 1878 quia
527 1849 581 1869 non
603 1845 695 1869 055001
718 1841 803 1878 lapsi:
827 1849 894 1877 ergo
915 1844 967 1869 etc.

222 1888 247 1917 3.
270 1888 353 1922 Item,
376 1888 397 1916 si
422 1888 447 1916 10
472 1888 608 1925 principio
637 1888 803 1916 conditionis
832 1888 995 1916 babuerunt

94 1947 97 1950 ’
143 1935 327 1973 cognitionem
358 1935 537 1969 matutinam,
570 1942 633 1963 cum
667 1934 818 1963 daemones
850 1935 995 1963 habeant⁶

144 1984 195 2012 sibi
226 1984 288 2012 data
322 1983 429 2019 integra
462 1986 489 2011 et
521 1982 760 2019 splendidissima,
784 1982 907 2010 maxime
923 1991 994 2020 quae

144 2034 269 2068 spectant
300 2030 335 2058 ad
365 2030 563 2066 cognitionem,
592 2037 659 2066 ergo
680 2029 773 2058 adhuc
796 2029 932 2058 haherent
954 2038 995 2057 co-

144 2077 293 2115 gnitionem
319 2077 500 2111 matutinamg
523 2077 573 2105 sed
594 2076 714 2113 cognitio
736 2077 872 2104 matutina
895 2080 935 2105 est
968 2077 994 2105 in

143 2125 234 2154 Verbo
256 2128 283 2153 et
304 2125 331 2153 in
355 2124 509 2153 rationibus
530 2124 662 2152 aeternis:
686 2132 752 2161 ergo
773 2124 924 2152 daemones
950 2124 996 2152 ad-

143 2173 199 2201 huc
229 2172 365 2201 haberent
394 2172 475 2200 istam
507 2171 710 2208 cognitionem;
732 2171 807 2208 quod
829 2175 871 2200 est
899 2175 996 2200 contra

144 2219 328 2257 Augustinum
352 2219 386 2247 de
409 2219 553 2253 Civitate⁷,
576 2219 623 2256 qui
646 2219 713 2247 dicit
735 2218 769 2247 de
784 2218 903 2246 Christo.
920 2219 994 2255 quod

149 2267 293 2295 «innotuit
315 2266 499 2295 daemonibus
521 2274 575 2294 non
601 2273 650 2302 per
674 2266 700 2294 id
730 2265 805 2302 quod
827 2269 869 2294 est
892 2266 947 2293 vita
969 2269 996 2294 et

144 2314 239 2343 lumen
273 2313 517 2343 incomnmtabile.
550 2313 598 2342 sed
628 2321 677 2350 per
707 2313 846 2350 quaedam
870 2312 940 2341 lucis
961 2313 996 2341 es-

144 2362 215 2390 secla
230 2373 256 2388 ».

1852 161 1903 191 139

1132 236 1158 264 [ι.
1182 236 1265 271 Item,
1288 237 1359 265 sicut
1380 241 1456 274 patet
1477 246 1513 266 ex
1535 242 1630 273 textu,
1656 247 1773 276 vespere
1795 248 1905 277 praece-

1053 282 1093 310 dit
1116 291 1214 315 mane;
1235 284 1311 312 unde
1333 284 1451 313 dicitur:
1475 286 1600 314 Factum
1623 290 1663 314 est
1685 288 1821 324 vespere⁸
1841 292 1902 323 etc„

1053 337 1120 366 ergo
1145 330 1265 366 cognitio
1296 332 1456 368 vespertina
1488 333 1671 368 matutinam3
1704 335 1751 363 sed
1784 335 1904 372 cognitio

1055 377 1213 414 vespertina
1235 378 1363 415 sequitur
1385 380 1563 408 existentiam
1579 387 1692 413 rerum,
1708 381 1780 410 sicut
1801 382 1904 411 dicitur

1052 432 1139 461 super
1161 424 1289 454 Genesim
1321 426 1355 454 ad
1389 426 1510 455 litteram
1533 427 1605 456 libro
1627 431 1744 465 quarto,
1767 429 1815 458 ubi
1838 429 1906 459 dicit

1052 471 1241 508 Augustinus:
1270 472 1350 501 «Nisi
1371 473 1451 501 orius
1480 473 1514 502 sit
1543 474 1619 511 quod
1641 479 1840 512 cognoscatur,
1863 485 1905 505 co-

1053 518 1217 554 ζ(1005011100
1232 522 1324 556 potest
1334 530 1361 547 »z
1384 528 1451 556 ergo
1473 521 1592 557 cognitio
1614 522 1751 551 matutina
1777 523 1905 560 sequitur

1052 565 1257 602 vespertinam:
1281 574 1348 603 ergo
1370 570 1494 603 oportet,
1527 569 1602 605 quod
1637 569 1671 598 sit
1692 574 1754 607 post
1785 571 1904 600 existen-

1053 611 1118 640 tiam
1142 620 1254 640 rerum:
1278 620 1344 650 ergo
1366 622 1421 642 non
1436 614 1489 642 fuit
1504 619 1650 644 concreata
1665 617 1775 653 Angelis
1794 626 1810 645 a
1831 618 1905 655 prin-

1052 667 1133 696 cipio.

1133 707 1178 735 Est
1200 707 1285 744 igitur
1307 708 1449 745 quaestio,
1465 709 1486 736 si
1503 710 1595 738 omnia
1612 710 1696 739 simul
1718 715 1811 740 creata
1827 712 1971 755 sunt‚D;¹g¹gi
1987 714 2045 755 effes}-

1052 753 1172 790 qualiter
1204 754 1325 791 Angelus
1356 755 1447 791 potuit
1478 763 1645 792 cognoscere
1674 766 1719 786 res
1741 758 1848 788 fiendas
1869 759 1904 788 de
2042 750 2046 754 ’

1051 800 1143 837 primo
1165 801 1343 829 010111151-
1358 802 1493 836 Rursus,
1516 803 1538 831 si
1560 805 1699 832 matutina
1721 806 1840 842 cognitio
1862 810 1905 835 est

1052 847 1188 884 gloriosa,
1210 849 1352 885 quomodo
1373 849 1463 886 potuit
1485 857 1546 879 esse
1567 850 1595 879 in
1617 851 1726 888 Angelis
1748 860 1764 880 a
1786 861 1837 882 suo
1851 854 1906 891 pri-

1053 894 1175 927 mordiO.
1197 903 1262 923 cum
1284 903 1381 924 omnes
1396 896 1528 934 aequales
1550 897 1669 932 fuerint,
1686 899 1756 927 sicut
1779 900 1905 937 Augusti-

1052 949 1106 970 nus
1120 942 1234 971 videtur
1256 943 1327 972 velle
1349 943 1384 972 ad
1407 943 1537 973 Orosium
1553 945 1571 979 ⁹,
1593 949 1621 974 et
1642 946 1772 983 Magister
1788 947 1854 976 dicit
1876 949 1903 977 in

1052 989 1167 1018 littera?

1356 1094 1597 1117 CONCLUSIO.

1052 1178 1159 1216 Auyelt'
1179 1187 1199 1207 α
1229 1188 1288 1208 sud
1320 1180 1466 1208 creatione
1493 1190 1552 1210 ‘non
1581 1181 1749 1211 habueruut
1770 1184 1905 1222 009111110-

1132 1234 1198 1253 nem
1231 1226 1431 1261 11111111111111111,
1462 1228 1523 1256 1111ςὶ
1557 1227 1627 1257 lutee
1660 1230 1842 1269 z'utellz'yatttr
1875 1232 1905 1260 m

1131 1281 1218 1301 sensu
1241 1273 1379 1311 largyz'ore.

1134 1367 1314 1396 RESPONDEO:
1337 1368 1513 1404 Dicendum,
1543 1371 1617 1408 quod
1646 1371 1720 1400 circa
1742 1372 1794 1401 hoc
1815 1373 1905 1402 diver-

1053 1422 1099 1443 sae
1122 1418 1187 1443 sunt
1207 1415 1373 1452 positiones,
1395 1425 1467 1453 quae
1489 1422 1663 1455 consurgunt
1685 1427 1721 1448 ex
1737 1420 1905 1450 diversifica-

1053 1461 1127 1490 tione
1150 1462 1301 1491 verborum
1324 1464 1469 1500 Augustini
1491 1464 1517 1492 in
1542 1465 1592 1494 liac
1616 1466 1740 1495 materia.

1133 1509 1252 1545 Quidam
1275 1511 1362 1542 enim,
1384 1511 1559 1540 attendentes
1591 1513 1626 1541 ad
1648 1513 1735 1542 verba
1757 1515 1903 1552 Augustini
1917 1520 1985 1544 Opinio
2001 1520 2018 1538 ¹·

1054 1564 1140 1593 super
1173 1556 1299 1585 Genesim
1333 1557 1367 1585 ad
1398 1557 1535 1593 litteram,
1558 1559 1670 1595 dicunt,
1692 1561 1767 1598 quod
1789 1562 1902 1598 quando

1053 1604 1219 1641 quaeritur,
1243 1607 1338 1632 utrum
1362 1605 1455 1642 Angeli
1477 1614 1492 1633 a
1516 1606 1653 1644 principio
1668 1615 1735 1637 suae
1757 1609 1905 1638 creationis

1053 1652 1237 1688 cognitionem
1254 1651 1406 1681 habuerint
1420 1653 1610 1688 11111111111111111,
1622 1654 1749 1683 facienda
1764 1660 1806 1684 est
1821 1656 1863 1685 vis
1875 1656 1906 1684 ¹⁰:

1053 1703 1102 1728 aut
1123 1700 1196 1727 enim
1220 1700 1367 1736 quaeritur
1389 1700 1423 1728 de
1446 1700 1597 1735 omnibus,
1620 1705 1668 1730 aut
1690 1702 1725 1731 de
1746 1703 1904 1741 aliquibus.

1054 1746 1080 1774 Si
1096 1746 1130 1774 de
1146 1746 1296 1780 ommibus,-
1317 1747 1356 1775 sic
1378 1748 1557 1784 respondent,
1573 1749 1649 1786 quod
1671 1758 1726 1778 non
1742 1758 1838 1779 001005
1861 1751 1907 1779 ha-

1053 1793 1185 1822 buerunt.
1208 1794 1316 1822 Lucifer
1339 1794 1413 1822 enim
1435 1803 1580 1832 nunquam
1601 1796 1699 1824 habuit
1721 1797 1904 1833 cognitionem

1054 1841 1232 1873 matutinam,
1256 1841 1322 1877 quia
1348 1849 1493 1878 nunquam
1527 1842 1649 1871 divinam
1673 1843 1764 1872 lucem
1787 1845 1857 1873 vidit
1879 1845 1906 1873 in

1054 1896 1082 1917 se
1104 1888 1178 1925 ipsa,
1211 1887 1283 1916 sicut
1303 1888 1330 1916 in
1353 1889 1582 1918 antecedentibus
1605 1894 1791 1919 monstratum
1824 1895 1866 1920 est
1878 1892 1904 1920 ¹¹.

1053 1935 1078 1963 Si
1102 1939 1195 1963 autem
1219 1938 1373 1972 quaeratur
1394 1936 1429 1964 de
1451 1936 1619 1974 (1111]1ι1“ἰ)11.ς;
1642 1938 1680 1966 sic
1703 1939 1814 1973 dicunt,
1830 1939 1905 1976 quod

1054 1981 1233 2015 habuerunt,
1265 1982 1331 2019 quia
1364 1983 1447 2011 simul
1481 1987 1606 2020 tempore
1628 1988 1693 2012 sunt
1715 1985 1798 2014 creati
1822 1989 1849 2014 et
1869 1986 1905 2014 ad

1052 2029 1143 2058 Deum
1175 2037 1225 2066 per
1257 2029 1375 2067 gloriam
1398 2032 1544 2065 conversi,
1567 2035 1593 2060 et
1615 2032 1641 2060 iu
1673 2033 1770 2061 eodem
1793 2033 1905 2062 instanti

1053 2080 1119 2105 sunt
1140 2077 1251 2105 formati
1283 2080 1310 2105 et
1331 2085 1347 2105 a
1370 2078 1492 2106 tenebris
1513 2079 1611 2113 divisi,
1637 2083 1663 2107 et
1686 2079 1713 2107 in
1740 2080 1837 2109 eodem
1860 2088 1905 2109 res

1053 2131 1150 2152 omnes
1172 2128 1363 2161 cognoverunt
1385 2125 1541 2153 secundum
1557 2134 1642 2154 suum
1658 2127 1787 2155 ordinem
1802 2131 1829 2156 et
1844 2136 1905 2156 con-

1053 2171 1220 2206 nexionem,
1243 2175 1270 2200 et
1292 2172 1344 2201 hoc
1367 2173 1393 2200 10
1416 2173 1476 2210 ipso
1498 2173 1599 2202 Verbo.
1622 2174 1698 2210 Quae
1720 2183 1784 2209 res,
1806 2176 1857 2204 etsi
1877 2176 1904 2204 in

1054 2219 1152 2248 eodem
1175 2219 1287 2247 instanti
1309 2222 1336 2248 et
1358 2219 1442 2248 simul
1466 2228 1529 2248 cum
1552 2221 1662 2257 Angelis
1684 2221 1788 2250 suerint
1813 2223 1905 2251 condi-

1054 2269 1113 2300 tae,
1144 2269 1234 2294 tamen
1267 2266 1436 2303 Angelorum
1468 2267 1624 2296 conditione
1654 2271 1680 2296 et
1713 2268 1838 2304 ipsorum
1869 2269 1905 2297 ad

1055 2312 1144 2340 Deum
1167 2312 1348 2341 conversione
1370 2317 1436 2341 sunt
1457 2314 1626 2350 posteriores
1648 2318 1750 2342 natura
1771 2318 1798 2343 et
1819 2314 1907 2352 digni-

1054 2362 1123 2393 tate,
1145 2362 1171 2387 et
1195 2359 1256 2387 ideo
1279 2359 1399 2394 dicitur,
1422 2361 1496 2397 quod
1519 2361 1612 2398 Angeli
1634 2362 1661 2389 in
1684 2361 1775 2389 Verbo
1808 2370 1906 2399 cogno-

208 2503 215 2518 ¹
234 2503 289 2531 Cap.
308 2504 344 2525 32.
363 2510 383 2525 n.
404 2502 431 2525 >19
443 2521 449 2530 ,
466 2503 505 2525 ubi
524 2505 597 2525 textus
614 2503 731 2530 originalis
749 2503 851 2525 ultimam
869 2503 995 2525 verborum

144 2547 233 2572 partem
251 2544 279 2565 ita
298 2542 403 2565 exhibet:
422 2546 446 2564 ut
464 2542 612 2570 praecederet
632 2543 725 2570 cetera,
750 2543 815 2570 prius
840 2548 867 2564 eu
892 2542 949 2564 vidit
974 2543 996 2564 in

144 2583 222 2605 Verbo
241 2583 280 2605 Dei
298 2582 415 2608 facienda,
433 2587 507 2610 quum
524 2582 581 2604 sacta
599 2584 658 2603 sunt.
676 2594 707 2597 —
720 2581 812 2603 patrimi
831 2581 898 2603 codd.
917 2588 997 2609 1101110·

144 2629 193 2645 ram
210 2623 291 2652 posteo
309 2621 365 2645 cidit
381 2628 423 2649 pro
440 2621 509 2651 prius
525 2621 588 2644 viclit.

209 2661 218 2675 2
234 2660 278 2683 Csr.
297 2666 366 2687 supra
385 2666 437 2687 pag.
453 2659 494 2688 83,
514 2662 565 2681 nota
588 2660 604 2681 l.

207 2699 217 2714 3
234 2700 313 2721 Plures
330 2699 397 2722 codd.
416 2699 549 2723 creationis.
808 2697 817 2711 4
834 2698 880 2719 Art.
903 2698 920 2719 1,
934 2704 955 2725 11.
979 2698 994 2719 1.

208 2738 218 2753 ⁵
235 2738 295 2760 Libr.
314 2739 328 2760 l.
347 2745 365 2760 c.
380 2739 432 2766 3-53
451 2745 469 2761 c.
489 2739 509 2761 9.
528 2741 550 2760 et
568 2744 586 2760 c.
609 2737 642 2759 17.
655 2749 686 2753 —
699 2737 736 2759 Xl.
755 2737 783 2759 de
796 2736 844 2759 civ.
865 2737 918 2764 Dei,
937 2743 956 2758 c.
975 2737 995 2758 9.

149 2778 182 2799 11.
205 2778 237 2799 19.
258 2778 294 2799 20.

208 2816 217 2831 6
236 2817 314 2839 Plures
331 2816 398 2838 codd.
417 2820 440 2838 ut
457 2815 567 2838 AHIMO
586 2815 673 2837 addunt
696 2814 827 2837 naturalia.
854 2814 898 2836 Csr.
925 2821 995 2842 supra

147 2862 198 2884 pag.
222 2856 276 2883 122,
297 2858 348 2877 nota
367 2855 388 2877 8.
407 2855 475 2877 Paulo
492 2855 599 2883 superius
625 2853 691 2876 codd.
715 2853 760 2875 MX
779 2854 831 2875 voci
857 2852 996 2876 conditionis

146 2895 278 2924 praefigunt
294 2900 358 2917 sime.

209 2934 219 2948 ⁷
236 2933 296 2956 Libr.
315 2933 352 2955 lx.
371 2939 388 2955 c,
409 2933 432 2954 21
448 2951 453 2961 ,
471 2932 511 2954 ubi
529 2934 603 2954 textus
620 2932 752 2959 originalis:
770 2930 811 2953 sed
819 2937 863 2960 per
879 2930 996 2961 {suffredum

147 2972 286 3002 temporalia
297 2978 354 2995 suae
366 2972 459 2995 rit-tutis
471 2971 552 3001 effecta
561 2977 603 3000 pro
612 2970 653 2993 secl
659 2977 703 3000 per
712 2970 829 3000 quaedam
839 2970 898 2993 lacis
908 2971 995 3000 effecta.

1117 2501 1126 2515 ²³
1144 2503 1199 2523 tien.
1222 2502 1226 2523 1
1243 2519 1247 2529 ,
1266 2501 1286 2523 ’3.
1303 2513 1336 2516 -
1353 2501 1438 2522 Tcxtus
1455 2501 1591 2529 Augustini,
1610 2502 1648 2529 qui
1667 2508 1719 2524 mox
1737 2502 1854 2531 allegatur,
1872 2506 1906 2525 est

1054 2541 1096 2563 loc.
1115 2541 1150 2562 cit.
1169 2547 1188 2562 (·.
1207 2541 1244 2562 32.
1262 2547 1283 2562 n.
1303 2540 1338 2562 49.
1356 2552 1388 2556 —
1405 2540 1526 2568 Aliquanto
1547 2541 1641 2563 inferius
1664 2542 1742 2569 plures
1765 2542 1831 2564 codd.
1857 2548 1906 2566 11οη

1053 2579 1098 2608 suit
1115 2579 1170 2602 dala
1189 2586 1231 2607 pro
1248 2585 1295 2602 uon
1307 2578 1353 2607 fuit
1365 2580 1497 2607 concreata,
1516 2582 1537 2602 ct
1555 2580 1607 2602 dein
1625 2584 1677 2608 post
1688 2581 1729 2603 Es!
1746 2581 1820 2610 iyitur
1837 2588 1905 2612 quae-

1053 2619 1097 2642 stio
1115 2622 1193 2641 contra
1211 2618 1278 2640 codd.
1298 2618 1376 2640 BDEl
1394 2625 1419 2640 cc
1436 2622 1458 2641 et
1475 2619 1510 2640 ed.
1534 2619 1539 2640 1
1562 2623 1607 2642 tam
1626 2620 1647 2641 in
1666 2620 1715 2642 aliis
1732 2626 1786 2643 mss.
1800 2628 1870 2650 quam
1883 2622 1904 2644 in

1053 2658 1103 2680 Vat.
1122 2658 1214 2680 additur
1230 2656 1353 2687 quomodo.

1116 2696 1126 2710 9
1144 2696 1235 2724 Quacst.
1258 2695 1290 2717 17.
1308 2708 1339 2712 —-
1356 2696 1469 2718 Sententia
1494 2697 1593 2725 Magistri
1619 2698 1706 2720 elicitur
1732 2705 1758 2720 cx
1784 2703 1905 2727 praesente

1055 2735 1213 2763 distinctione⁷
1232 2736 1253 2757 in
1272 2741 1316 2764 qua
1336 2735 1390 2758 dicit
1407 2736 1506 2764 Angelos
1529 2737 1636 2766 aequales
1661 2738 1766 2761 conditos
1793 2742 1904 2768 quantum

1054 2774 1086 2797 ud
1102 2775 1210 2802 statam
1227 2774 1277 2797 dist.
1297 2774 1328 2796 111.
1347 2781 1366 2796 0.
1385 2775 1405 2796 3.
1424 2779 1515 2803 autem,
1534 2775 1577 2798 sub
1595 2776 1642 2799 ulio
1661 2779 1782 2806 respectu,
1804 2780 1905 2807 Angelos

1054 2815 1185 2843 inaequales
1203 2813 1307 2836 conditos
1325 2820 1375 2836 esse
1393 2814 1466 2836 docet.

1118 2852 1137 2867 10
1154 2853 1241 2880 Supple
1259 2859 1312 2875 cum
1330 2853 1397 2876 codd.
1416 2854 1450 2882 lQ
1468 2853 1500 2876 bb
1517 2854 1542 2877 in
1560 2854 1642 2883 verbo,
1662 2856 1708 2878 scil.
1732 2856 1903 2885 distinguendo.

1119 2892 1136 2906 Π
1155 2893 1200 2915 Art.
1223 2893 1240 2914 1.
1258 2899 1280 2921 q.
1304 2893 1320 2914 1.
1338 2892 1383 2915 Csr.
1401 2894 1468 2915 etiam
1488 2893 1508 2915 d.
1528 2894 1548 2916 3.
1566 2901 1589 2922 p.
1601 2895 1623 2916 ll.
1637 2901 1656 2917 a.
1676 2896 1696 2917 ⁶2.
1715 2902 1736 2924 q.
1756 2896 1776 2918 2.
1792 2908 1823 2912 —
1835 2896 1904 2918 Paulo

1054 2932 1148 2954 insci-ius
1165 2936 1217 2960 post
1233 2932 1361 2954 secundum
1380 2934 1401 2955 cl
1417 2932 1441 2955 in
1453 2933 1532 2956 eodem
1550 2934 1599 2956 Vat.
1618 2935 1710 2962 supplet
1727 2935 1831 2959 instcmtz'.
