2243 3425
699 178 785 206 DlST.
810 178 851 206 tx.
873 178 945 206 ART.
970 178 1085 207 UNICUS
1107 178 1244 214 QUAEST.
1266 178 1307 206 tx.
1816 182 1872 209 ⁹257

204 256 230 283 2.
252 256 334 287 Item,
357 263 453 284 omnes
476 256 603 284 homines
623 264 659 284 ex
691 264 747 284 uno
769 256 881 285 homine
912 264 974 293 pro-

125 305 283 330 cesserunt:
307 309 374 338 ergo
395 302 520 336 videtur,
553 302 628 339 quod
650 305 787 340 quantum
809 305 851 330 est
872 302 907 330 de
928 310 973 330 na-

125 353 189 377 tura
210 357 273 383 sua,
295 349 350 378 sint
370 357 464 385 pares:
488 357 554 386 ergo
569 357 623 377 non
646 349 773 383 videtur,
789 349 863 386 quod
887 349 974 377 homi-

124 396 207 424 nibus
228 399 366 432 competat
387 396 456 424 ordo
478 404 528 433 per
544 399 681 424 naturam.
700 396 811 431 Quodsi
825 399 855 424 tu
877 395 971 429 dictes,

123 442 199 479 quod
232 442 363 479 competit
395 442 434 471 eis
466 450 516 479 per
547 442 742 479 gratian13—
773 450 836 470 cum
851 442 860 457 1
884 442 972 478 gratia

123 492 331 525 praesupponat
353 492 494 523 naturam,
510 496 576 525 ergo
591 492 618 517 et
632 488 701 516 ordo
716 488 821 524 gratiae
843 488 970 516 ordinem

123 539 254 564 naturae:
278 544 344 573 ergo
366 536 387 565 si
410 544 463 564 non
486 538 528 564 est
549 535 617 563 ordo
640 538 769 569 naturae,
784 543 835 563 nec
857 535 971 571 gratiae.

203 582 227 611 3.
250 583 332 616 Item,
354 583 466 611 ordines
498 582 664 618 Angelorum
693 581 906 618 distinguuntur
927 589 972 618 pe-

123 637 172 658 nes
194 629 249 657 vin]
283 629 537 666 contemplativam
570 631 597 657 et
629 629 685 656 vim
718 628 970 662 mz'nz'strcttivctm;

123 676 172 704 sed
194 677 221 704 in
242 676 390 704 animabus
411 676 505 704 exutis
526 683 580 704 non
602 678 644 704 est
664 683 767 712 ponere
790 675 845 703 vim
878 675 970 703 (011111-

121 723 328 751 nistratz‘vcmz:
352 730 418 759 ergo
439 730 490 751 nec
511 722 642 751 ordinum
665 722 880 751 distinctionem.

200 769 226 797 [1.
249 769 329 803 Item,
350 769 371 797 si
394 772 514 805 ponatur
537 769 606 797 ordo
628 769 653 796 in
677 768 777 805 gloria,
800 768 883 797 debet
904 768 968 804 poni

121 816 190 844 ordo
211 815 433 852 correspondens
455 815 602 844 ordinibus
629 815 747 852 repertis
769 815 796 843 in
819 815 878 843 via:
902 823 968 852 ergo

121 871 183 891 cum
207 863 234 891 in
257 863 332 891 clero
353 863 407 891 sint
430 862 509 891 multi
532 862 653 897 ordines,
676 863 702 890 in
726 862 862 899 religiosis
884 862 967 890 etiam

120 909 175 938 sint
195 909 301 937 multae
323 909 454 937 ordInum
477 909 683 942 distinctiones,
707 909 734 937 in
756 909 862 937 Sanctis
883 909 968 937 etiam

120 956 200 984 multi
223 956 344 989 ordines,
367 959 397 984 ut
413 956 482 984 ordo
498 956 738 990 Patriarcl‘iarum,
754 956 967 992 Prophetarum,

120 1003 313 1040 Apostolorum
336 1006 396 1037 eto,
412 1003 540 1035 videtur,
556 1003 631 1040 quod
646 1003 735 1031 multo
757 1002 854 1040 plures
875 1006 967 1031 essent

120 1049 232 1078 ordines
254 1050 399 1078 hominum
422 1058 506 1086 quam
529 1049 705 1086 Angelorum.

435 1136 648 1156 CONCLUSIO.

119 1206 274 1234 Distozecto
296 1205 436 1234 orclz'nwn
460 1206 489 1234 111
510 1206 579 1234 solis
602 1205 721 1243 Angelis
743 1209 784 1234 est
803 1206 923 1242 proprie
942 1209 967 1234 et

194 1253 335 1289 perfecte,-
357 1253 385 1280 111
409 1252 575 1281 lmmt'nzhns
608 1261 675 1281 vero
709 1253 738 1280 111
756 1253 907 1289 praesenti
926 1256 967 1280 est

199 1303 314 1327 1011111111
336 1298 501 1336 imperfecte
530 1303 555 1327 et
576 1299 698 1332 incerte,
728 1300 759 1327 ‘fn
790 1298 895 1335 fictitio
926 1303 968 1327 est

197 1346 313 1383 quidem
333 1346 487 1379 stabiliter,
508 1346 558 1373 sed
580 1354 636 1373 non
661 1346 795 1383 undiquc.

198 1424 377 1452 REsPONDEo:
408 1424 578 1458 Dicendum,
607 1424 681 1460 qnod
716 1431 779 1452 cum
811 1424 844 1452 ad
878 1424 965 1461 perfe-

0 1481 42 1507 tatio
55 1482 104 1500 ordi-
117 1474 189 1499 ctam
211 1471 347 1499 rationem
363 1471 477 1499 ordinis
493 1474 662 1500 concurrant
677 1471 873 1508 praecellentia
888 1474 966 1500 natu-

23 1510 58 1523 ”¹⁵'
116 1516 218 1545 ralium
241 1521 268 1546 et
289 1513 476 1554 gratuitorum
492 1517 543 1546 sibi
559 1518 853 1554 correspondentium,
876 1518 901 1546 in
925 1518 964 1547 eis

116 1563 207 1592 solum
225 1564 347 1601 proprie
368 1567 395 1593 et
420 1564 541 1601 perfecte
573 1567 614 1593 est
646 1572 749 1601 ponere
771 1564 903 1593 ordinum
926 1565 964 1593 di-

116 1610 304 1646 stinctionem,
326 1612 353 1639 111
376 1611 478 1648 quibus
500 1614 542 1639 est
563 1611 632 1639 haec
654 1611 710 1640 duo
733 1612 817 1640 simul
850 1619 964 1640 concur-

117 1658 206 1687 rentia
227 1658 360 1695 reperire.
383 1658 518 1694 Quoniam
542 1666 607 1695 ergo
630 1658 657 1686 in
672 1658 782 1695 Angelis
803 1659 892 1695 gratia
907 1666 964 1687 cor-

117 1705 266 1743 respondet
298 1708 430 1740 naturae,
460 1708 486 1734 et
519 1706 602 1735 creati
637 1709 702 1734 sunt
735 1706 761 1733 in
788 1706 962 1734 naturalium

116 1752 311 1789 praecellentia
333 1755 359 1781 et
374 1752 520 1781 beatificati
537 1753 563 1780 in
579 1753 717 1781 differenti
733 1753 871 1781 donorum
887 1760 964 1789 prae-

116 1800 253 1836 rogativa3
275 1800 338 1828 hinc
361 1803 414 1832 est,
437 1799 512 1836 quod
530 1800 652 1837 proprie
673 1803 715 1828 est
737 1800 763 1828 in
785 1800 824 1828 eis
846 1803 872 1828 et
893 1799 962 1828 ordo

115 1850 143 1875 et
174 1846 344 1881 hierarchia3
376 1847 499 1875 maxime
528 1855 591 1875 cum
628 1846 674 1875 illa
706 1847 900 1883 praerogativa
927 1847 963 1875 ita

116 1893 216 1922 habeat
238 1893 365 1922 stabilem
381 1894 600 1930 permanentiam
617 1897 643 1922 et
658 1894 871 1928 distinctionem,
887 1894 961 1931 quod

115 1940 221 1968 nullam
243 1940 372 1968 admittat
393 1940 591 1969 confusionem.
607 1957 645 1960 —
660 1940 687 1968 [n
710 1941 871 1969 hominibus
887 1949 961 1975 vero,

114 1987 164 2016 etsi
187 1987 222 2016 sit
253 1987 377 2024 reperire
409 1987 635 2024 praecellentiam
668 1988 695 2015 in
724 1988 902 2016 naturalibus
935 1991 961 2016 et

114 2035 197 2063 etiam
219 2034 245 2062 in
268 2034 412 2071 gratuitis,
445 2038 536 2062 tamen
570 2034 638 2063 haec
670 2035 727 2063 duo
752 2038 784 2063 ut
806 2035 961 2071 plurimum

114 2081 164 2110 sibi
188 2089 241 2109 non
263 2081 493 2117 correspondent,
516 2081 581 2118 quia
603 2081 651 2109 ubi
673 2081 772 2109 melior
797 2085 837 2110 est
861 2085 961 2110 natura

112 2128 273 2165 frequenter
294 2127 385 2165 minor
406 2131 447 2156 est
469 2128 570 2165 gratia,
592 2132 618 2156 et
639 2128 685 2165 qui
709 2128 791 2157 hodie
815 2129 905 2157 minor
920 2132 961 2157 est

113 2176 140 2204 in
162 2175 260 2203 merito
286 2183 348 2203 cras
378 2174 504 2203 fortassis
526 2175 578 2203 erit
599 2175 715 2203 maior².
738 2175 802 2203 Ideo
824 2175 851 2203 in
874 2175 960 2204 1101111-

111 2222 195 2250 nibus
217 2221 372 2250 secundum
394 2224 497 2250 statum
514 2225 689 2258 praesentem
712 2230 767 2250 non
783 2226 825 2250 est
846 2223 958 2259 proprie

111 2268 242 2296 ordinum
266 2267 404 2296 distinctio
427 2268 583 2296 secundum
602 2268 757 2305 yratzu'ta,
781 2268 843 2297 licet
865 2269 958 2306 aliquo

111 2315 194 2343 modo
226 2315 382 2343 secundum
410 2315 602 2343 auctoritates
634 2319 661 2344 et
693 2315 790 2353 officia
815 2319 842 2344 et
862 2320 958 2344 status

107 2360 327 2398 professiommz
348 2361 494 2389 ordinetur
518 2362 645 2390 Ecclesia.
672 2361 827 2390 Dicendum
849 2365 891 2391 est
912 2363 958 2399 igi-

0 2415 97 2436 :0n01u510.
112 2411 171 2441 tur,
194 2408 269 2445 quod
290 2408 403 2445 proprie
435 2412 462 2436 et
493 2408 614 2444 perfecte
645 2409 672 2436 in
695 2409 761 2437 solis
782 2409 891 2445 Angelis
913 2417 958 2445 po-

110 2455 201 2484 nenda
221 2458 263 2484 est
284 2455 423 2484 distinctio
454 2455 602 2486 ordinum:
632 2455 659 2483 in
692 2455 852 2483 hominihus
875 2464 956 2489 vero,

108 2503 159 2531 etsi
181 2502 274 2539 aliquo
297 2502 379 2530 modo
403 2502 567 2538 reperiatur,
593 2502 624 2529 tn
643 2502 794 2538 praesenti
816 2502 956 2538 reperitur

1032 256 1197 293 imperfecte
1228 260 1255 285 et
1286 256 1411 290 incerte,
1443 257 1471 285 in
1501 256 1606 294 ficturo
1639 266 1721 293 vero,
1747 259 1876 295 quamvis

1031 304 1189 340 reperiatur
1210 303 1367 337 stabiliter,
1390 312 1444 332 non
1467 307 1559 333 tamen
1574 305 1716 341 reperitur
1738 305 1875 343 undique,

1030 352 1061 377 ut
1083 349 1121 377 sic
1143 353 1277 386 oporteat,
1293 358 1340 379 eos
1358 351 1406 387 qui
1428 351 1602 387 praecellunt
1624 352 1649 379 in
1672 351 1776 388 gratia,
1798 360 1876 389 prae-

1031 396 1130 424 cellere
1154 397 1179 424 in
1202 400 1310 425 natura.

1110 443 1149 471 Ex
1172 443 1215 471 his
1236 446 1312 480 patet
1333 445 1477 480 responsio
1508 444 1543 473 ad
1566 445 1687 473 rationes
1708 445 1743 473 ad
1772 448 1876 474 utram·
1907 452 1941 485 *Ad
1966 459 2017 477 «11111-

1029 496 1083 525 que
1105 492 1222 525 partem.
1252 490 1379 519 Rationes
1410 494 1505 519 autem
1536 492 1701 528 probantes,
1724 493 1798 529 quod
1820 501 1875 521 non
1888 480 2018 522 iiiitfflmque

1029 535 1119 563 solum
1142 535 1251 571 Angelis
1272 537 1403 573 competit
1434 537 1515 572 ordo,
1546 538 1700 575 loquuntur
1722 539 1756 567 de
1777 539 1875 568 ordine

1029 582 1184 610 secundum
1207 582 1442 620 qualemcumque
1465 584 1687 621 completionem,
1709 585 1767 614 sive
1788 587 1875 623 perfe-

1028 631 1114 661 ctam,
1136 628 1194 657 sive
1216 629 1408 666 semiplenam.
1424 630 1551 669 Rationes
1571 639 1638 660 vero
1658 632 1693 660 ad
1716 633 1874 669 oppositum

1027 674 1218 708 ostendentes,
1240 675 1315 711 quod
1331 676 1357 704 in
1381 676 1540 705 hominibus
1561 686 1617 705 non
1632 678 1667 706 sit
1689 679 1766 713 ordo,
1782 688 1875 716 proce-

1027 721 1098 749 dunt
1113 721 1168 749 alia
1183 722 1235 750 via.
1251 722 1309 750 Non
1331 723 1405 751 enim
1427 723 1607 758 concludunt,
1630 725 1705 761 quod
1726 725 1823 755 nullus
1838 726 1872 755 sit

1028 768 1064 796 ibi
1080 768 1158 801 ordo,
1178 768 1227 797 sed
1248 769 1323 805 quod
1346 769 1406 806 ipsa
1427 770 1551 798 humana
1573 774 1674 799 natura
1696 780 1749 800 non
1772 773 1873 801 habeat

1026 817 1132 843 tantam
1147 815 1278 844 ordinum
1294 816 1508 851 distinctionem,
1533 820 1666 854 quantam
1692 819 1775 847 habet
1796 828 1876 856 ange-

1027 861 1092 895 lica,
1114 862 1180 899 quia
1201 862 1253 891 hoc
1275 863 1359 891 habet
1381 863 1557 892 solummodo
1579 872 1629 901 per
1651 866 1791 902 quandam
1814 874 1874 895 con-

1026 909 1219 938 formationem
1242 910 1277 938 ad
1301 910 1386 938 illam.

1105 957 1131 984 2.
1154 956 1201 984 Illa
1224 961 1316 985 tamen
1338 957 1408 985 ratio
1430 965 1484 985 non
1506 958 1658 987 concludit:
1689 967 1743 987 non
1768 962 1810 988 est
1834 959 2015 989 ibiAdargg-rro

1025 1002 1094 1031 ordo
1109 1010 1159 1039 per
1180 1006 1326 1038 naturam,
1341 1011 1408 1040 ergo
1423 1012 1476 1032 non
1499 1012 1549 1041 per
1571 1005 1699 1042 gratiam.
1715 1006 1783 1034 Cum
1799 1006 1872 1035 enim
1895 990 1948 1031 {³335
1962 995 2016 1013 'Q‘

1025 1057 1079 1077 non
1104 1052 1238 1087 oporteat,
1260 1050 1379 1087 gratiam
1400 1051 1552 1088 adaequari
1574 1055 1705 1087 naturae,
1724 1060 1779 1081 non
1793 1061 1872 1090 opor-

1025 1100 1076 1131 tet,
1099 1097 1230 1125 ordinem.
1252 1097 1357 1134 gratiae
1378 1106 1607 1135 praesupponere
1630 1100 1756 1128 ordinem
1780 1100 1806 1128 in
1828 1109 1873 1129 na-

1025 1146 1097 1177 tura,
1119 1145 1248 1180 quamvis
1268 1145 1371 1181 qratia
1392 1149 1601 1182 praesupponat
1616 1149 1756 1177 naturam.
1779 1147 1871 1176 sicut³

1024 1191 1152 1220 accidens
1173 1193 1374 1229 praesupponit
1396 1192 1562 1221 subiectum.
1586 1194 1615 1222 Et
1638 1194 1703 1231 quia
1725 1194 1813 1231 gratia
1828 1203 1873 1223 no-

1025 1242 1082 1267 stra
1103 1238 1252 1267 conformis
1274 1242 1316 1267 est
1336 1240 1441 1276 gratiae
1463 1240 1648 1276 Angelorum,
1676 1241 1805 1278 quamvis
1828 1250 1872 1270 na-

1026 1288 1088 1313 tura
1119 1289 1214 1314 nostra
1245 1294 1300 1313 non
1329 1286 1363 1315 sit
1395 1287 1520 1315 eiusdem
1551 1287 1652 1324 speciei
1685 1296 1750 1316 eum
1771 1296 1870 1317 eorum

1024 1336 1137 1365 natura,
1161 1333 1234 1367 ideo,
1261 1334 1283 1362 si
1305 1342 1361 1370 qua
1383 1334 1409 1362 in
1441 1334 1520 1364 nobis
1549 1334 1601 1363 erit
1623 1335 1754 1363 ordinum
1777 1336 1870 1365 distin-

1023 1380 1092 1414 ctio,
1114 1380 1273 1408 attendetur
1295 1388 1345 1417 per
1367 1381 1588 1410 conformitatem
1611 1382 1645 1410 ad
1663 1382 1774 1411 ordines
1790 1391 1869 1420 ange-

1024 1425 1098 1454 licos.
1121 1426 1184 1455 Ideo
1212 1435 1266 1454 uon
1298 1427 1450 1463 oportebit.
1483 1428 1580 1464 plures
1602 1432 1629 1457 et
1651 1437 1737 1457 novos
1758 1429 1871 1458 ordines

1022 1480 1057 1501 ex
1080 1473 1241 1502 hominibus
1263 1481 1339 1508 esse,
1360 1474 1411 1502 nisi
1435 1474 1560 1503 fortassis
1581 1475 1741 1509 decimum,
1763 1477 1811 1513 qui
1834 1477 1870 1505 ad

1022 1519 1219 1556 perfectionem
1242 1520 1410 1556 Angelorum
1432 1528 1487 1548 non
1519 1521 1621 1558 poterit
1653 1523 1808 1559 pervenire.
1831 1541 1870 1544 —

1022 1566 1076 1594 Hoc
1098 1569 1189 1595 tamen
1212 1567 1285 1604 quod
1308 1576 1382 1596 nunc
1404 1568 1510 1596 dictum
1540 1572 1596 1603 est,
1622 1569 1740 1598 dubium
1762 1574 1816 1605 051,
1842 1573 1869 1599 et
1882 1575 1996 1595 Notandum·

1022 1613 1150 1650 Magister
1172 1622 1226 1641 non
1248 1614 1361 1642 videtur
1382 1618 1543 1651 acceptare,
1565 1617 1707 1652 quamvis,
1731 1617 1802 1646 sicut
1827 1626 1870 1646 su-

1021 1660 1091 1697 pra*
1114 1660 1219 1689 dictum
1235 1661 1294 1694 fuit,
1317 1661 1446 1690 videatur
1468 1662 1535 1690 satis
1557 1663 1710 1699 probabile.

1101 1707 1125 1735 3.
1148 1707 1200 1736 Nec
1224 1707 1269 1735 illa
1294 1708 1363 1736 ratio
1385 1708 1456 1745 cogit
1478 1709 1512 1737 de
1535 1709 1561 1736 vi
1585 1710 1781 1745 ministrativa,
1803 1712 1869 1748 quia

1021 1754 1048 1782 in
1070 1754 1245 1784 distinetione
1267 1755 1399 1784 ordinum
1432 1756 1520 1793 magis
1553 1757 1747 1786 consideratur
1779 1761 1867 1788 status

1020 1801 1125 1838 gratiae
1150 1810 1235 1838 quam
1258 1802 1382 1839 operatio
1404 1803 1523 1832 alicuius
1546 1805 1684 1840 potentiae
1695 1805 1712 1832 5.

1101 1849 1140 1876 Ex
1163 1849 1206 1877 his
1230 1850 1374 1878 manifesta
1403 1854 1467 1878 sunt
1488 1858 1521 1879 ea
1553 1859 1624 1887 quae
1657 1854 1810 1888 tanguntur
1842 1853 1869 1881 in

1020 1895 1112 1924 littera
1125 1895 1143 1923 ὃ.

1099 1942 1152 1971 Hoc
1173 1942 1264 1971 solum
1297 1943 1417 1972 sufficiat
1444 1944 1480 1972 ad
1512 1952 1644 1981 praesens
1668 1953 1810 1982 exponere
1832 1946 1866 1975 de
1898 1949 2010 1967 δ”-1111111311-

1880 1973 1927 1991 <galia
1941 1973 1964 1991 de
1978 1978 2009 1990 00-

1020 1989 1130 2017 nomine
1153 1988 1316 2026 Seraphim.
1339 1990 1493 2027 Aliquando
1515 1991 1588 2019 enim
1619 1992 1644 2019 in
1668 1992 1811 2029 Scriptura
1833 1993 1929 2037 111-1111119
1956 1997 2009 2014 ⁵¹0*ss-

1019 2036 1094 2072 gitur
1116 2036 1251 2073 Seraphin
1282 2044 1331 2073 per
1352 2046 1388 2070 n,
1411 2040 1438 2065 et
1459 2040 1525 2066 tunc
1547 2041 1588 2066 est
1610 2038 1728 2075 pluralis
1754 2025 1938 2068 1111111011ριῐιιν

1018 2086 1045 2111 et
1066 2083 1157 2111 neutri
1191 2084 1300 2120 generis
1331 2087 1357 2113 et
1389 2084 1525 2121 significat
1557 2089 1667 2114 coetum
1696 2086 1864 2122 Angelorum

1018 2129 1093 2158 illius
1105 2130 1218 2159 ordinis.
1235 2131 1389 2168 Aliquando
1405 2139 1472 2160 vero
1484 2132 1615 2160 scribitur
1628 2140 1678 2169 per
1690 2141 1734 2164 m,-
1748 2136 1811 2161 tunc
1824 2136 1865 2161 est

1018 2177 1135 2213 pluralis
1147 2178 1257 2206 numeri
1270 2181 1297 2206 et
1308 2178 1455 2206 masculini
1472 2179 1581 2215 generis
1594 2182 1621 2207 et
1633 2179 1769 2216 significat
1783 2181 1866 2216 Ange-

1018 2223 1058 2252 los
1073 2223 1100 2252 in
1112 2224 1159 2252 illo
1175 2225 1273 2253 ordine
1289 2228 1439 2254 contentos.
1456 2225 1610 2262 Aliquando
1626 2225 1728 2262 legitur
1741 2226 1863 2263 Serctplt,

1017 2273 1043 2298 et
1065 2273 1130 2299 tunc
1152 2274 1193 2299 est
1215 2271 1366 2307 singularis
1394 2272 1504 2300 numeri
1527 2275 1554 2300 et
1580 2273 1727 2301 masculini
1756 2273 1864 2309 generis

1016 2320 1043 2345 et
1063 2317 1200 2353 significat
1222 2318 1355 2354 Angelum
1378 2318 1454 2347 illius
1475 2319 1588 2348 ordinis.
1614 2319 1689 2348 Unde
1712 2327 1823 2348 versus:

1057 2387 1117 2409 Haec
1134 2387 1252 2417 Seraphin
1270 2388 1343 2416 dicas,
1362 2389 1383 2410 hi
1402 2387 1539 2418 Seraphim,
1560 2388 1652 2418 Sernplt
1670 2389 1733 2411 dicas
1750 2390 1820 2412 illum.

1015 2449 1064 2477 Vel
1086 2449 1185 2478 aliter:

1047 2511 1087 2532 Dic
1104 2510 1230 2533 Cherubim
1247 2514 1350 2539 sanctos,
1370 2511 1487 2535 Cherubin
1506 2519 1581 2540 sacra,
1600 2514 1627 2535 sit
1645 2513 1737 2536 Cherub
1750 2514 1830 2536 almus.

172 2658 179 2672 ¹
199 2659 248 2680 Vat.
269 2657 369 2686 Contra,
389 2662 411 2680 ct
429 2659 480 2680 dein
501 2658 684 2687 praesupponit,
704 2658 768 2687 quod
784 2659 852 2680 ctiam
880 2658 958 2686 plures

109 2697 175 2719 codd.
193 2698 319 2724 incongrue
337 2697 433 2724 hahent,
452 2697 502 2719 licet
519 2697 617 2719 habeant
634 2703 695 2720 cnm.

171 2735 180 2748 Ἰ
198 2735 219 2756 ln
240 2735 288 2756 Vat.
307 2735 399 2757 additur
416 2734 440 2757 in
457 2735 571 2764 praemio.

170 2773 180 2787 ³
199 2774 290 2795 Plurimi
310 2774 375 2795 codd.
394 2780 446 2796 cuin
465 2774 517 2796 cdd.
542 2775 562 2801 l,
581 2775 609 2800 2,
628 2774 641 2795 3
664 2775 792 2803 tunquam,
821 2775 956 2801 incongrue.

109 2812 177 2834 Paulo
196 2813 289 2834 insci-ius
307 2815 358 2840 post
376 2812 484 2841 (sustinctis
503 2814 593 2835 mitio-a.
610 2814 631 2834 in
650 2813 727 2834 multis
745 2819 798 2834 mss.
817 2816 838 2835 et
855 2813 908 2834 cdd.
932 2813 935 2834 Ι
951 2831 956 2841 ,

108 2852 121 2873 ‘2
139 2851 282 2873 (lvsidorinu1-
299 2853 388 2874 nostra.

171 2890 179 2904 ⁴
198 2891 237 2912 Hic
255 2898 276 2919 11.
295 2891 316 2912 7.
334 2903 365 2907 --
381 2891 520 2913 Sententiam
546 2891 644 2918 Magistri
669 2891 723 2913 vide
741 2892 777 2912 hic
802 2892 822 2912 in
842 2891 870 2913 Iit.
894 2898 912 2913 c.
935 2891 955 2913 6.

170 2930 180 2943 5
198 2930 255 2951 Vide
274 2930 374 2952 scholion
392 2929 420 2951 ad
439 2930 615 2957 piwicrcdcntcm
634 2934 723 2958 quaest.

170 2969 180 2982 ⁶
197 2969 225 2990 lia
245 2975 303 2997 quac
322 2973 449 2997 sequnntur
467 2969 549 2991 (lt-sunt
567 2970 587 2990 in
609 2969 661 2990 cdd.
681 2969 705 2997 3,
734 2969 746 2990 t
770 2972 791 2991 et
817 2970 837 2990 in
865 2969 914 2991 Yet.
934 2969 954 2991 ln

234 3019 258 3042 S.
278 3020 366 3042 Bonae.
384 3032 414 3035 —
434 3020 499 3041 Το111.
519 3020 540 3041 lt.

1016 2660 1058 2681 hac
1076 2659 1176 2681 obsoleta
1194 2661 1315 2682 nominum
1332 2661 1516 2688 interpretatione
1534 2662 1640 2684 convenit
1653 2662 1720 2683 etiam
1734 2662 1756 2684 Β.
1770 2662 1861 2690 Albcrt.⁷

1016 2698 1051 2720 hic
1069 2705 1088 2720 a.
1107 2698 1128 2720 5.
1146 2698 1175 2720 acl
1193 2699 1231 2720 ult.
1250 2698 1299 2726 Ipsa
1317 2702 1391 2721 sumta
1407 2702 1440 2721 est
1452 2706 1479 2721 ex
1495 2699 1572 2722 Glossa
1586 2700 1713 2729 ordinaria,
1726 2707 1797 2729 quam
1809 2702 1863 2724 vide

1015 2736 1077 2764 apud
1096 2737 1247 2759 Wulufridum
1266 2736 1373 2759 Strebum
1392 2740 1413 2759 et
1430 2738 1545 2765 [111-11110111
1572 2745 1643 2767 super
1670 2739 1726 2761 lsai:
1742 2740 1770 2767 6,
1789 2741 1815 2767 6,
1841 2743 1863 2763 et

1014 2775 1121 2797 tribuitur
1138 2776 1292 2803 Hieronymo,
1311 2778 1349 2804 qui
1368 2780 1441 2799 tamen
1462 2777 1520 2805 (loc.
1539 2779 1588 2806 cit.)
1612 2780 1699 2800 tantum
1718 2779 1786 2801 dicit:
1802 2788 1811 2798 a
1825 2779 1862 2802 Sc-

1015 2814 1108 2843 raphim
1126 2818 1202 2836 autem
1220 2815 1301 2842 plurali
1319 2821 1415 2838 numero
1434 2816 1589 2844 appellantur,
1603 2820 1625 2839 et
1636 2818 1746 2845 singulari
1759 2817 1857 2847 Seruplt,

1014 2854 1072 2875 sicut
1090 2852 1217 2876 Cltcrnlnm.
1234 2857 1256 2875 ct
1274 2853 1365 2876 Cherub
1379 2863 1399 2876 υ.
1418 2855 1477 2876 Beda
1496 2858 1571 2877 eutem
1591 2856 1603 2877 1.
1623 2856 1651 2878 de
1670 2856 1794 2879 Tabernae.
1808 2864 1826 2879 c.
1840 2857 1860 2879 ὕ.

1013 2892 1053 2913 ait:
1072 2892 1097 2913 Et
1114 2892 1208 2920 quidem
1226 2899 1323 2915 numero
1341 2894 1450 2921 singulari
1469 2893 1568 2922 Cherub,
1588 2895 1669 2922 plurali
1684 2898 1759 2917 autem
1774 2894 1862 2918 Cheru-

1014 2930 1060 2953 blm.
1077 2931 1166 2957 dicitur,
1185 2936 1206 2954 ct
1223 2936 1257 2954 est
1274 2938 1356 2954 00111011
1375 2934 1466 2960 generis
1484 2934 1615 2962 masculini3
1640 2934 1680 2956 scd
1704 2941 1785 2963 graeca
1809 2942 1860 2957 con-

1013 2971 1112 2992 suetudo
1131 2974 1211 2992 ncutro
1229 2977 1313 2998 genere
1325 2970 1402 2999 posuit
1414 2971 1543 3000 Cherubin,
1565 2979 1585 2995 m
1606 2974 1676 2996 littera
1694 2975 1715 2995 111
1734 2980 1749 2996 n
1768 2978 1860 2997 imitata.

1706 3025 1733 3046 33
