2243 3425
346 189 402 218 808

345 266 436 294 Pruna
451 265 524 293 enim
540 263 691 300 propositio
713 261 878 298 intelligitur
893 261 927 289 de
946 259 1111 289 sufficientia
1126 259 1193 287 sim-

341 312 467 349 pliciter,
490 311 562 339 sicut
582 312 658 346 patet
680 308 845 345 inspicienti.

422 359 449 386 4.
473 359 497 385 5.
521 358 546 385 6.
568 357 607 385 Ad
636 355 705 384 illud
728 355 803 392 quod
832 354 995 391 quaeritur,
1022 356 1118 382 utrum
1147 352 1194 380 ille

345 405 469 434 defectus
490 404 525 432 sit
546 403 644 439 culpa,
668 402 711 430 vel
734 409 837 438 poena,
860 404 887 429 et
908 404 1003 429 utrum
1027 400 1062 428 sit
1084 402 1195 427 natura-

343 451 393 485 lis,
415 451 459 479 vel
481 448 746 487 praeternaturalis;
768 451 795 477 et
817 448 920 476 iterum
942 451 1072 483 respectu
1094 446 1194 479 euius;

343 498 398 526 iam
421 500 497 534 patet
522 496 674 533 responsio.
697 494 834 523 Omnibus
863 494 937 522 enim
960 494 1003 522 his
1029 493 1135 527 modis,
1163 496 1195 521 ut

344 545 450 573 dictum
472 547 529 577 est,
551 545 641 580 potest
655 542 751 578 accipi.
775 541 859 569 Prout
873 544 968 569 autem
991 540 1127 577 accipitur
1142 548 1194 577 pro

344 591 452 620 defectu
475 589 625 623 naturali,
648 589 695 626 qui
718 589 789 617 111651
810 592 958 617 creaturae
979 595 1015 616 ex
1036 588 1096 621 1106,
1118 587 1194 624 quod

344 638 378 666 de
394 637 496 671 nihilo,
519 645 573 665 non
589 639 702 664 notatur
725 636 761 663 ibi
778 635 899 664 conditio
915 635 1040 663 defectus
1062 638 1195 671 tanquam

1028 181 1281 210 SENTENTIARUM
1302 180 1361 208 Llss.
1384 179 1413 207 II.

1251 266 1335 287 causa
1352 257 1492 294 proxima
1506 259 1534 285 et
1555 256 1716 285 immediata
1731 256 1820 293 ipsius
1841 256 1958 293 peccati,
1974 259 2005 284 ut
2020 256 2099 292 prius

1252 304 1357 333 dictum
1379 307 1428 332 est.
1458 304 1543 332 Prout
1563 306 1658 331 autem
1687 303 1823 340 accipitur
1845 311 1895 340 pro
1924 302 2021 339 culpa,
2044 310 2098 330 non

1251 354 1375 385 notatur,
1397 351 1472 388 quod
1487 350 1644 383 antecedat,
1666 350 1715 378 sed
1731 350 1805 386 quod
1822 349 1994 378 voluntatem
2017 349 2098 378 deno-

1252 399 1347 426 minat.
1370 398 1516 435 Nunquam
1546 397 1620 425 enim
1642 399 1684 425 est
1706 396 1839 425 deformis
1860 400 1945 424 actus
1966 404 1982 424 a
2003 396 2100 424 volun—

1252 449 1319 479 tate,
1342 445 1408 482 quin
1430 444 1567 472 voluntas
1588 443 1770 472 deformetur.
1792 443 1877 471 Prout
1892 443 2028 480 accipitur
2050 451 2100 480 pro

1249 501 1358 529 poena,
1381 499 1434 520 non
1457 494 1569 519 notatur
1588 490 1770 527 praecedere,
1792 490 1840 518 sed
1863 489 2100 518 concomitari.-

1254 539 1284 567 Et
1305 547 1354 576 per
1370 539 1422 567 hoc
1442 538 1488 566 illa
1508 538 1561 566 tria
1582 540 1677 574 patent
1699 540 1726 565 et
1747 537 1810 571 alia,
1832 545 1904 574 quae
1925 539 2101 574 quaeruntur

1253 589 1464 623 consequenter.

1091 735 1353 772 SCHOLION.

408 841 421 862 I.
440 841 526 862 Solutio
549 840 617 862 huius
639 839 683 867 (2.)
707 839 859 867 gravissimae
882 838 1022 867 quaestionis
1043 837 1152 859 fundatur
1172 837 1193 858 111

343 880 486 902 distinctione
504 880 598 907 triplicis
615 878 718 901 desectus
734 878 865 900 voluntatis.
884 877 915 899 De
933 878 1008 905 primo
1026 876 1127 902 defectu,
1146 876 1193 898 scil.

343 919 463 947 naturali,
483 919 522 941 cfr.
542 919 555 941 I.
574 919 634 940 Sent.
652 918 674 940 d.
697 918 717 939 8.
736 924 759 945 p.
778 917 792 938 I.
810 923 830 939 a.
849 917 869 938 2.
886 923 909 945 q.
927 917 948 938 2.
967 916 995 938 ad
1013 916 1035 938 7.
1054 916 1075 937 8.
1098 916 1128 937 De
1151 916 1194 937 hoc

344 959 434 981 defectu
453 959 506 981 dicit
523 958 552 980 ad
570 960 670 979 mentem
684 958 753 979 nostri
772 956 874 978 Doctoris
887 956 908 978 S.
928 956 1010 977 Thom.
1025 956 1076 981 (hic
1093 962 1112 977 n.
1131 955 1151 977 3.
1165 955 1194 977 ad

345 998 387 1026 4.):
409 1006 419 1017 «1
431 998 494 1020 Unus
511 997 648 1026 (detectus),
672 997 712 1025 qui
729 999 763 1018 est
783 994 918 1024 potentialis
936 1001 1003 1017 eausa
1022 995 1087 1022 mali,
1109 994 1194 1016 scilieet

344 1044 371 1060 ex
393 1038 477 1065 nihilo;
499 1043 525 1059 ex
550 1038 592 1058 hoe
614 1037 687 1063 enim,
711 1035 773 1063 quod
797 1041 824 1057 ex
847 1035 916 1056 nihilo
934 1037 977 1061 est,
1001 1034 1075 1063 potest
1096 1033 1194 1055 deficere

344 1076 461 1104 peccando
487 1075 616 1097 seeundum
637 1073 805 1096 verthiIitatem
831 1073 953 1095 electionis.
979 1072 1027 1094 Non
1052 1074 1127 1094 tamen
1153 1073 1194 1093 iste

344 1115 446 1137 desectus
458 1117 491 1136 est
508 1113 610 1137 actualls
627 1119 695 1135 causa
713 1113 778 1140 mati,
797 1112 850 1140 quia
867 1114 1014 1140 sequeretur,
1032 1110 1095 1139 quod
1113 1111 1195 1132 volun-

343 1156 377 1175 tas
400 1159 493 1180 semper
516 1152 633 1179 deficeret,
656 1152 715 1173 sicut
731 1156 785 1173 crus
807 1149 916 1172 claudum
937 1155 1030 1177 semper
1048 1148 1193 1171 claudicat».

343 1191 429 1214 Ibidem
447 1192 515 1213 etiam
533 1190 610 1219 quoad
622 1190 691 1212 alium
710 1190 837 1216 desectum,
856 1190 895 1217 qui
908 1191 942 1211 est
954 1189 975 1210 in
989 1191 1040 1210 actu
1058 1188 1192 1213 voluntatis⁷

343 1231 404 1253 idem
423 1231 534 1253 consentit
551 1230 667 1252 doctrinae
686 1229 708 1251 S.
726 1229 900 1250 Bonaventurae
927 1227 969 1255 <ad
988 1230 1075 1256 quaest.
1096 1226 1194 1248 inriden-

344 1270 403 1299 tem)
422 1271 456 1291 his
480 1269 570 1291 verbis:
595 1276 604 1289 (‹
620 1269 679 1290 Illius
702 1271 777 1289 antem
796 1267 910 1295 desectus,
934 1267 974 1295 qui
991 1268 1025 1288 est
1047 1267 1069 1288 in
1088 1269 1138 1287 actu
1157 1271 1195 1287 vo-

343 1310 447 1336 luntatis,
466 1315 510 1331 non
528 1310 628 1336 oportet,
647 1307 710 1336 quod
728 1308 756 1329 sit
773 1313 842 1329 causa
860 1306 943 1335 aliquis
965 1306 1022 1328 alius
1041 1305 1153 1333 desectus,
1173 1305 1194 1326 in

1251 836 1368 858 voluntate
1391 835 1546 863 praeexistens
1564 838 1628 862 actu3
1649 835 1703 863 quia
1724 835 1756 857 sic
1773 835 1795 856 in
1820 834 1933 856 infinitum
1957 835 2040 862 iretur;
2062 833 2102 856 sed

1252 876 1350 903 ipsamet
1366 875 1472 896 voluntas
1489 873 1619 896 secundum
1636 879 1660 895 se
1678 873 1819 896 considerata
1838 874 1897 896 illius
1915 874 2018 896 defectus
2034 879 2103 896 causa

1252 917 1286 936 est
1298 922 1308 933 1)
1329 916 1370 935 ete.

1316 953 1339 974 11,
1358 953 1448 974 Praeter
1465 953 1570 974 auctores
1587 952 1609 973 in
1628 951 1781 979 praecedente
1802 951 1889 973 scholio
1908 951 2012 974 laudatos
2035 952 2064 974 de
2082 953 2103 974 2.

1253 994 1340 1020 quaest.
1363 991 1492 1019 specialiter
1514 993 1622 1013 tractant:
1646 990 1703 1013 Petr.
1726 997 1737 1012 a
1762 991 1823 1019 Tar„
1847 991 1883 1012 hic
1906 997 1928 1019 q.
1952 991 1972 1013 2.
1996 998 2016 1014 a.
2035 992 2056 1013 2.
2074 1004 2105 1007 —

1254 1030 1360 1053 Bit-hard.
1378 1037 1389 1052 a
1408 1030 1473 1058 Med,
1493 1031 1529 1052 hic
1546 1036 1566 1052 a.
1584 1030 1605 1052 2.
1623 1036 1645 1058 q.
1664 1029 1685 1051 4.

1317 1070 1456 1098 Sequentem
1475 1069 1523 1097 (3.)
1542 1072 1629 1098 quaest.
1652 1069 1687 1091 elii
1711 1069 1813 1096 magistri
1833 1072 1920 1091 tantum
1942 1072 2039 1097 tangunt
2060 1069 2104 1092 sub

1254 1109 1331 1136 titulo,
1353 1112 1430 1131 utrum
1448 1108 1535 1130 bonum
1553 1109 1581 1130 sit
1604 1114 1672 1130 causa
1690 1108 1742 1130 mali
1759 1114 1802 1137 pet·
1819 1114 1855 1136 se,
1880 1114 1908 1130 an
1923 1114 1967 1137 per
1988 1108 2103 1131 accidens.

1253 1148 1320 1176 Nam,
1346 1150 1370 1169 ut
1386 1147 1441 1169 dicit
1464 1147 1520 1170 Petr.
1539 1153 1551 1169 a
1570 1147 1622 1169 Tar.
1646 1147 1696 1174 (hic
1714 1153 1735 1175 q.
1754 1148 1774 1169 ⁴2.
1793 1153 1812 1169 a.
1836 1147 1875 1176 1.),
1897 1155 1907 1167 «1
1920 1147 2005 1176 aliquid
2019 1153 2064 1176 per
2081 1153 2105 1170 se

1253 1191 1287 1209 est
1309 1193 1377 1209 eausa
1396 1187 1445 1208 eius
1467 1186 1531 1215 quod
1554 1189 1587 1208 est
1609 1186 1638 1208 ab
1661 1187 1712 1214 ipso
1735 1187 1916 1214 praeintentum;
1938 1192 1980 1215 per
1996 1185 2104 1209 accidens

1254 1233 1321 1255 vero,
1343 1226 1406 1255 quod
1426 1229 1460 1248 est
1481 1228 1571 1254 praeter
1587 1226 1767 1248 intentionem».
1789 1225 1820 1248 De
1841 1226 1884 1248 hoc
1904 1226 1951 1253 agit
1970 1226 1991 1247 S.
2013 1226 2104 1254 Τ110111.,

1254 1266 1276 1288 S.
1295 1272 1314 1288 e.
1332 1266 1396 1288 Gent.
1415 1265 1446 1287 111.
1465 1271 1484 1288 c.
1503 1264 1523 1287 4.

1108 1405 1271 1443 QUAESTIO
1294 1405 1334 1433 Ill.

592 1495 696 1523 Utrum
718 1494 832 1523 malum
853 1494 892 1522 sit
912 1502 932 1522 α
955 1493 1026 1522 bono
1051 1493 1213 1521 seeundum
1236 1491 1439 1525 intentionem,
1463 1491 1506 1519 vel
1524 1495 1643 1528 praeter
1665 1490 1860 1519 intentionem.

423 1593 516 1622 Tertio
538 1592 701 1630 quaeritur,
724 1596 821 1620 utrum
842 1591 947 1620 malum
970 1591 1005 1619 sit
1026 1599 1042 1619 a
1064 1591 1136 1619 hono
1157 1598 1196 1619 56-

344 1641 468 1670 cundum
495 1640 692 1673 intentionem,
714 1639 759 1668 vel
783 1642 904 1676 praeter.
929 1638 958 1666 Et
980 1638 1055 1675 quod
1085 1641 1195 1674 praeter

344 1688 539 1719 intentionem,
561 1687 685 1715 videtur:

426 1736 449 1763 1.
473 1735 564 1762 Primo
586 1742 635 1770 per
664 1733 826 1769 Dionysium
850 1733 877 1761 in
900 1736 1000 1770 quarto
1028 1733 1063 1761 de
1089 1732 1196 1761 Divinis

226 1799 282 1820 Ama-
299 1803 332 1821 ,πο
346 1782 510 1810 Nominibus
524 1781 550 1808 ¹:
579 1780 709 1809 «Malum
732 1783 774 1809 est
802 1782 914 1816 praeter
935 1779 1125 1811 intentionem.
1151 1787 1197 1807 na-

214 1824 332 1845 [1311611683-

346 1833 438 1858 turam
461 1832 487 1857 et
516 1836 630 1857 causam
645 1839 672 1862 »3
695 1828 718 1856 si
737 1831 857 1864 praeter
880 1827 1083 1860 memnonem,
1106 1826 1196 1855 habeo

345 1876 529 1914 propositum.

424 1924 449 1951 9..
472 1922 555 1956 Item,
571 1921 751 1958 Dionysius²:
770 1921 876 1950 «Nemo
890 1924 1023 1958 operatur
1038 1920 1073 1949 ad
1090 1920 1196 1948 malum

344 1970 482 2008 aspiciens
497 1980 523 2003 »;
539 1969 587 1998 sed
604 1969 651 2006 qui
667 1972 801 2006 operatur
815 1968 921 2005 aliquid
937 1975 987 2004 per
1006 1967 1196 2001 intentionem,

345 2017 380 2045 ad
402 2016 473 2044 illud
495 2015 608 2052 aspicit,
630 2015 705 2051 quod
728 2014 846 2043 intendit
868 2030 906 2034 -—
928 2021 992 2041 nam
1016 2013 1130 2042 intentio
1155 2016 1196 2042 est

344 2063 459 2101 quidam
489 2063 590 2091 mentis
620 2061 737 2090 intuitus
759 2078 797 2081 —
822 2061 843 2089 si
866 2068 932 2097 ergo
961 2060 1056 2089 nullus
1077 2068 1197 2098 operans

345 2111 380 2140 ad
404 2111 508 2139 malum
531 2110 645 2147 aspicit,
668 2109 792 2142 videtur,
814 2108 890 2145 quod
912 2108 1008 2137 nullus
1031 2108 1137 2136 malum
1160 2108 1197 2136 in-

346 2158 444 2187 tendit.

425 2205 451 2233 3.
466 2205 542 2239 Item,
558 2203 672 2232 malum
688 2202 754 2232 dicit
769 2202 1008 2231 deordinationem
1024 2201 1059 2230 ad
1075 2201 1159 2230 finem
1172 2201 1196 2234 ³;

346 2252 393 2281 sed
411 2251 530 2279 intentio
546 2250 612 2279 dicit
627 2250 799 2278 voluntatem
815 2249 848 2277 ad
866 2248 950 2277 finem
966 2248 1113 2277 directam:
1130 2256 1196 2285 ergo

346 2298 452 2327 malum
474 2306 528 2326 non
551 2297 625 2325 eadit
646 2296 699 2325 sub
720 2296 883 2324 intentione:
907 2303 973 2332 ergo
995 2298 1046 2323 etc.

424 2345 450 2373 4.
473 2345 553 2378 Item,
576 2351 658 2372 omne
680 2343 800 2377 malum,
822 2342 897 2379 quod
920 2342 1006 2371 estin
1029 2344 1139 2375 natura,
1154 2344 1196 2370 est

344 2394 457 2429 praeter
472 2391 653 2420 intentionem
669 2389 818 2418 naturae⁴z
835 2397 901 2426 ergo
916 2388 975 2426 pari
993 2389 1098 2417 ratione
1114 2396 1196 2417 omne

344 2439 465 2472 malum,
487 2438 561 2475 quod
584 2440 625 2466 est
646 2437 672 2465 in
696 2436 838 2471 moribus,
860 2438 902 2464 est
930 2439 1042 2473 praeter
1068 2435 1196 2464 intentio-

344 2494 409 2515 nem
430 2485 582 2514 voluntatis
605 2484 756 2513 rationalis.

426 2535 450 2561 5.
473 2533 553 2567 Item⁷
581 2532 709 2560 «bonum
732 2534 759 2560 et
774 2530 836 2559 finis
851 2530 924 2559 idem
939 2530 988 2565 ⁵»;
1010 2530 1058 2559 sed
1082 2530 1196 2558 intentio

345 2583 387 2609 est
408 2583 536 2616 respectu
560 2579 633 2607 finis:
657 2586 723 2615 ergo
745 2580 877 2615 respectu
892 2577 970 2605 boni:
994 2585 1060 2614 ergo
1082 2585 1136 2604 non
1160 2576 1196 2605 vi-

411 2748 416 2761 ¹
437 2749 528 2776 paragr.
548 2748 583 2770 32.
603 2747 661 2770 Vitle
678 2754 748 2775 supra
766 2753 820 2775 pag.
839 2746 891 2774 805,
910 2749 961 2769 nota
985 2747 1002 2768 1.

410 2787 419 2801 2
436 2787 468 2809 De
487 2787 536 2809 Div.
555 2788 619 2809 Nom.
638 2793 657 2809 e.
676 2786 696 2809 4.
714 2787 727 2815 {3
750 2787 782 2809 19.
799 2786 869 2808 6131.
883 2785 1043 2814 6116113101,
1058 2786 1080 2808 Il.
1094 2786 1196 2814 Magnor.

347 2825 424 2847 Moral.
443 2833 460 2848 e.
479 2826 500 2848 7.
519 2826 548 2854 (e.
566 2827 606 2855 6.).
627 2839 657 2842 —
677 2827 740 2854 Quae
752 2827 886 2854 quaestione
907 2825 1059 2853 praecedente
1077 2825 1196 2853 proferun-

348 2866 384 2885 tur
409 2863 435 2886 de
461 2864 601 2892 intentione,
629 2868 733 2887 accurate
756 2868 902 2892 exponuntur
924 2864 982 2886 intra
1000 2864 1022 2886 d.
1041 2864 1077 2886 38.
1096 2871 1115 2886 a.
1134 2865 1155 2886 2.
1173 2870 1195 2892 q.

353 2902 369 2923 1.
390 2908 438 2930 seq.

412 2940 421 2954 ³
439 2940 483 2963 Cir.
502 2942 603 2969 Aristot.,
623 2943 646 2964 11.
664 2943 733 2964 Ethie.
752 2948 770 2964 c.
789 2943 810 2964 ss.

412 2977 421 2992 ⁴
439 2979 496 3001 Vide
514 2980 602 3002 Aristot.
614 2999 619 3008 ⁷
637 2981 672 3002 tv.
691 2981 719 3003 (le
732 2982 835 3003 Generat,
849 2981 940 3003 animal.
959 2987 978 3004 c.
997 2980 1025 3007 Δ1,
1043 2981 1194 3004 ubidicitur:

1254 1590 1345 1623 detur,
1369 1589 1443 1627 quod
1466 1589 1501 1617 sit
1516 1591 1644 1625 respectu
1668 1588 1748 1617 mali:
1771 1596 1838 1625 ergo
1853 1588 1931 1617 nullo
1954 1588 2035 1617 modo
2051 1596 2106 1616 ma-

1255 1637 1312 1665 lum
1335 1637 1370 1665 ab
1398 1639 1531 1673 operante
1553 1643 1603 1672 per
1628 1635 1802 1664 voluntatem
1832 1635 2003 1670 intenditur3
2031 1635 2105 1664 redit

1254 1684 1339 1721 igitur
1362 1683 1451 1717 idem,
1473 1682 1548 1720 quod
1570 1683 1658 1720 prius.

1333 1732 1385 1759 Suo
1407 1738 1528 1759 comm:
1548 1731 1571 1758 1.
1588 1730 1723 1759 Voluntas
1742 1729 1885 1758 rationalis
1899 1732 1941 1758 est
1955 1737 2040 1766 agens
2056 1737 2105 1766 per

1254 1778 1434 1806 intentionem
1450 1781 1476 1806 et
1498 1777 1745 1806 deliberationem:
1769 1784 1836 1813 ergo
1858 1776 1880 1805 si
1894 1784 1976 1805 omne
1998 1776 2105 1804 malum

1254 1825 1353 1862 culpae
1367 1824 1485 1853 actualis
1507 1827 1548 1853 est
1564 1823 1770 1858 voluntarium,
1792 1831 1874 1852 omne
1892 1827 1934 1852 est
1949 1831 1998 1860 per
2020 1823 2106 1852 inten-

1254 1873 1356 1901 tionem
1379 1872 1492 1900 factum.

1334 1921 1360 1947 2.
1383 1919 1464 1953 Item,
1487 1918 1584 1947 nullus
1605 1921 1701 1955 peccat
1722 1918 1775 1946 nisi
1797 1917 1904 1946 habens
1920 1925 2003 1946 11511111
2026 1917 2107 1946 ratio-

1254 1967 1312 1999 nis;
1327 1970 1354 1995 et
1375 1966 1466 1994 01111115
1481 1966 1544 1994 talis
1566 1969 1607 1994 est
1622 1973 1743 2002 operans
1760 1973 1809 2002 per
1825 1965 2022 1994 intentionem:
2039 1973 2105 2002 ergo

1254 2017 1413 2050 peecatum,
1443 2016 1474 2041 ut
1496 2015 1642 2049 peccatum
1671 2015 1725 2045 est,
1755 2012 1840 2040 habet
1864 2020 1925 2040 esse
1946 2019 1998 2049 per
2019 2012 2106 2040 inten-

1254 2061 1365 2089 tionem.

1334 2106 1359 2135 3.
1383 2107 1465 2140 116111,
1487 2106 1561 2143 quod
1583 2105 1614 2134 fit
1636 2105 1671 2134 ab
1692 2109 1791 2142 agente
1813 2105 1972 2134 voluntario
1993 2108 2106 2143 praeter

1254 2153 1443 2185 intentionem,
1459 2153 1490 2181 fit
1504 2161 1520 2181 a
1535 2161 1601 2181 casu
1617 2156 1644 2181 et
1658 2152 1800 2186 fortuna⁵3
1816 2152 1862 2181 sed
1885 2152 1990 2180 malum
2006 2152 2105 2189 culpae

1254 2209 1308 2228 non
1331 2204 1372 2229 estv
1392 2209 1408 2228 a
1430 2208 1497 2229 casu
1524 2203 1551 2228 et
1576 2199 1702 2228 fortuna:
1727 2207 1793 2236 ergo
1816 2207 1869 2227 non
1892 2202 1934 2228 est
1955 2199 1991 2227 ab
2005 2201 2104 2235 agente

1253 2250 1365 2284 praeter
1388 2247 1577 2275 intentionem.

1332 2294 1359 2322 4.
1382 2294 1462 2328 116111,
1484 2293 1580 2322 nullus
1602 2293 1743 2322 iudicatur
1765 2293 1856 2321 malus
1872 2301 1888 2321 a
1902 2293 1982 2327 facto,
2005 2292 2055 2321 sed
2069 2292 2105 2321 ab

1254 2341 1405 2369 intentione
1420 2340 1542 2369 -111166
1568 2341 1641 2369 6111111
1668 2343 1710 2369 651
1731 2348 1803 2378 quae
1829 2351 1842 2366 «
1858 2348 1958 2368 nomen
1988 2339 2105 2382 imponit

1254 2388 1357 2425 operi»
1373 2389 1382 2402 ⁷
1395 2405 1433 2408 -—
1444 2387 1493 2416 sed
1508 2387 1543 2416 ab
1559 2395 1591 2416 eo
1607 2395 1652 2416 res
1666 2387 1780 2424 proprie
1796 2390 1822 2416 et
1838 2386 2029 2424 principaliter
2045 2394 2106 2424 pro-

1253 2435 1335 2470 cedit,
1357 2444 1372 2463 a
1392 2443 1447 2472 quo
1469 2435 1567 2472 recipit
1592 2435 1828 2472 complementum
1855 2437 1882 2463 et
1906 2433 2106 2463 denominatio-

1253 2490 1329 2511 nem:
1352 2490 1418 2519 ergo
1440 2485 1491 2511 etc.

1333 2530 1358 2557 5.
1381 2529 1457 2562 Item,
1479 2529 1527 2566 qui
1550 2532 1645 2565 peccat
1666 2536 1702 2557 ex
1726 2528 1831 2556 malitia.
1852 2530 1948 2565 peccat
1969 2535 2005 2556 ex
2027 2530 2104 2556 certa

1253 2575 1382 2609 scientia,
1404 2578 1431 2604 et
1452 2575 1549 2604 nullus
1570 2583 1655 2612 agens
1676 2574 1783 2612 ahquid
1805 2582 1841 2603 ex
1857 2577 1933 2603 certa
1948 2574 2062 2603 scientia
2077 2577 2104 2603 et

1254 2746 1406 2768 Monstrosum
1424 2748 1457 2767 est
1474 2745 1535 2767 enim
1552 2751 1589 2767 res
1607 2747 1697 2772 praeter
1723 2746 1836 2766 naturam.
1855 2743 1900 2766 Ct'r.
1918 2743 1941 2766 Il.
1960 2743 2026 2771 Phys.
2050 2745 2102 2765 text.

1254 2784 1290 2807 49.
1309 2791 1372 2813 seqq.
1392 2788 1420 2811 (c.
1438 2784 1459 2806 5.
1477 2785 1560 2812 seqq).

1316 2823 1325 2838 ⁵
1343 2824 1445 2851 Ariston,
1472 2823 1494 2845 ll.
1522 2823 1587 2851 I’hys.
1614 2824 1665 2844 text.
1690 2822 1726 2844 31.
1751 2822 1780 2849 (c.
1802 2822 1848 2849 3.);
1867 2821 1899 2843 Ill.
1918 2824 1939 2843 et
1957 2821 1984 2843 V.
2003 2821 2099 2848 Metaph.

1254 2866 1305 2886 text.
1325 2863 1344 2885 3.
1365 2863 1396 2889 (ll.
1414 2866 1435 2885 et
1452 2862 1488 2884 IV.
1507 2868 1526 2884 c.
1545 2862 1591 2890 2.);
1610 2862 1624 2884 I.
1642 2862 1711 2883 Ethic.
1730 2867 1749 2883 c.
1772 2861 1776 2882 1
1791 2868 1796 2888 ;
1815 2860 2033 2888 t.Magnor.It10rn1.
2046 2866 2065 2882 e.
2079 2860 2099 2881 2.

1253 2909 1300 2932 seq.
1320 2903 1348 2929 (c.
1371 2903 1388 2924 i.
1406 2902 1474 2930 seq).

1315 2941 1324 2956 ⁶
1342 2941 1386 2963 Csr.
1404 2941 1507 2968 Aristot„
1525 2941 1547 2962 II.
1567 2940 1632 2967 Phys.
1651 2942 1703 2962 text.
1722 2938 1759 2961 49.
1777 2945 1842 2968 seqq.
1861 2939 1888 2965 (e.
1908 2939 1928 2960 5.
1947 2938 2030 2966 seqq).

1315 2980 1325 2995 ⁷
1342 2980 1402 3002 Haec
1411 2980 1520 3002 sententia
1531 2983 1565 3002 est
1573 2979 1696 3007 Ambrosii,
1707 2979 1722 3001 1.
1732 2978 1761 3001 de
1771 2978 1834 3000 Offic.
1845 2978 1927 3000 minist.
1938 2984 1956 2999 c.
1968 2977 2004 2999 30.
2015 2983 2036 2999 11.
2047 2978 2055 2999 'I
2063 2976 2099 2999 47.

2131 1738 2167 1756 Pro
2183 1743 2211 1761 pat

2118 1761 2211 1780 affirmati·
2219 1766 2220 1771 ¹
