2243 3425
192 812 272 830 Dubium
288 811 306 829 Ξ.

314 226 371 255 958

314 303 379 330 lium
398 301 501 328 scilicet
514 302 539 326 et
559 297 711 325 venialium.
725 293 840 323 Mortale
860 296 899 319 est
916 299 965 326 per
984 290 1057 325 quod
1078 289 1159 315 homo

314 348 427 374 mortem
454 346 589 370 aeternam
615 342 733 367 meretur
751 352 787 357 —
810 335 937 363 «crimen
960 334 1048 365 enim,
1069 336 1099 359 ut
1124 331 1161 358 ait

316 387 479 422 Augustinus
491 385 509 417 ¹,
528 387 566 411 est
589 382 660 417 quod
673 384 712 408 est
724 381 834 414 dignum
854 377 1027 406 accusatione
1046 378 1072 402 et
1090 374 1162 401 dam-

316 431 446 458 natione»
470 442 506 447 -
524 425 629 453 veniale
648 427 749 455 autem,
772 422 845 457 quod
868 420 1003 447 hominem
1024 424 1111 452 usque
1136 416 1161 442 in

316 476 419 500 reatum
440 472 587 505 perpetuae
600 467 693 494 mortis
712 473 765 492 non
779 467 884 498 gravat,
904 464 1088 490 verumtamen
1102 466 1163 494 poe-

316 523 378 543 nam
398 516 524 544 meretur,
543 511 589 538 sed
610 510 687 537 facile
707 508 867 543 indulgetur.

675 595 736 622 CAP.
755 594 797 621 IV.

573 676 611 702 De
629 673 717 701 modis
732 676 912 708 peccatorum.

391 764 462 790 Modi
476 766 565 790 autem
580 764 754 796 peccatorum
773 758 861 785 varias
874 757 900 784 in
914 757 1052 791 Scriptura
1067 755 1168 782 habent

321 808 516 838 distinctiones,
540 806 565 832 in
591 812 644 839 qua
668 803 767 830 dicitur
789 800 893 828 duobus
917 800 1003 827 modis
1025 802 1167 834 peccatum

321 851 464 882 committi,
484 849 587 876 scilieet
611 860 621 871 «
636 846 782 882 eupiditate
802 848 828 872 et
848 843 942 870 timore
956 854 980 875 »‚
999 846 1028 869 ut
1047 841 1169 875 Augusti-

322 903 372 922 nus
393 893 473 920 tradit
492 899 573 926 super
594 891 668 917 illum
688 890 777 916 loeum
796 886 926 914 Psalmi²t
943 887 1056 913 Incensa
1075 884 1135 920 iqui
1146 888 1169 910 et

322 939 444 973 suffossa..
468 936 514 962 His
537 935 607 962 enim
631 933 737 960 duobus
756 931 843 958 modis
857 930 923 956 dicit
944 929 1033 956 omnia
1058 930 1169 963 peccata

323 981 446 1009 mortalia
466 979 574 1006 includi.
594 978 627 1004 Et
646 976 755 1003 incensa
774 981 805 1001 ea
825 973 902 1005 dicit,
922 980 992 1007 quae
1016 979 1048 998 ex
1069 970 1171 1005 cupidi-

323 1027 377 1051 tate
396 1023 465 1050 male
485 1021 642 1048 incendente
661 1020 801 1049 orIuntur3
820 1017 934 1051 suffossa
957 1022 1034 1046 vero,
1048 1022 1118 1050 quae
1138 1022 1170 1041 ex

324 1068 420 1094 timore
439 1066 508 1093 male
528 1064 684 1091 humiliante
705 1061 879 1096 proveniunt;
899 1059 971 1094 quod
991 1062 1042 1091 ρει,
1063 1058 1171 1092 quando

325 1111 385 1145 quis
405 1109 480 1143 cupit
507 1115 557 1134 uon
578 1105 725 1140 cupienda,
745 1103 786 1130 vel
814 1103 888 1129 timet
914 1109 965 1128 non
993 1101 1118 1128 timenda.
1137 1116 1173 1120 -

324 1153 393 1181 Alibi
409 1159 472 1178 vero
492 1151 601 1181 dicitur,
616 1151 757 1183 peccatum
780 1146 835 1173 lieri
851 1144 936 1172 tribus
951 1144 1049 1176 modis,
1069 1144 1173 1170 seilicet

327 1195 453 1231 coqz'lutu,
469 1193 549 1220 verbo
576 1195 602 1219 et
620 1198 714 1226 opere;
734 1189 806 1216 unde
819 1189 998 1222 Hieronymus
1017 1194 1099 1221 super
1112 1187 1173 1213 Eze-

327 1239 441 1266 chielem
453 1238 475 1263 ³:
488 1236 564 1263 «Tria
579 1233 712 1268 generalia
725 1232 821 1259 delicta
833 1234 902 1263 sunt,
913 1230 1012 1265 quibus
1026 1230 1173 1256 humanum

326 1283 448 1310 subiacet
460 1287 556 1315 genus:
577 1281 622 1305 aut
636 1277 706 1303 enim
725 1275 898 1309 cogitatione,
913 1277 959 1300 aut
978 1280 1114 1304 sermone,
1128 1276 1174 1299 ant

327 1332 408 1359 opere
422 1329 601 1358 peccamus».
616 1320 662 1346 His
681 1317 825 1353 aliquando
840 1317 920 1343 etiam
935 1316 1042 1342 additur
1062 1319 1174 1350 quartus

327 1367 438 1398 modus,
464 1365 567 1392 scilicet
594 1360 814 1391 consuetudines,
842 1359 915 1395 quod
941 1360 966 1386 in
995 1359 1175 1394 quatriduano

326 1412 426 1438 Lazaro
446 1408 625 1442 significatum
645 1408 692 1433 est.
713 1404 816 1431 Dicitur
830 1410 938 1438 quoqne
956 1402 1037 1429 homo
1057 1409 1173 1436 peecare

327 1454 356 1481 in
376 1454 474 1483 Deum,
495 1451 525 1477 iu
544 1459 570 1477 se
590 1453 615 1477 et
642 1448 671 1475 iu
698 1447 866 1483 proximmn.
886 1447 919 1473 1η
939 1447 1037 1477 Deum,
1059 1453 1120 1472 eum
1141 1445 1175 1472 de

327 1498 382 1524 Deo
403 1495 470 1522 male
499 1493 596 1524 sentit,
622 1496 651 1519 ιιι
679 1491 844 1523 haereticus,
873 1489 915 1516 vel
944 1496 1013 1523 quae
1045 1489 1089 1515 Dei
1114 1491 1176 1515 sunt

328 1547 463 1574 usurpare
478 1535 639 1573 praesumit,
664 1535 771 1569 indigne
784 1532 972 1568 participando
986 1532 1176 1565 Sacramentis,

330 1583 371 1610 vel
385 1581 491 1617 quando
506 1588 603 1607 nomeu
618 1578 668 1606 Dei
680 1577 826 1613 peierando
841 1575 1038 1611 contemptibile
1047 1575 1132 1609 Μαίη·
1147 1575 1176 1602 in

327 1624 489 1662 proscimum
502 1626 606 1658 peccat,
626 1630 687 1649 cum
707 1621 861 1656 proximum
882 1620 979 1646 iniuste
998 1619 1094 1652 laedit;
1109 1618 1139 1645 iu
1151 1627 1178 1645 se

331 1677 404 1701 vero,
423 1676 485 1695 cum
505 1667 571 1700 sibi,
591 1674 643 1693 non
663 1665 716 1697 alii,
736 1667 822 1691 nocet.

701 1751 762 1777 (ΖΜ).
782 1750 813 1776 V.

471 1838 547 1872 Quod
566 1837 695 1872 differunt
714 1835 842 1862 delictum
861 1839 884 1861 et
900 1838 1047 1869 peceatzmz.

405 1925 513 1952 Variam
533 1929 641 1957 quoquc
659 1920 865 1956 appellationem
880 1919 972 1946 habet:
992 1919 1090 1946 dieitur
1110 1919 1180 1946 enim

334 1972 469 2004 peccatum
489 1969 514 1993 et
533 1964 668 1991 (telletum.
688 1964 720 1990 Et
746 1974 755 1985 «
770 1962 897 1989 delictum
910 1962 1021 1989 fortasse
1036 1965 1082 1994 est,
1102 1965 1131 1988 ut
1145 1962 1182 1988 ait

335 2010 499 2044 Augustinus
512 2009 537 2034 in
551 2006 756 2039 Quaestionibus
770 2006 880 2032 Levitici
893 2005 911 2038 ⁴,
923 2005 1059 2032 declinare
1074 2012 1088 2031 a
1102 2005 1182 2037 hono,

334 2057 470 2090 peccatum
490 2055 529 2078 est
549 2051 636 2078 faeere
656 2050 763 2076 malum.
793 2048 873 2075 Aliud
894 2052 933 2075 est
956 2049 1025 2075 enim
1046 2048 1182 2075 declinare

336 2104 352 2124 a
372 2097 453 2128 bono,
473 2094 544 2121 aliud
575 2097 614 2120 est
639 2093 727 2120 facere
755 2092 864 2118 malum.
894 2092 1034 2118 Peccatum
1060 2098 1123 2124 ergo
1144 2094 1183 2117 est

336 2139 500 2174 perpetratio
514 2137 592 2167 mali,
604 2135 731 2162 (telletum
745 2135 861 2162 desertio
876 2134 953 2163 l)0ni;
968 2133 1040 2168 quod
1055 2137 1080 2160 et
1094 2134 1181 2168 ipsum

337 2190 432 2209 nomen
453 2180 575 2208 ostendit.
605 2179 673 2211 Quid
699 2178 768 2205 enim
796 2177 869 2204 aliud
890 2180 966 2203 sonat
985 2176 1112 2203 delictum
1133 2177 1182 2203 nisi

338 2225 510 2255 derelictum,
530 2227 555 2250 et
574 2223 619 2258 qui
641 2222 786 2256 delinquit,
806 2220 871 2255 quid
891 2219 1056 2255 derelinquit
1075 2220 1124 2246 nisi
1140 2220 1184 2246 bo-

338 2269 422 2295 num?
435 2279 446 2290 »
477 2278 487 2290 ιι
499 2266 546 2293 Vel
565 2265 692 2292 deltonem
712 2268 752 2291 est
771 2263 843 2298 quod
864 2264 1016 2297 ignoranter
1036 2263 1078 2295 fit,
1097 2271 1184 2297 peccu-

340 2315 396 2338 tum
415 2310 488 2344 quod
508 2310 623 2336 scienter
643 2307 825 2334 committitur.
850 2306 1032 2333 lndifferenter
1052 2310 1140 2332 tamen
1160 2309 1186 2332 et

337 2357 474 2389 peecatum
495 2352 600 2379 nomine
620 2350 726 2381 (letteu',
757 2354 782 2377 et
808 2349 935 2376 delictum
961 2349 1067 2376 nomine
1083 2348 1187 2384 peceati

342 2396 527 2431 appellatur».

405 2573 412 2587 ¹
430 2574 452 2595 ln
471 2573 557 2601 Evang.
575 2573 634 2595 loan.
653 2575 715 2595 tract.
734 2572 770 2594 41.
789 2578 809 2594 n.
828 2572 849 2594 9.

403 2612 412 2626 ’ἱ
432 2612 531 2634 Enarrat.
550 2618 571 2634 n.
594 2612 625 2633 13.
644 2612 665 2633 ιιι
684 2612 718 2633 Ps.
737 2611 774 2633 79.
806 2611 838 2633 l7.
856 2623 887 2627 —
904 2610 975 2633 Codd.
1002 2612 1018 2632 A
1030 2610 1097 2633 BCE
1121 2611 1189 2638 paulo

344 2652 436 2673 inferius
454 2654 505 2678 post
521 2650 612 2673 duobus
629 2651 736 2672 omittunt
753 2649 834 2673 modls.

406 2689 415 2704 3
433 2689 487 2717 Cap.
506 2689 545 2717 43,
572 2690 607 2711 23.
634 2689 678 2712 Cl'r.
705 2690 813 2717 August„
832 2689 946 2711 Eucliirid.
965 2695 984 2711 c.
1002 2689 1038 2711 Gt.
1063 2696 1084 2711 n.
1107 2689 1140 2711 17.
1158 2689 1189 2711 De

346 2731 426 2757 quarto
444 2728 514 2750 modo
532 2729 604 2750 malae
622 2727 796 2751 mnszwtmunis
820 2727 863 2750 snb
890 2727 964 2756 figura
990 2728 1066 2750 Lazari
1090 2728 1190 2757 loquitur

346 2767 449 2794 August„
468 2768 488 2788 in
507 2767 592 2795 Exang.
611 2767 670 2789 ioan.
695 2770 757 2789 tract.
785 2766 820 2789 to.
847 2773 868 2789 n.
895 2767 924 2789 3:
950 2767 988 2789 Est
1012 2773 1086 2795 genus
1112 2768 1191 2789 mortis

347 2806 453 2833 Immone,
466 2806 524 2827 mala
543 2806 684 2828 consuetudo
702 2806 836 2834 appellatur.
849 2818 879 2821 —
891 2806 954 2834 Quae
972 2809 1100 2835 sequuntur
1117 2813 1191 2835 usquc

348 2843 377 2865 ad
390 2849 407 2865 c.
421 2844 441 2865 S.
454 2847 558 2872 excerpta
576 2848 628 2867 sunt
645 2852 671 2867 ex
689 2845 797 2873 Ilugonc,
815 2846 878 2867 Sum.
897 2845 957 2868 Sent.
977 2850 1002 2868 tr.
1021 2846 1041 2867 3.
1060 2852 1079 2868 c.
1101 2846 1133 2867 16.

412 2880 420 2895 ⁴
437 2882 496 2904 Libr.
515 2883 546 2905 tlt.
564 2884 655 2911 Quaest.
680 2884 702 2905 ιιι
728 2884 872 2906 Pentateueu.
891 2890 912 2912 q.
938 2884 974 2906 20.
998 2884 1049 2913 Seq.
1073 2884 1137 2907 Iocus
1159 2888 1193 2907 cst

350 2919 405 2941 ibid.
424 2926 504 2948 parum
523 2922 623 2944 int'eiius.

414 2958 423 2973 ⁵
439 2959 498 2981 Libr.
518 2960 599 2982 xxxt.
618 2961 693 2983 Moral.
711 2968 729 2983 e.
749 2961 784 2983 45.
804 2968 824 2983 ιι.
843 2962 885 2990 87,
904 2964 925 2984 et
942 2963 963 2984 In
981 2962 1059 2985 Glossa
1077 2962 1106 2985 ad
1124 2962 1193 2985 Exod.

352 2997 394 3025 23,
414 2998 442 3019 2⁰

996 210 1249 242 SENTENTIARUM
1271 209 1331 238 LlB.
1353 208 1382 236 ll.

1581 282 1642 309 CAP.
1661 282 1703 309 VI.

1406 371 1444 398 De
1464 373 1561 405 septem
1577 366 1781 404 principalibus
1800 366 1882 393 vitiis.

1291 458 1432 484 Praeterea
1456 456 1595 483 sciendum
1619 457 1672 485 est,
1701 456 1803 487 septem
1823 459 1881 479 esse
1905 452 1969 478 vitia
1999 451 2162 485 prin-Dubium
2177 454 2193 472 3.

1220 501 1319 536 cipalia
1339 500 1380 527 vel
1401 499 1537 534 capitalia,
1559 501 1589 525 ut
1602 497 1748 531 Gregorius
1761 503 1843 530 super
1862 494 2007 521 Exodum⁵
2022 494 2067 527 ait,

1225 555 1236 566 «
1251 543 1355 570 scilicet
1380 543 1485 569 inanem
1514 541 1626 575 gloriam
1639 562 1645 572 ‚
1666 540 1752 572 iram,
1780 537 1909 565 invidiam
1922 558 1928 569 ‚
1951 537 2067 564 acidiam

1222 586 1263 613 vel
1284 585 1435 618 tristitiam,
1464 584 1619 615 avaritiam,
1648 581 1877 616 gastrimargiam,
1897 580 2069 606 luxuriamnz

1221 635 1299 663 quae,
1319 630 1347 654 ut
1360 627 1396 654 ait
1409 627 1520 653 Ioannes
1539 625 1745 660 Chrysostomus
1757 623 1774 655 ὅ,
1794 623 1943 656 significata
1963 626 2025 649 sunt
2043 623 2070 648 in

1222 675 1325 706 septem
1344 670 1467 705 populis,
1495 669 1541 703 qui
1569 672 1667 695 terram
1693 667 1879 702 promissionis
1898 666 1988 693 Israeli
2009 673 2071 700 pro-

1223 716 1331 741 missam
1354 713 1486 740 tenebant.
1506 713 1544 738 De
1563 712 1605 738 his
1618 711 1695 745 quasi
1710 713 1813 745 septem
1828 709 1945 736 lontibus
1958 712 2072 735 cunctae

1224 758 1373 784 animarum
1394 756 1548 783 mortiferae
1562 754 1732 788 corruptelae
1746 756 1879 780 emanant.
1900 753 1932 778 Et
1945 752 2072 779 dicuntur

1225 801 1291 827 haec
1312 798 1452 834 capitatia,
1473 798 1536 832 quia
1556 805 1589 824 ex
1609 797 1647 824 eis
1667 797 1790 823 oriuntur
1804 796 1892 822 omnia
1914 795 1992 821 mala.
2011 794 2073 821 Nul-

1225 843 1279 869 lum
1301 843 1370 869 enim
1390 841 1491 868 malum
1511 843 1565 872 est,
1585 839 1659 874 quod
1678 847 1730 866 non
1750 839 1783 865 ab
1797 839 1888 873 aliquo
1907 838 2003 865 horum
2025 838 2075 864 ori-

1226 887 1314 919 ginem
1335 885 1431 912 trahat.

1582 969 1643 996 CAP.
1663 969 1716 996 Vll.

1558 1056 1596 1082 De
1615 1054 1751 1090 superbia.

1299 1145 1339 1171 Ex
1359 1143 1485 1178 superbia
1507 1146 1594 1169 tamen
1615 1142 1704 1168 omnia
1723 1141 1794 1168 mala
1814 1141 1945 1173 oriuntur,
1966 1144 1990 1168 et
2009 1141 2078 1168 haee

1230 1192 1254 1215 et
1275 1188 1340 1218 alia:
1365 1188 1442 1222 qnia.
1466 1189 1495 1213 ut
1514 1186 1549 1212 ait
1570 1184 1752 1218 Gregorius⁷‚
1777 1184 1877 1211 «radix
1905 1184 1995 1211 cuncti
2015 1184 2077 1211 mali

1230 1235 1270 1259 est
1289 1230 1416 1265 superbia
1428 1239 1451 1261 »ς
1477 1229 1511 1256 de
1530 1236 1584 1263 qua
1604 1228 1718 1255 dieitur:
1738 1227 1851 1254 Initium
1871 1227 1960 1254 omnis
1978 1226 2080 1262 peccati

1230 1279 1266 1301 esc
1285 1272 1432 1308 superbia,
1453 1279 1522 1307 quae
1548 1274 1608 1297 «est
1628 1278 1703 1297 amor
1722 1270 1850 1305 propriae
1869 1270 2043 1297 excellentiae
2055 1281 2079 1296 ».

1230 1317 1312 1344 Cuius
1332 1319 1448 1350 quatuor
1473 1318 1535 1341 suut
1560 1314 1678 1348 speeieS,
1698 1316 1727 1340 ut
1752 1312 1916 1347 Gregorins⁸
1936 1313 1984 1339 ait:
2010 1313 2081 1339 «Pri-

1231 1368 1274 1387 ma
1293 1363 1346 1392 est,
1365 1366 1426 1385 cum
1447 1358 1545 1385 bonum
1558 1379 1564 1390 ,
1584 1357 1656 1392 quod
1682 1357 1763 1383 hahet
1782 1356 1860 1391 quiS,
1880 1356 1930 1382 sibi
1950 1355 2080 1382 attribuit.

1232 1402 1370 1434 Secunda⁷
1391 1409 1453 1428 eum
1474 1401 1572 1432 credit.
1593 1408 1607 1427 a
1635 1400 1689 1426 Deo
1716 1407 1775 1426 esse
1800 1399 1905 1431 datum,
1925 1399 1971 1425 sed
1993 1403 2080 1426 tamen

1231 1454 1281 1481 pro
1301 1446 1357 1472 suis
1384 1445 1494 1471 meritis.
1518 1443 1621 1476 Tertia,
1641 1450 1703 1469 cum
1729 1450 1758 1469 se
1778 1442 1860 1469 iactat
1879 1441 1981 1468 habere
2009 1441 2081 1476 quod

1233 1497 1284 1516 non
1306 1488 1394 1515 habet.
1414 1488 1526 1520 Quarta,
1540 1494 1617 1520 eum,
1632 1486 1729 1513 ceteris
1748 1485 1892 1520 despectis,
1911 1486 2083 1519 singulariter

1234 1533 1290 1559 vult
1309 1532 1430 1558 videri».
1450 1531 1544 1557 Merito
1565 1537 1628 1564 ergo
1642 1528 1726 1556 radiae
1740 1528 1829 1556 omnis
1841 1528 1912 1555 matt
1930 1529 2030 1556 dicitur
2043 1537 2083 1556 su—

1233 1576 1336 1611 perbia.
1357 1576 1426 1602 Huic
1451 1578 1540 1602 autem
1567 1573 1674 1600 videtur
1694 1573 1805 1600 obviare
1825 1573 1897 1608 quod
1917 1573 1954 1599 ait
1973 1575 2085 1607 Aposto-

1234 1619 1308 1646 lus⁹:
1330 1617 1422 1646 Radix
1437 1616 1561 1644 omnium
1580 1616 1718 1643 matorum
1740 1620 1776 1642 est
1795 1615 1949 1651 cupiditus;
1969 1616 2040 1650 quia,
2061 1616 2083 1642 si

1235 1662 1313 1689 radix
1333 1662 1453 1688 omnium
1473 1660 1605 1687 malorum
1626 1659 1762 1694 cupiditas
1781 1662 1829 1691 ρει,
1849 1666 1912 1692 ergo
1932 1658 2085 1693 superbiae.

1235 1705 1374 1738 Quomodo
1403 1712 1466 1739 ergo
1493 1703 1620 1738 superbia
1650 1702 1727 1730 radix
1757 1705 1797 1729 est
1824 1705 1850 1729 et
1876 1702 1979 1729 initium
2001 1702 2086 1729 omnis

1236 1749 1363 1783 peceati?

1588 1832 1649 1859 CAP.
1670 1832 1733 1858 vill.

1241 1919 1377 1953 Quomodo
1402 1918 1530 1954 superbia
1555 1918 1664 1945 dicutur
1691 1917 1775 1944 radix
1804 1917 1927 1944 omnium
1950 1917 2089 1944 mulorum

1309 1967 1332 1989 et
1351 1962 1497 1997 cupiditas,
1517 1970 1578 1988 eum
1598 1961 1726 1996 superbia
1746 1969 1802 1987 non
1822 1960 1856 1988 sit
1876 1960 2017 1996 cupiditas.

1313 2048 1365 2075 Sed
1390 2051 1557 2082 «utrumque
1583 2051 1656 2074 recte
1676 2047 1778 2074 dictum
1798 2054 1855 2074 esse
1880 2047 2048 2081 intelligitur,
2068 2047 2089 2073 si

1238 2100 1337 2127 qeneru
1354 2095 1525 2126 pervelm-unz
1545 2090 1730 2126 stimulorum,
1756 2098 1806 2117 non
1833 2089 1942 2125 sinqulu
1961 2098 2090 2125 quaerum

1241 2138 1354 2169 utraque
1374 2134 1509 2161 locutione
1529 2133 1711 2167 intelligantur
1732 2133 1844 2165 includi;
1866 2133 1967 2160 nullum
1988 2133 2091 2167 quippe

1240 2184 1324 2212 genus
1338 2177 1443 2211 peceati
1464 2179 1515 2207 est,
1535 2176 1607 2210 quod
1623 2176 1755 2202 interdum
1771 2183 1804 2202 ex
1823 2176 1951 2210 superbia
1966 2183 2017 2202 uon
2032 2183 2092 2210 pro-

1242 2220 1342 2251 veniat;
1357 2219 1459 2246 nullum
1481 2219 1561 2245 ctiam
1576 2222 1624 2249 est,
1638 2218 1710 2253 quod
1731 2226 1764 2245 ex
1778 2218 1925 2253 eupiditate
1946 2218 2091 2252 aliquando

1241 2270 1292 2289 non
1306 2262 1460 2289 descendat.
1475 2262 1541 2289 Sunt
1555 2262 1624 2288 enim
1641 2262 1759 2288 nonnulli
1775 2262 1922 2293 hominum,
1942 2262 1988 2296 qui
2003 2269 2036 2288 ex
2050 2269 2093 2288 cu<

1242 2306 1354 2340 piditate
1368 2306 1433 2332 liunt
1447 2305 1571 2340 superbi;
1586 2309 1611 2332 et
1625 2305 1708 2339 aliqui
1723 2312 1756 2331 ex
1770 2305 1898 2339 superbia
1913 2305 1978 2331 fiunt
1991 2304 2092 2339 cupidi.

1241 2349 1288 2375 Est
1309 2349 1393 2380 enim,
1414 2352 1442 2375 ut
1466 2349 1503 2375 ait
1522 2348 1733 2382 Augustinusffl,
1762 2348 1855 2379 homo,
1876 2348 1921 2382 qui
1953 2356 2004 2375 non
2024 2352 2094 2375 esset

1243 2396 1347 2419 amator
1366 2392 1506 2426 pecuniae,
1526 2392 1576 2418 nisi
1597 2399 1645 2426 per
1665 2392 1717 2418 hoc
1736 2394 1858 2426 putaret,
1878 2399 1907 2418 se
1926 2391 2094 2418 excellentio-

1307 2571 1316 2586 0
1334 2573 1372 2594 Est
1388 2573 1410 2594 in
1428 2572 1507 2594 Glossa
1519 2571 1583 2599 apud
1594 2571 1723 2599 Lyranum,
1737 2570 1801 2592 Dent.
1815 2570 1850 2592 23.
1864 2570 1900 2592 23.
1915 2569 1936 2591 ln
1949 2569 2013 2591 libris
2025 2568 2096 2597 Chry-

1246 2613 1339 2634 sostomi
1363 2612 1438 2634 locum
1462 2612 1531 2634 istum
1554 2617 1599 2632 non
1622 2611 1768 2638 invenimus,
1792 2609 1833 2631 sed
1854 2610 1876 2631 ιιι
1900 2610 1959 2631 toan.
1987 2608 2094 2631 Cassiano

1247 2651 1324 2674 Collat.
1343 2651 1364 2672 5.
1382 2657 1400 2672 e.
1423 2651 1455 2678 16,
1474 2653 1496 2672 et
1518 2650 1596 2672 lsidor.
1621 2649 1713 2677 Quaest.
1737 2650 1758 2671 in
1778 2649 1842 2671 Dent.
1866 2654 1884 2670 e.
1913 2649 1946 2670 16.
1964 2660 1994 2664 -
2012 2648 2033 2669 ln
2052 2648 2097 2669 fine

1247 2693 1297 2712 ante
1310 2696 1355 2712 non
1369 2688 1398 2712 ab
1409 2689 1489 2719 aliquo
1509 2689 1557 2712 Vat.
1576 2694 1629 2711 eum
1648 2688 1698 2711 eod.
1712 2688 1729 2710 D
1741 2691 1763 2710 et
1781 2688 1857 2710 multis
1869 2687 1922 2709 edd.
1935 2687 1999 2709 addit
2018 2686 2097 2709 eliam.

1310 2728 1319 2743 ⁷
1336 2729 1389 2751 Loc.
1408 2729 1459 2755 cit.;
1477 2728 1541 2750 locus
1559 2728 1691 2755 Scripturae
1708 2729 1742 2750 ρει
1759 2727 1825 2749 Eccli.
1844 2728 1880 2754 10,
1897 2726 1929 2748 l5.
1943 2726 2049 2748 Definitio
2061 2732 2097 2748 su-

1248 2767 1342 2795 perbiae
1360 2771 1394 2790 est
1410 2774 1437 2789 ex
1455 2768 1563 2795 August.⁷
1583 2766 1620 2789 Xl.
1639 2766 1667 2789 de
1685 2767 1740 2789 Gen.
1759 2766 1789 2789 ad
1806 2767 1835 2788 lit.
1855 2772 1874 2788 e.
1896 2765 1928 2788 lsi.
1948 2772 1969 2787 n.
1989 2765 2024 2787 Ἰ18.

1311 2807 1320 2821 ⁸
1337 2807 1396 2829 Libr.
1415 2807 1494 2829 xxut.
1512 2807 1588 2829 Moral.
1607 2813 1625 2829 c.
1645 2807 1665 2828 6.
1685 2812 1705 2828 n.
1727 2806 1760 2828 t3.

1311 2846 1320 2860 ⁹
1338 2847 1407 2874 Epist.
1426 2847 1440 2869 l.
1459 2846 1488 2868 ad
1506 2846 1565 2868 Tim.
1585 2846 1611 2874 6,
1631 2846 1666 2868 10.
1684 2858 1715 2862 -
1734 2845 1828 2868 Inferius
1853 2851 1895 2873 pro
1921 2844 1976 2874 quin
1999 2844 2051 2866 edd.
2080 2845 2097 2871 l,

1250 2887 1262 2908 8
1280 2885 1327 2909 sed.

1314 2925 1333 2939 10
1350 2925 1410 2947 Libr.
1430 2925 1466 2947 Xl.
1486 2925 1513 2947 de
1536 2925 1591 2947 Gen.
1610 2924 1639 2946 ad
1657 2925 1687 2947 lit.
1705 2930 1725 2947 e.
1748 2924 1780 2946 15.
1800 2930 1820 2946 n.
1844 2925 1876 2946 19.
1895 2923 1939 2945 Sed
1958 2926 2018 2945 totns
2036 2923 2099 2945 loeus

1250 2969 1262 2985 a
1280 2963 1373 2985 verbis:
1393 2964 1520 2991 utrumque
1537 2964 1599 2986 recte
1620 2969 1695 2991 usque
1713 2961 1766 2985 Ideo
1784 2967 1840 2991 erqo
1858 2962 1957 2984 occurrit
1975 2962 1996 2983 ιιι
2020 2961 2097 2983 Glossa

1251 3002 1279 3024 ad
1299 3003 1313 3024 1.
1333 3002 1392 3024 Tim.
1411 3003 1436 3030 6,
1458 3003 1491 3024 10.
1508 3014 1539 3018 —
1558 3002 1599 3024 l‘ro
1617 3001 1670 3025 Ideo
1688 3007 1743 3031 erqo
1762 3001 1813 3024 edd.
1835 3002 1854 3029 t,
1872 3001 1884 3023 S
1904 3000 2009 3030 Ideoque.

2094 1227 2174 1246 Dubium
2190 1226 2209 1245 4.
2233 1242 2234 1245 ,
