2243 3425
60 381 112 400 Ratio
125 381 141 398 2.

45 896 139 920 Epilogus.

7 1318 17 1335 ἑ(
37 1319 94 1337 olntio
108 1324 140 1342 op-

15 1357 17 1359 ,
37 1342 131 1360 ositorum.

34 1611 135 1630 Oistiuctio.

36 1706 139 1725 Subdistiu-

26 1730 27 1753 1
58 1730 101 1748 ctio.

864 203 946 231 DIST.
970 203 1058 231 XXIX.
1080 203 1152 231 ART.
1176 203 1204 231 11.

158 281 292 318 Respexit
319 280 463 309 Dominus
491 281 532 309 ad
560 281 630 309 Abel
657 285 683 309 et
709 281 750 310 ad
776 290 901 310 munera
923 281 1006 315 61115,-

157 329 236 366 prius
258 328 323 356 dicit
344 328 385 356 cut
405 327 485 361 Abel,
507 332 534 357 et
555 332 651 365 postea
672 328 738 357 dicit
760 328 800 356 ud
820 337 1006 357 munera.—

158 376 272 412 Propter
287 375 479 403 conditionem
499 376 582 403 etiam
598 375 777 412 operationis
792 376 949 404 necessaria
964 378 1006 404 est

157 423 261 460 gratia,
283 423 349 459 quia
372 422 449 450 nulla
470 425 511 450 est
532 422 657 458 operatio
673 422 815 450 meritoria
838 422 889 450 nisi
914 426 1004 456 recta;

156 473 183 498 et
204 469 282 498 nulla
304 469 365 497 est¹
389 472 480 502 recta,
502 469 554 496 nisi
577 468 625 496 flat
646 476 683 497 ex
705 472 780 497 recta
796 468 962 502 intentione;
978 472 1006 497 et

156 516 233 545 nulla
255 519 345 553 potest
367 524 427 544 esse
454 519 529 544 recta
558 516 687 549 intentio,
717 515 769 543 nisi
798 523 870 552 quae
899 515 1004 543 bonum

155 571 299 593 summum
321 563 396 591 omni
419 563 491 591 hono
513 562 666 599 praeponit.
683 562 764 590 Nulla
779 565 873 590 autem
889 561 1005 590 intentio

154 614 245 648 potest
266 611 318 639 hoc
340 610 431 638 facere
453 610 479 638 in
501 613 575 638 statu
596 612 713 638 naturae
736 609 830 646 lapsae
852 609 910 637 sine
932 609 1005 637 dono

155 658 268 694 gratiae.
292 658 323 685 Et
343 661 512 694 propterea,
535 656 772 693 qualemcumque
796 656 839 684 vel
861 659 1005 692 (1113111310-

154 712 275 741 cumque
296 704 378 732 faciat
400 704 483 732 homo
504 704 694 740 operationem
710 703 816 740 absque
832 703 934 740 gratia,
950 710 1004 730 non

154 755 295 785 meretur,
317 751 383 788 quia
404 759 459 778 non
482 753 580 788 pensat
608 750 683 779 Deus
711 754 876 788 quantum,
899 749 947 778 sed
970 757 1004 777 ex

154 802 263 837 quanto
286 799 337 827 hoc
359 798 449 826 saciat.

233 846 308 874 Patet
329 845 430 882 igitur,
452 845 528 882 quod
551 845 701 882 multiplex
716 848 758 873 est
772 844 923 873 necessitas
946 851 1005 880 gra-

153 893 208 921 tiae
228 893 263 921 ad
286 892 470 926 merendum,
492 892 596 921 scilicet
625 895 740 929 propter
769 891 942 920 conditiones
963 899 1005 918 re-

154 939 308 968 tribuentis
329 942 356 968 et
376 939 596 973 retributionis,
619 938 768 976 operantis
783 941 811 967 et
833 937 923 966 bonae
945 946 1005 974 ope-

153 986 298 1020 rationis,
322 986 358 1014 ita
380 986 455 1023 quod
478 986 544 1014 haec
567 985 748 1023 quadruplex
771 985 921 1013 necessitas
943 992 1005 1013 con-

153 1034 242 1063 currit
263 1033 296 1061 ad
320 1036 424 1061 statum
445 1036 563 1061 naturae
584 1032 695 1069 lapsae,
717 1035 745 1061 et
766 1032 873 1069 duplex
895 1031 930 1059 ad
953 1034 1005 1059 513-

154 1085 214 1110 tum
237 1081 396 1109 institutae.
419 1081 450 1109 Et
476 1080 528 1109 hoc
556 1084 598 1108 est
626 1080 701 1116 quod
730 1079 797 1108 dicit
825 1079 954 1115 Magister
976 1079 1003 1106 in

152 1128 245 1156 littera
256 1128 280 1162 ²,
295 1127 370 1165 quod
386 1127 470 1155 homo
485 1126 627 1163 indigebat
642 1127 731 1163 gratia
751 1131 888 1163 operante
904 1129 931 1154 et
945 1133 1004 1153 coo-

149 1179 272 1213 perante
294 1175 450 1203 secundum
472 1177 576 1203 statum
605 1177 723 1202 naturae
752 1173 914 1207 institutae,
941 1172 1004 1201 licet

152 1230 207 1251 non
229 1222 386 1251 secundum
408 1229 521 1250 omnem
542 1221 662 1249 modum
684 1221 789 1258 gratiae
811 1220 969 1257 operantis.

234 1271 258 1297 1,
281 1271 307 1297 ⁹2.
327 1269 365 1297 Ad
381 1269 451 1297 illud
468 1277 534 1305 ergo
549 1268 624 1305 quod
640 1267 771 1297 obiicitur
787 1267 813 1296 10
831 1267 1003 1296 contrarium

154 1317 189 1346 de
210 1317 375 1346 auctoritate
403 1315 548 1353 Augustini
572 1319 599 1344 et
619 1315 803 1349 Damasceni,
833 1314 1002 1347 dicendum,

154 1364 229 1401 quod
252 1364 321 1392 illud
344 1363 449 1392 dictum
472 1366 529 1395 est,
551 1370 604 1390 non
627 1363 694 1399 quia
715 1365 837 1399 potestas
860 1361 940 1390 liberi
963 1368 1004 1388 ar-

152 1411 228 1439 bitrii
250 1414 277 1439 et
298 1414 416 1439 naturae
444 1410 479 1438 sit
501 1409 642 1438 sufficiens
665 1409 691 1437 in
715 1417 785 1445 opus
807 1408 1003 1442 meritorium,

152 1458 201 1487 sed
223 1457 288 1494 quia
311 1461 411 1486 natura
432 1457 503 1485 bene
523 1456 652 1484 ordinata
667 1456 818 1485 concordat
833 1463 897 1484 cum
914 1455 1003 1492 gratia

152 1507 178 1533 et
200 1505 342 1533 discordat
363 1513 379 1532 a
401 1504 492 1540 culpa.

231 1551 257 1580 3.
278 1552 317 1580 Ad
340 1551 410 1580 illud
431 1551 507 1588 quod
529 1550 675 1584 obiicitur,
697 1550 774 1587 quod
798 1550 850 1578 Dei
868 1548 1001 1586 perfectu

149 1603 219 1627 sunt
240 1608 345 1636 opertu
366 1599 534 1629 dicendum.
556 1598 632 1635 quod
653 1600 695 1626 est
717 1597 849 1634 perfectio
864 1601 1001 1634 quantum

152 1646 186 1675 ad
210 1655 268 1674 esse
286 1646 431 1683 primum,
454 1649 481 1674 et
502 1649 544 1674 est
565 1644 697 1682 perfectio
727 1647 864 1681 quantum
887 1644 923 1672 ad
944 1652 1003 1672 esse

151 1694 321 1722 secuudum.
345 1694 375 1722 Et
396 1693 528 1730 perfectio
542 1696 678 1730 quantum
702 1692 737 1720 ad
760 1700 819 1719 csse
840 1691 1002 1719 sectandum

152 1741 257 1778 duplex
280 1744 330 1769 est.
353 1741 496 1777 Quaedam
519 1741 592 1769 enim
614 1743 671 1773 est,
700 1747 772 1776 quae
799 1738 882 1767 habet
904 1742 1001 1766 ortum

152 1797 168 1817 a
189 1788 358 1825 perfectione
381 1788 537 1816 secundum
552 1796 612 1816 esse
624 1787 775 1824 primum,
792 1786 864 1815 sicut
880 1786 927 1814 illa
942 1794 1003 1823 per-

152 1836 248 1870 fectio,
271 1843 342 1872 quae
364 1835 518 1864 attenditur
540 1835 567 1863 in
586 1834 793 1868 accidentibus,
816 1841 888 1871 quae
909 1833 1003 1861 oriun-

152 1886 199 1911 tur
220 1891 255 1912 611
271 1882 415 1920 principiis
431 1882 557 1911 subiecti.
574 1882 620 1911 Est
640 1882 694 1910 alia
715 1881 848 1918 perfectio
864 1884 1001 1918 quantum

152 1931 186 1959 ad
208 1939 268 1958 esse
287 1930 465 1963 secundum,
481 1937 553 1966 quae
568 1938 626 1957 ozon
641 1932 787 1957 causatur
801 1936 817 1956 a
833 1928 1001 1964 perfectione

151 1977 308 2006 secundum
330 1985 389 2005 esse
408 1976 552 2013 primum,
575 1976 623 2005 sed
640 1977 733 2013 potius
748 1978 789 2004 est
803 1984 898 2012 supra
914 1975 1000 2008 illud,

151 2024 224 2053 sicut
245 2028 287 2053 est
308 2024 441 2061 perfectio
463 2023 490 2051 in
512 2032 571 2052 esse
586 2023 708 2060 gratuito
724 2023 767 2051 vel
783 2022 913 2060 glorioso,
929 2030 1001 2059 quae

152 2072 266 2109 quidem
289 2074 330 2100 est
351 2071 382 2099 iu
403 2070 506 2104 nobis,
528 2079 582 2099 non
605 2079 640 2099 ex
660 2070 763 2103 uobis,
786 2070 834 2098 sed
857 2078 892 2097 ex
914 2069 972 2097 Deo
983 2069 1001 2097 ³.

1857 206 1911 234 699

1063 282 1132 310 Cum
1155 290 1221 319 ergo
1244 282 1362 314 dicitur,
1378 282 1452 319 quod
1469 282 1518 311 Dei
1534 283 1656 319 perfecta
1671 285 1736 311 sunt
1751 290 1844 320 opera,
1860 284 1913 313 1100

1064 329 1228 366 intelligitur
1244 333 1381 366 quantum
1396 330 1431 358 ad
1447 338 1506 357 esse
1518 329 1652 366 primum
1674 333 1701 358 et
1723 334 1859 367 quantum
1876 331 1911 360 ad

1063 384 1122 404 esse
1143 377 1322 410 secundum,
1351 377 1427 414 quod
1455 380 1601 404 causatur
1631 377 1666 405 ab
1694 377 1747 405 illo.
1770 380 1911 413 Quantum

1063 426 1155 451 autem
1172 424 1207 452 ad
1225 423 1293 452 illud
1316 432 1375 452 esse
1388 424 1566 457 sectandum,
1588 424 1663 461 quod
1687 433 1742 452 11011
1766 428 1912 453 causatur

1062 478 1078 498 a
1100 471 1268 507 perfectione
1290 471 1444 499 secundum
1462 480 1520 499 esse
1535 472 1678 508 primum,
1694 472 1840 500 veritatem
1857 480 1911 500 non

1062 517 1154 545 habet.
1177 517 1234 545 Non
1257 518 1329 546 euim
1353 518 1416 546 fecit
1437 518 1512 546 Deus
1533 526 1630 547 omnes
1651 519 1747 547 beatos
1768 522 1795 547 et
1815 519 1913 556 glorio-

1062 571 1122 597 505,
1145 564 1194 592 56(1
1216 564 1278 592 11105
1294 565 1367 593 50105
1382 565 1565 598 beatificavit,
1581 574 1653 603 quos
1669 566 1912 603 praedcstz'mwit,

1062 608 1226 646 conformes
1240 610 1308 647 fieri
1323 611 1463 648 imctyiitis
1485 612 1557 640 Filii
1576 613 1669 646 .s·ui⁴;
1691 613 1743 641 hoc
1765 613 1839 641 60101
1859 613 1913 642 dis-

1062 657 1139 694 ponit
1161 657 1228 686 dare
1251 666 1299 694 per
1323 658 1422 686 merita
1439 662 1570 695 tanquam
1594 660 1697 688 bonum
1716 660 1864 688 laudabile.
1882 661 1912 688 Et

1062 705 1132 732 ratio
1154 705 1240 733 11111115
1262 705 1402 741 assignata
1416 706 1468 734 fuit
1484 714 1570 743 supra
1586 707 1761 736 distinctione
1777 708 1912 744 vigesima

1062 751 1181 788 septima
1194 751 1212 778 ⁵.

1140 799 1166 826 [1.
1190 798 1226 826 Ad
1251 798 1321 827 illud
1350 799 1425 835 quod
1448 799 1595 831 obiicitur,
1617 800 1692 837 quod
1714 800 1785 829 aliae
1806 804 1912 829 creatu-

1061 854 1109 874 rae
1131 849 1248 882 possunt
1271 847 1418 883 pervenire
1440 846 1466 874 in
1489 846 1589 881 finem,
1611 847 1644 875 ad
1668 855 1752 884 quem
1775 851 1848 881 sunt,
1863 856 1913 885 per

1062 893 1195 921 virtutem
1218 896 1355 927 naturae;
1377 893 1542 927 dicendum,
1564 894 1640 930 quod
1662 902 1717 922 non
1739 898 1781 923 est
1802 894 1912 929 simile>

1062 940 1127 977 quia
1150 940 1212 968 finis
1234 944 1380 968 creaturae
1402 940 1545 968 rationalis
1567 944 1608 969 est
1630 949 1775 970 summum
1798 941 1911 976 bonum,

1062 987 1137 1024 quod
1159 991 1201 1016 est
1221 996 1317 1024 supra.
1339 995 1449 1016 0111116111
1466 991 1606 1016 naturam.
1623 988 1694 1017 Finis
1710 996 1776 1017 vero
1791 988 1912 1017 aliarum

1062 1038 1258 1063 creaturarum
1274 1038 1315 1063 est
1331 1034 1434 1063 honum
1451 1038 1593 1069 creatum,
1614 1035 1689 1071 quod
1705 1039 1747 1064 est
1762 1034 1846 1072 infra
1863 1040 1914 1064 ter—

1062 1082 1152 1109 minos
1174 1085 1309 1110 naturae:
1333 1082 1395 1110 ideo
1417 1086 1547 1110 creatura
1568 1082 1713 1111 rationalis
1735 1082 1823 1119 magis
1846 1083 1913 1111 indi-

1061 1132 1106 1165 get
1122 1129 1194 1157 douo
1210 1124 1324 1165 gratiae,
1340 1132 1371 1157 ut
1386 1130 1472 1165 possit
1487 1130 1637 1166 pervenire
1654 1129 1680 1157 in
1691 1129 1700 1142 ⁶
1716 1138 1800 1158 suum
1816 1129 1910 1164 finem,

1061 1184 1146 1213 quam
1168 1176 1239 1204 aliae
1261 1180 1417 1204 creaturae.

1142 1224 1166 1251 5
1190 1224 1227 1251 Ad
1251 1223 1321 1251 illud
1344 1223 1418 1260 quod
1448 1223 1594 1258 obiicitur,
1624 1224 1698 1260 quod
1728 1217 1842 1252 naturav
1857 1232 1911 1252 non

1061 1270 1155 1299 deficit
1176 1271 1203 1298 in
1226 1271 1409 1305 necessariis3
1432 1270 1485 1299 iain
1508 1274 1583 1308 patet
1612 1271 1755 1308 responsio
1778 1279 1813 1299 ex
1836 1279 1913 1308 prae-

1061 1318 1150 1346 dictis.
1174 1318 1227 1346 Hoc
1248 1317 1322 1347 enim
1339 1318 1503 1354 intelligitur
1520 1318 1554 1347 de
1570 1319 1750 1352 necessariis,
1766 1327 1838 1355 quae
1853 1319 1911 1356 qui-

1061 1366 1125 1393 dem
1154 1365 1338 1394 attenduntur
1368 1369 1504 1402 quantum
1534 1365 1568 1393 ad
1599 1374 1658 1393 esse
1682 1365 1837 1402 primum,
1867 1366 1911 1395 vel

1060 1416 1197 1449 quantum
1220 1412 1254 1440 ad
1271 1421 1330 1440 esse
1344 1412 1515 1446 secumlimz,
1532 1412 1607 1449 quod
1623 1417 1769 1440 causatur
1785 1421 1819 1440 cx
1832 1413 1913 1450 prin-

1060 1460 1146 1496 cipiis
1168 1464 1305 1488 1111111106.
1328 1460 1469 1496 Quantum
1497 1468 1563 1488 vero
1585 1460 1620 1488 ad
1642 1460 1712 1488 illud
1734 1469 1793 1488 csse
1814 1469 1913 1488 secuu-

1060 1507 1148 1539 dum,
1167 1507 1242 1544 quod
1264 1510 1306 1535 est
1326 1515 1421 1543 supra
1442 1511 1604 1540 viaturam,
1628 1515 1740 1536 necesse
1761 1511 1811 1542 est,
1833 1511 1911 1536 natu-

1060 1562 1119 1582 ram
1143 1553 1277 1588 deficere,
1300 1558 1326 1582 et
1348 1554 1401 1582 tale
1427 1558 1468 1582 est
1497 1563 1555 1582 esse
1584 1555 1738 1591 gratuitum
1765 1558 1792 1583 et
1814 1555 1913 1592 glorio-

1060 1608 1131 1629 sum.
1155 1600 1268 1628 Nullum
1292 1604 1382 1629 tamen
1399 1609 1434 1629 ex
1452 1601 1503 1629 1100
1519 1601 1549 1629 111
1564 1605 1682 1630 naturae
1698 1602 1911 1638 praeiudicium,

1059 1647 1126 1684 quia
1147 1648 1222 1676 Deus
1238 1647 1376 1676 defectum
1393 1652 1511 1676 naturae
1526 1649 1638 1685 supplet
1657 1652 1684 1677 et
1699 1657 1810 1686 semper
1834 1657 1912 1686 prae-

1060 1698 1101 1723 sto
1123 1699 1180 1728 651,
1203 1703 1266 1723 cum
1290 1703 1318 1723 se
1341 1695 1420 1723 offert
1445 1699 1555 1732 tempus
1570 1699 1597 1724 et
1613 1695 1706 1730 locus,
1729 1696 1869 1733 complere
1885 1700 1912 1725 et

1060 1741 1127 1770 dare
1149 1742 1223 1778 quod
1246 1745 1348 1770 natura
1370 1750 1423 1770 non
1446 1746 1563 1779 poterat.

1140 1789 1164 1817 6.
1188 1789 1225 1817 Ad
1250 1789 1319 1817 illud
1342 1789 1417 1826 quod
1434 1789 1532 1818 ultimo
1548 1790 1693 1824 obiicitur,
1714 1794 1811 1819 utrum
1828 1791 1911 1819 homo

1060 1841 1218 1864 mereretur
1240 1836 1346 1873 aliquid
1370 1837 1413 1865 vel
1435 1837 1520 1871 nihil,
1542 1837 1563 1865 si
1588 1837 1690 1866 faceret
1705 1846 1806 1874 opera;
1822 1838 1913 1867 dicen-

1059 1883 1144 1917 dum,
1166 1884 1241 1920 quod
1264 1892 1318 1912 non
1342 1887 1498 1913 mereretur
1513 1885 1621 1922 aliquid
1637 1885 1672 1913 de
1688 1886 1845 1923 condique,
1862 1886 1911 1915 sed

1059 1930 1094 1959 de
1116 1939 1264 1968 coriorum
1286 1934 1313 1959 et
1335 1931 1373 1960 sic
1396 1932 1530 1960 merendo
1559 1932 1718 1969 disponeret
1744 1940 1773 1961 se
1795 1933 1830 1961 ad
1853 1942 1913 1970 gra-

1060 1977 1135 2007 tiam,
1150 1981 1177 2006 et
1193 1978 1254 2006 ideo
1267 1986 1320 2006 non
1333 1982 1499 2015 operaretur
1515 1979 1619 2008 frustra
1630 1980 1745 2008 ⁷.-—Ex
1761 1981 1912 2017 praedictis

1060 2028 1149 2061 patet,
1172 2028 1310 2062 quantum
1334 2026 1457 2054 humana
1479 2030 1580 2055 natura
1603 2028 1627 2055 in
1645 2030 1718 2056 statu
1739 2028 1911 2057 innocentiae

1059 2071 1167 2108 eguerit
1189 2072 1278 2109 gratia
1289 2073 1306 2100 ³.

877 2206 1113 2240 ARTICULUS
1139 2207 1176 2240 ΙΙ.

473 2324 578 2353 Utrum
599 2323 682 2353 homo
704 2328 771 2353 unte
789 2328 943 2362 peccatum
967 2324 1101 2354 habuerit
1120 2327 1257 2363 ¹qratiam
1277 2330 1400 2363 oratum
1421 2325 1586 2363 facientem.

230 2466 438 2503 Consequenter
460 2465 622 2502 quaeritur,
650 2468 748 2493 utrum
770 2464 854 2493 homo
876 2465 902 2493 10
925 2468 999 2494 statu

151 2513 323 2542 innocentiae
345 2512 476 2541 habuerit
504 2512 622 2549 gratiam
652 2515 763 2548 gratum
791 2511 947 2540 facientem.
970 2512 1001 2540 Et

151 2560 225 2589 circa
247 2560 298 2588 hoc
320 2562 497 2597 quaeruntur
519 2559 583 2587 duo.

229 2607 321 2635 Primo
343 2607 501 2644 quaeritur,
523 2610 621 2634 utrum
645 2605 776 2634 habuerit
797 2605 915 2643 gratiam
937 2608 1001 2634 ante

214 2811 221 2826 ¹
239 2811 295 2834 Cod.
313 2812 327 2833 S
343 2812 418 2841 potest
435 2817 490 2834 esse.
507 2824 539 2828 —
556 2811 588 2833 De
610 2812 653 2834 hac
670 2812 757 2834 ratione
779 2812 819 2833 cfr.
838 2812 951 2839 Anselm.,
970 2811 998 2834 de

151 2851 262 2874 Concord,
281 2857 369 2879 praesc.
388 2851 427 2873 Dei
445 2857 498 2873 cum
516 2851 554 2873 lib.
572 2851 621 2873 arb.
639 2857 661 2879 q.
680 2851 701 2873 3.
719 2857 738 2873 c.
757 2851 778 2873 3.
796 2857 845 2879 seq.

213 2891 222 2905 ‘2
239 2891 280 2913 Hic
300 2897 320 2913 c.
346 2891 364 2918 1,
386 2890 425 2913 ubi
448 2891 517 2912 etiam
539 2897 581 2918 pro
604 2897 644 2913 sua
669 2891 778 2913 sententia
802 2890 896 2913 adducit
919 2891 998 2918 Augu-

151 2931 243 2952 51100111,

213 2968 223 2983 ³
240 2967 284 2990 Csr.
302 2974 373 2996 supra
390 2968 414 2990 d.
431 2968 468 2990 26.
486 2975 508 2997 q.
527 2968 548 2991 3.

214 3006 223 3021 ⁴
240 3008 306 3030 Rom.
325 3008 351 3035 8,
370 3008 406 3030 29.

1058 2466 1177 2503 lapsum.

1137 2513 1264 2542 Secundo
1286 2515 1448 2551 quaeritur,
1470 2518 1566 2543 utrum
1589 2516 1673 2544 simul
1701 2520 1826 2555 tempore
1848 2527 1909 2547 con-

1059 2560 1134 2588 ditus
1156 2560 1240 2589 fuerit
1262 2560 1287 2589 111
1311 2562 1440 2598 gratuitis
1461 2565 1487 2590 et
1511 2564 1695 2593 naturalibus.

1118 2811 1127 2826 ⁵
1144 2813 1189 2834 Art.
1203 2813 1223 2834 ⁴2.
1238 2819 1260 2841 q.
1274 2812 1294 2834 3.
1307 2825 1338 2828 —
1349 2812 1421 2835 Codd.
1435 2816 1457 2836 et
1468 2813 1520 2836 edd.
1535 2821 1659 2842 perperam
1672 2815 1779 2844 delegant
1791 2816 1820 2839 ad
1834 2817 1855 2839 d.
1869 2817 1906 2840 24.

1118 2850 1128 2864 ⁶
1146 2851 1195 2872 Vat.
1214 2857 1269 2873 cum
1286 2851 1339 2874 edd.
1358 2851 1382 2879 3,
1402 2851 1414 2873 4
1432 2851 1469 2874 ad.

1118 2889 1127 2903 ⁷
1145 2889 1189 2912 Cfr.
1203 2896 1272 2918 supra
1290 2890 1312 2912 d.
1326 2891 1362 2912 28.
1377 2897 1396 2913 a.
1410 2892 1430 2913 Ξ.
1450 2898 1471 2920 q.
1494 2892 1510 2913 Ι.
1523 2905 1553 2908 -
1566 2892 1635 2914 Paulo
1652 2894 1760 2921 superius
1779 2901 1821 2922 pro
1834 2901 1906 2924 opera

1058 2929 1106 2950 Vat.
1125 2935 1177 2951 cum
1196 2929 1248 2951 edd.
1268 2930 1295 2957 3,
1315 2929 1327 2951 4
1345 2930 1460 2953 mandata
1478 2931 1525 2953 Dei.

1119 2967 1128 2982 8
1147 2968 1205 2991 Vide
1224 2969 1325 2991 scholion
1344 2969 1372 2991 311
1391 2970 1566 2997 praecedentem
1585 2975 1674 3000 quaest.

1929 289 2042 308 Notandum.

1927 945 2042 965 Notandum.
