2243 3425
214 338 253 355 Non
266 336 332 361 proba-

253 363 287 378 tur.

275 484 329 502 Nota.

211 764 329 787 Explicantur

202 788 258 813 verba
269 788 330 811 Augu-

203 813 253 829 sttui.

201 1183 329 1206 improbantur

201 1206 330 1224 sundam.5.o.

211 1462 235 1480 111]
243 1463 326 1481 irohatur

199 1485 236 1509 dup
245 1491 265 1504 ex
272 1487 326 1505 ratio.

197 1883 324 1906 adquaestu-

209 1911 241 1924 nes
254 1907 311 1925 mcid.

347 162 401 190 589

345 238 462 267 mortale
493 239 520 266 in
552 237 718 274 negligentia
749 236 936 273 reprimendi,
966 236 1013 264 ubi
1035 239 1076 264 est
1097 235 1190 272 displi-

345 285 448 319 centia,
468 288 730 321 quantumcumque
750 283 812 320 quis
828 282 985 319 periculum
1005 282 1188 311 advertat.—

345 332 397 361 Sed
419 335 512 360 tamen
535 331 659 360 securior
691 331 736 359 via
766 329 887 358 tenenda
907 333 965 363 est,
987 328 1125 366 quidquid
1155 329 1189 357 sit

345 379 384 407 rei
407 379 518 407 veritas.
540 378 570 406 Et
592 378 614 407 si
635 377 696 406 cui²
718 377 769 405 boc
785 376 941 413 contingat,
957 384 1055 404 sanum
1072 379 1111 404 est
1128 383 1190 404 con-

345 424 453 458 silium,
475 423 549 461 quod
570 423 605 452 de
635 423 694 459 ipso
725 426 757 451 ut
788 422 822 451 de
844 421 955 451 mortali
975 422 1132 459 poeniteat;
1161 421 1187 449 iu

344 471 437 500 dubiis
458 471 531 499 enim
553 470 677 499 securior
699 469 743 498 via
764 469 892 506 eligenda
913 472 962 498 est.
984 486 1021 490 -—
1047 469 1078 497 Et
1108 471 1188 503 uota,

343 518 416 555 quod
440 525 493 546 non
516 517 550 545 de
572 524 749 554 quacumque
770 516 952 545 delectatione
975 516 1133 553 loquimur,
1148 519 1189 544 ut-

343 567 406 601 pote
428 564 462 592 de
483 563 545 596 illa,
567 571 622 600 qua
643 563 706 599 quis
728 562 883 591 delectatur
904 562 1050 599 cogitando
1072 562 1107 591 de
1129 562 1189 599 pul-

343 610 481 639 critudine
502 609 643 644 mulieris,
666 609 713 638 sed
734 609 768 638 de
783 609 839 643 illa,
861 616 933 646 quae
955 609 1045 646 surgit
1059 616 1095 637 ex
1118 609 1188 646 cogi—

343 657 445 685 tatione
467 656 542 685 illius
563 656 655 693 operis
676 656 783 684 nefarii.

423 703 454 731 Et
474 703 513 732 sic
531 706 621 740 patet,
636 703 711 739 quod
726 702 877 730 mulierem
894 702 1027 739 contingit
1042 702 1188 730 comedere

343 751 401 779 siue
424 750 499 784 viro,
520 758 571 787 pro
592 757 624 778 eo
646 749 720 786 quod
743 749 785 778 vir
808 749 898 778 solum
915 749 1016 778 dicitur
1032 748 1187 783 comedere,

344 797 456 834 quaudo
483 796 587 833 plenus
619 803 770 825 consensus
801 795 899 830 adestg
921 799 947 824 et
969 799 1034 824 tunc
1055 795 1188 824 dicuntur

343 852 432 872 ctrmct
454 843 620 881 iniquitatis
638 843 775 880 praeberi
785 847 919 879 peceato,
935 843 1000 880 quia
1015 846 1090 871 totus
1104 842 1188 870 homo

342 891 379 920 ibi
402 891 437 920 ad
458 894 603 928 peccatum
624 891 805 924 incurvatur,
827 890 886 919 sive
908 890 943 918 sit
964 892 1109 927 peccatum
1131 897 1188 918 car-

342 938 399 972 nis,
422 937 480 966 sive
502 937 624 973 spiritus.
647 937 775 965 Pecectre
795 939 890 964 autem
912 943 966 964 non
988 934 1096 972 potest²
1112 943 1186 963 11101·-

343 984 439 1013 taliter
460 984 565 1021 absque
587 983 662 1017 viro,
685 983 750 1020 quia
772 991 825 1011 non
848 986 938 1020 potest
959 990 1019 1011 esse
1041 984 1185 1018 peccatum

342 1031 400 1059 sine
423 1031 475 1059 viri
497 1038 634 1059 consensu
655 1038 739 1063 vere,
762 1029 805 1058 vel
825 1029 1052 1065 tuterpretcttz'oo.
1069 1044 1107 1047 —
1122 1028 1188 1055 Con-

342 1077 482 1106 cedendae
504 1080 568 1106 sunt
589 1076 672 1113 igitur
695 1076 816 1104 rationes
837 1075 1030 1109 ostendentes,
1052 1074 1128 1111 quod
1150 1074 1188 1103 in-

341 1124 425 1152 ferior
447 1124 537 1160 portio
558 1123 663 1160 absque
695 1123 833 1159 superiori
866 1130 920 1150 non
951 1125 1041 1159 potest
1071 1129 1187 1158 peccare

341 1170 512 1205 mortaliter,
534 1170 597 1199 licet
618 1170 690 1198 duae
712 1169 826 1198 ultimae
842 1176 896 1197 non
911 1172 1018 1205 cogant.
1032 1168 1097 1196 Illae
1113 1167 1187 1196 6111111

340 1217 506 1249 ostendunt,
538 1216 611 1254 quod
645 1216 747 1244 mulier
774 1223 827 1243 non
850 1218 940 1252 potest
961 1215 1107 1243 comedere
1128 1214 1187 1243 sine

340 1264 415 1297 viro,
437 1271 487 1300 per
509 1263 561 1291 1106
582 1262 657 1300 quod
679 1269 843 1291 consensum
867 1262 894 1290 in
916 1261 1127 1290 delectationem
1150 1261 1187 1290 di-

340 1313 406 1339 cunt
427 1318 480 1338 non
503 1317 564 1338 esse
578 1312 722 1345 peccatum
737 1320 743 1343 3
758 1308 832 1345 quod
848 1308 954 1345 absque
976 1308 1063 1336 dubio
1085 1307 1185 1336 falsum

340 1362 395 1391 est,
419 1357 490 1386 sicut
511 1356 577 1385 dicit
598 1356 769 1392 Augustinus
790 1355 817 1383 in
840 1355 931 1384 littera
941 1355 958 1382 ³.

418 1404 471 1433 Nec
493 1403 565 1432 valet
586 1402 660 1440 quod
682 1403 775 1431 obiicit
797 1402 831 1431 de
853 1409 990 1431 consensu
1010 1402 1036 1430 in
1052 1401 1186 1435 1101101111,

340 1451 383 1480 vel
405 1451 440 1480 de
462 1458 598 1479 consensu
630 1450 657 1477 in
686 1449 804 1478 verbum
827 1449 956 1478 otiosum.
978 1448 1101 1477 Primum
1131 1456 1186 1476 non

339 1498 428 1527 valet.
450 1497 514 1534 quia
536 1497 617 1534 plura
651 1497 834 1533 requiruntur
866 1496 901 1524 ad
934 1496 1038 1524 bonum
1061 1503 1187 1524 consum-

339 1544 473 1573 mandum
489 1552 572 1581 quam
589 1544 622 1572 ad
640 1543 744 1572 malum
761 1542 997 1580 perpetrandum
1013 1543 1097 1571 unius
1112 1543 1186 1571 enim

339 1591 564 1620 circumstantiae
586 1590 709 1619 desectus
731 1590 920 1627 operationem
950 1589 1086 1618 deformat
1097 1590 1114 1616 ⁵.
1144 1589 1187 1618 Se-

340 1638 463 1667 cundum
492 1646 546 1666 non
576 1637 663 1669 valet,
686 1637 751 1674 quia
774 1636 883 1665 nullum
905 1640 947 1665 est
969 1635 1004 1664 ibi
1026 1635 1185 1673 periculum

339 1685 365 1713 in
389 1685 569 1713 delectatione
590 1684 705 1712 veniali.
729 1683 810 1712 cuius
831 1686 910 1712 actus
931 1687 972 1712 est
994 1682 1125 1715 venialis;
1148 1682 1185 1711 ibi

339 1735 431 1760 autem
452 1731 609 1768 periculum
632 1734 688 1763 est,
710 1738 774 1759 cum
796 1730 943 1758 delectatio
964 1731 1007 1758 via
1022 1734 1063 1759 est
1085 1729 1186 1766 perdu-

339 1786 403 1807 cens
424 1778 459 1806 ad
481 1781 624 1814 peccatum
648 1777 774 1805 mortale.

416 1825 454 1854 Ad
476 1825 522 1853 illu
544 1833 610 1853 vero
642 1832 713 1861 quae
745 1825 844 1853 ultimo
876 1824 1101 1861 quaerebantur,
1130 1824 1184 1852 iam

338 1875 411 1908 patet
433 1872 576 1908 responsio
598 1879 633 1900 ex
657 1871 821 1908 praedictis,
851 1871 979 1899 videlicet
1010 1878 1082 1907 quae
1111 1870 1185 1899 diffe-

338 1918 427 1946 rentia
448 1919 482 1946 sit
501 1919 572 1946 inter
587 1918 787 1946 comestionem
803 1921 829 1946 et
844 1917 947 1954 eulpae
961 1917 1096 1945 mortalis
1112 1925 1185 1945 eom-

1023 158 1273 186 SENTENTIARUM
1295 158 1354 186 LlB.
1376 158 1404 185 Il.

1246 235 1420 263 missionem.
1455 235 1528 264 Patet
1557 236 1656 269 etiam,
1678 236 1790 272 quando
1811 236 1858 264 vz'r
1880 236 1982 264 dicitur
2004 244 2094 264 come-

1246 281 1326 315 dere,
1348 286 1375 310 et
1397 282 1509 318 quando
1530 282 1645 310 mutter.
1666 282 1743 311 Patet
1760 282 1849 316 enim,
1866 282 1977 319 quando
1992 283 2093 311 mulier

1246 328 1273 356 in
1295 328 1466 357 comedendo
1497 331 1593 365 peccat
1614 328 1795 363 mortaliter,
1818 333 1844 358 et
1865 328 1977 366 quando
1998 332 2094 366 peccat

1245 375 1405 404 venialiter.
1429 375 1503 404 Patet
1524 375 1623 409 etiam,
1646 376 1754 412 quare⁶
1768 383 1919 404 consensus
1933 375 1960 403 in
1977 375 2094 404 detecta-

1246 421 1350 449 tt'ouem
1382 421 1547 450 attribuitur
1578 421 1712 455 mulieri,
1739 425 1766 450 et
1790 429 1942 450 consensus
1964 422 1991 449 in
2020 430 2093 458 opus

1245 468 1326 502 otro,
1358 468 1424 505 quia
1455 476 1607 497 consensus
1629 468 1656 496 in
1682 468 1774 505 operis
1795 468 2030 505 perpetrationem
2052 472 2094 497 est

1241 514 1397 551 plenarias
1428 522 1600 549 consensus3
1626 522 1778 543 consensus
1800 522 1866 543 vero
1888 514 1914 542 in
1938 514 2094 543 delectatio-

1245 569 1309 590 nem
1340 561 1447 599 absque
1479 569 1578 598 opere,
1610 564 1651 590 est
1679 569 1832 590 consensus
1859 561 2042 598 senztptemts.
2065 561 2091 589 Si

1245 611 1337 637 autem
1370 611 1514 645 peccatum
1548 609 1713 637 consisteret
1744 608 1771 636 in
1802 607 1867 636 sota
1888 607 2092 641 delectatione,

1245 658 1311 683 tunc
1333 662 1484 683 consensus
1507 654 1534 682 in
1557 655 1767 684 delectationem
1790 658 1883 691 posset
1908 662 1968 683 esse
1995 653 2092 691 plena-

1244 701 1310 729 rius
1332 709 1501 736 consensus,
1522 705 1550 730 et
1571 705 1637 730 tune
1658 710 1712 730 non
1729 705 1836 730 tantum
1852 705 1924 730 esset
1939 701 2093 738 superioris

1245 748 1344 785 partis,
1366 747 1414 776 sed
1437 747 1519 776 etiam
1536 748 1690 782 inferioris,
1706 748 1781 777 unde
1795 756 1849 776 11011
1865 751 1973 777 tautum
1990 748 2092 777 dicitur

1244 794 1288 822 vir
1309 794 1480 829 consentire,
1509 794 1575 831 quia
1594 798 1688 823 movet
1709 795 1850 823 exteriora
1872 794 2014 828 membra,
2043 794 2092 823 sed

1245 841 1310 878 quia
1331 845 1460 870 movetur
1482 841 1625 870 voluntate
1645 840 1778 878 plenaria.
1802 841 1832 870 Et
1853 841 1925 870 hanc
1947 841 2092 870 circumlo-

1245 887 1341 924 quitur
1362 888 1533 924 Augustinus
1549 887 1576 916 111
1591 896 1624 916 60
1638 888 1713 924 quod
1730 888 1811 923 dicit,
1826 889 1919 917 virum
1935 889 2091 924 comedere,

1245 941 1307 961 cum
1331 942 1420 962 ctrina
1442 933 1608 971 iniquitati-5
1626 938 1745 970 peceato
1766 934 1890 971 praehet.

1326 982 1348 1008 l.
1372 981 1396 1008 2.
1420 980 1458 1008 Ad
1486 980 1608 1009 rationes
1629 983 1739 1015 autem,
1761 988 1833 1017 quae
1854 981 2035 1010 adducuntur
2056 982 2091 1011 ad
2105 985 2223 1032 {gssffi'uff'

1244 1027 1419 1064 oppositum,
1451 1027 1554 1064 quibus
1585 1027 1757 1062 ostenditur,
1786 1028 1859 1065 quod
1884 1028 2006 1057 mulier⁷
2033 1028 2092 1057 sine
2208 1022 2231 1035 '⁷

1244 1073 1305 1102 viro
1326 1073 1482 1102 mortaliter
1503 1081 1619 1110 peccare
1640 1077 1749 1111 potest;
1770 1074 1853 1112 plana
1875 1078 1917 1103 est
1937 1075 2089 1112 responsio.

1244 1120 1313 1148 Nam
1334 1120 1441 1157 primae
1472 1120 1545 1149 duae
1571 1121 1750 1150 auctoritates
1771 1121 1926 1159 loquuntur
1948 1121 1983 1150 de
2005 1129 2092 1151 come-

1245 1168 1345 1202 stione,
1367 1176 1421 1196 non
1443 1168 1477 1196 de
1499 1167 1600 1205 culpae
1621 1168 1824 1197 commissione.

1325 1213 1350 1242 3.
1372 1214 1410 1242 Ad
1433 1213 1503 1242 illud
1536 1222 1602 1242 vero
1634 1214 1709 1251 quod
1731 1214 1861 1243 obiicitur
1883 1215 1964 1243 tertio
1992 1215 2052 1244 1060
2066 1215 2093 1249 ⁸,

1245 1261 1319 1298 quod
1342 1261 1470 1297 superior
1492 1261 1582 1298 portio
1605 1261 1719 1289 rationis
1741 1261 1825 1290 habet
1847 1262 1971 1291 converti
1993 1261 2029 1290 ad
2050 1269 2093 1291 su-

1244 1308 1355 1344 periora
1367 1318 1374 1341 ;
1397 1307 1562 1341 dicendum,
1584 1307 1659 1345 quod
1681 1315 1736 1336 non
1756 1308 1846 1337 solum
1869 1311 1948 1337 actus
1969 1308 2030 1337 eius
2052 1312 2093 1337 est

1244 1356 1284 1383 1111
1304 1363 1448 1392 supersita,
1471 1355 1519 1383 sed
1541 1355 1622 1383 etiam
1645 1358 1724 1383 actus
1746 1355 1806 1384 eius
1827 1358 1869 1384 est
1888 1355 2052 1384 discernere
2066 1359 2094 1384 et

1244 1402 1418 1430 sententiare
1441 1402 1474 1430 de
1497 1402 1541 1430 his
1565 1409 1636 1438 quae
1653 1401 1723 1430 fiunt
1745 1402 1775 1430 iit
1797 1410 1886 1439 reguo
1908 1402 2044 1436 (1111111116,
2066 1406 2093 1431 et

1244 1457 1421 1485 compescere
1444 1448 1517 1477 vires
1533 1448 1698 1481 'inferiores3
1720 1452 1747 1477 et
1768 1449 1839 1483 ideo,
1858 1457 1922 1478 cum
1945 1457 1999 1477 non
2022 1457 2093 1478 com-

1244 1496 1345 1532 pescit,
1370 1495 1525 1532 imputatur
1547 1495 1607 1523 sibi.

1322 1542 1348 1570 t.
1372 1543 1397 1570 5.
1419 1541 1457 1570 Ad
1474 1541 1530 1570 duo
1546 1542 1690 1578 sequentia
1706 1541 1833 1570 similiter
1849 1545 1923 1579 patet
1939 1542 2091 1579 responsio.

1244 1588 1299 1617 illis
1321 1589 1393 1617 enim
1424 1588 1536 1617 duabus
1565 1588 1720 1617 rationibus
1742 1588 1914 1622 ostenditur,
1936 1588 2010 1625 quod
2033 1596 2092 1626 pec-

1243 1640 1335 1665 catum
1359 1640 1449 1672 potest
1470 1643 1530 1664 esse
1553 1636 1579 1664 in
1601 1635 1724 1664 inferiori
1747 1637 1873 1672 portione
1895 1636 2010 1665 rationis
2031 1636 2092 1665 abs-

1243 1691 1297 1720 que
1319 1683 1432 1720 proprio
1454 1686 1517 1711 actu
1533 1683 1648 1711 rationis
1663 1683 1817 1719 superioris
1829 1683 1847 1710 ⁹.
1865 1683 1895 1711 Et
1910 1683 1962 1711 hoc
1977 1683 2090 1719 quidem

1244 1737 1342 1758 verum
1365 1733 1424 1763 est,
1456 1729 1505 1758 sed
1528 1733 1618 1757 tamen
1642 1736 1677 1757 ex
1700 1729 1752 1758 1106
1774 1737 1827 1757 non
1850 1729 1993 1766 sequitur.
2015 1729 2090 1766 quod

1242 1780 1387 1813 peccatum
1410 1776 1497 1813 possit
1519 1783 1578 1804 esse
1601 1776 1627 1804 111
1650 1775 1774 1804 inferiori
1796 1779 1876 1813 parte
1898 1775 2012 1805 rationis
2031 1776 2092 1804 abs-

1243 1831 1296 1860 que
1319 1823 1473 1860 superiori,
1497 1823 1562 1860 quia
1584 1823 1643 1860 ipsa
1665 1823 1840 1860 iteytigyentz'ct
1855 1822 2007 1851 cohibendi
2026 1823 2091 1852 inse-

1242 1871 1345 1899 riorem
1378 1874 1485 1906 partem
1513 1869 1538 1897 in
1566 1870 1608 1898 sui
1638 1873 1730 1898 motus
1759 1869 1969 1898 deordinatione
1998 1869 2091 1898 reddit

1243 1917 1329 1954 ipsam
1353 1916 1538 1953 culpabilem,
1560 1920 1591 1945 ut
1613 1924 1694 1953 saepe
1717 1916 1821 1945 dictum
1845 1916 1931 1945 est¹⁰.

1060 2038 1292 2072 ARTICULUS
1318 2038 1370 2071 ill.

745 2143 892 2179 Quomodo
912 2147 1064 2179 peecatum
1086 2142 1191 2171 lrabeat
1210 2142 1277 2178 liert
1298 2148 1323 2171 et
1344 2151 1403 2171 esse
1425 2143 1452 2171 111
1476 2143 1674 2172 sensualitate.

415 2266 621 2303 Consequeuter
643 2265 716 2293 circa
732 2265 860 2298 tertium,
877 2272 932 2301 quo
947 2264 1102 2301 quaeritur,
1117 2272 1182 2300 quo-

336 2313 419 2341 modo
440 2315 584 2349 peccatum
607 2311 707 2340 babeat
729 2310 787 2339 fieri
810 2314 837 2339 et
858 2318 918 2339 esse
940 2311 965 2338 in
989 2310 1180 2344 sensualitate,

337 2359 392 2388 duo
414 2362 599 2396 quaeruntur.

416 2406 505 2434 Primo
537 2406 609 2434 enim
643 2405 804 2442 quaeritur,
834 2408 930 2433 utrum
953 2404 978 2432 in
1002 2403 1181 2432 sensualitate

400 2586 405 2599 ¹
425 2585 478 2608 Cod.
498 2593 523 2608 aa
549 2585 628 2609 elicui.
655 2587 723 2609 Paulo
748 2587 842 2608 interius
868 2592 909 2614 pro
927 2585 1034 2615 elsyrmla.
1051 2588 1084 2608 cst
1111 2586 1147 2608 vd.
1171 2587 1174 2606 Ι

337 2624 434 2647 terrenda
451 2626 495 2652 est,
516 2628 537 2647 et
554 2628 605 2653 post
622 2631 694 2653 palma
712 2631 773 2654 quae
790 2625 914 2654 eonsztryt't
931 2631 973 2653 pro
990 2631 1051 2654 qaae
1068 2624 1152 2653 ειη-911.

398 2662 407 2676 2
424 2663 474 2685 Vel.
492 2669 544 2685 cum
562 2663 614 2685 edd.
633 2664 653 2691 2,
672 2664 693 2691 3,
711 2663 724 2685 4v
742 2663 835 2687 (licitur.

401 2700 410 2715 3
425 2700 479 2729 Cap.
502 2702 534 2723 tl.

400 2738 407 2753 ⁴
425 2740 553 2768 Respicitur
569 2740 671 2763 fundam.
689 2741 710 2763 5.
729 2741 806 2764 Plures
824 2741 891 2764 codd.
905 2745 926 2764 et
938 2741 990 2764 cdd.
1010 2742 1030 2770 3,
1049 2741 1062 2763 4
1080 2747 1121 2763 uec
1134 2747 1178 2763 11011

339 2777 395 2805 Vat.⁷
414 2779 456 2800 noc
474 2784 516 2800 nou
534 2779 684 2807 attendentes,
703 2786 745 2807 pro
762 2786 819 2802 voce
832 2779 920 2803 bonum
937 2780 1105 2803 substituerunt
1117 2786 1179 2802 men-

338 2814 447 2844 duetztm;
472 2823 605 2846 perperam,
631 2823 683 2839 cum
710 2818 775 2840 lectio
801 2820 834 2841 sie
860 2823 945 2842 mutata
969 2825 1044 2848 noque
1069 2818 1179 2841 subnexis

338 2853 415 2876 verbis
431 2856 569 2882 respondeat
585 2863 659 2884 neque
671 2858 874 2885 praecedentibus,
887 2864 971 2886 nempe
983 2859 1041 2880 illis:
1055 2857 1108 2881 licet
1118 2857 1179 2880 {luae

338 2890 434 2914 ultimae
460 2898 506 2915 non
531 2896 622 2923 eogytmt.
647 2895 768 2924 Aliquanto
786 2897 880 2918 interius
905 2897 926 2918 in
952 2903 1012 2924 resp.
1037 2896 1066 2918 ad
1083 2895 1177 2918 secund.

339 2930 419 2953 obiect.
439 2931 507 2960 aliqui
525 2932 592 2955 codd.
610 2938 662 2955 cum
681 2934 729 2956 Vat.
742 2937 764 2956 et
775 2934 827 2957 cdd.
846 2935 872 2962 3,
891 2935 903 2957 -t
921 2936 1025 2958 omittunt
1038 2934 1177 2964 perducens.

1240 2264 1325 2301 possit
1347 2272 1406 2292 esse
1429 2268 1573 2301 peccatum
1597 2264 1712 2293 veniale.

1318 2310 1445 2339 Secundo
1466 2311 1624 2348 quaeritur,
1647 2315 1743 2339 utrum
1760 2312 1785 2339 in
1803 2311 1981 2340 sensualitate
2003 2311 2088 2348 possit

1239 2364 1300 2386 esse
1322 2357 1447 2386 mortale.

1301 2585 1309 2600 5
1327 2587 1424 2613 Aristot.y
1444 2586 1464 2607 11.
1484 2586 1552 2607 Etliic.
1572 2592 1590 2607 c.
1604 2585 1629 2613 6;
1648 2584 1787 2613 Dio11ys.‚de
1800 2585 1848 2606 Div.
1867 2585 1932 2607 Noni.
1951 2591 1969 2606 c.
1990 2584 2008 2606 i.
2022 2585 2035 2614 ἓ
2048 2584 2084 2607 30.

1300 2625 1309 2639 6
1328 2625 1404 2647 Plures
1421 2624 1496 2650 codd„
1514 2626 1571 2647 inter
1589 2631 1647 2654 quos
1665 2625 1706 2646 Fi<
1719 2625 1737 2652 Q
1747 2630 1779 2649 cc.
1798 2629 1818 2646 et
1836 2624 1871 2646 ed.
1895 2625 1899 2645 l
1922 2623 2025 2653 qttczndo.

1300 2664 1309 2678 7
1329 2664 1376 2686 Vat.
1395 2670 1447 2686 cum
1465 2663 1518 2686 edd.
1537 2664 1563 2691 3,
1582 2663 1594 2686 4
1613 2663 1676 2691 quod
1693 2662 1814 2686 comedetis
1831 2662 1926 2686 titulicr.

1300 2702 1310 2717 S
1328 2702 1349 2724 lu
1368 2702 1472 2730 pluribus
1490 2702 1556 2724 codd.
1584 2707 1625 2724 nec
1651 2708 1694 2723 nou
1721 2702 1742 2723 in
1769 2702 1850 2729 primis
1871 2701 1924 2724 edd.
1943 2702 2007 2724 deest
2025 2700 2082 2725 loco.

1238 2741 1286 2763 Mox
1304 2747 1345 2769 pro
1363 2747 1466 2770 superna
1485 2741 1551 2763 codd.
1570 2740 1585 2762 F
1603 2740 1634 2762 bb
1657 2739 1799 2769 supertorug
1818 2740 1869 2762 dein
1888 2746 1929 2768 pro
1948 2740 2083 2764 alacre-nere

1238 2780 1301 2802 multi
1319 2779 1385 2802 codd.
1404 2779 1535 2802 decernere.

1299 2818 1309 2832 ⁰
1327 2818 1348 2840 ln
1366 2818 1571 2846 praestantioribus
1588 2818 1655 2841 codd.
1668 2821 1690 2840 ct
1710 2819 1731 2840 iu
1750 2818 1786 2840 ed.
1804 2819 1808 2839 Ι
1829 2824 1873 2840 11011
1892 2817 1950 2840 bene
1973 2818 2083 2840 omittitur

1237 2857 1383 2887 supet-ioris,
1401 2863 1422 2880 ct
1439 2859 1460 2879 in
1479 2857 1531 2879 edd.
1550 2858 1575 2885 2,
1595 2857 1607 2879 3
1626 2857 1785 2879 desiderantur
1798 2856 1868 2879 vei-ba
1886 2855 2083 2886 quodprccutum

1234 2897 1310 2925 potest
1328 2902 1401 2925 usque
1419 2896 1446 2918 ad
1464 2896 1578 2925 sequitur.

1301 2934 1319 2949 ¹0
1337 2935 1394 2957 Vide
1412 2935 1512 2958 scholion
1531 2935 1560 2957 ad
1577 2934 1753 2963 praecedentem
1772 2938 1857 2962 quaest.
