2243 3425
49 501 108 520 Concu
109 501 137 524 pi-

46 525 91 544 entia
108 529 136 542 re-

45 553 77 566 ssa
84 549 102 566 et
108 547 136 566 in-

45 576 80 590 cisa.

42 968 132 987 amdam,

764 232 846 260 DIST.
870 232 946 260 XXX.
968 232 1040 260 ΛΒΤ.
1063 232 1091 260 ti.
1114 233 1249 269 QUAEST.
1272 233 1288 261 l.

151 310 211 338 liter
233 310 336 337 excitat
359 309 384 337 in
408 309 487 338 nobis
516 310 604 346 ipsam
634 310 903 346 concupiscentiam,
925 318 997 347 quae

150 363 178 384 se
200 355 283 383 habet
305 363 354 391 per
378 355 491 384 modum
514 355 635 384 1131111115.

228 403 253 430 ⁹2.
277 402 302 430 3.
317 402 355 430 Ad
379 402 447 431 illud
470 410 537 430 vero
559 402 633 439 quod
655 402 793 436 obiicitur,
809 403 883 439 quod
899 411 997 431 concu-

150 449 282 486 piscentia
303 452 345 477 est
366 449 445 477 nobis
461 448 563 477 inflicta
578 456 628 485 per
650 452 811 485 peccatuin;
832 449 996 483 dicendum,

149 496 222 534 quod
253 495 435 532 intelligitur¹
465 495 499 523 de
528 495 759 532 concupiscentia,
789 499 997 532 [110111051νο-

148 543 250 576 missa,
273 546 299 571 et
321 543 360 571 510
382 543 498 570 sortitur
514 542 649 570 rationem
662 550 788 578 poenam
803 546 829 570 et
845 542 897 570 1100
912 542 996 571 modo

148 598 202 618 non
224 593 265 618 est
287 589 429 626 originalis
451 588 549 625 culpa,
578 589 626 617 sed
649 589 737 626 ipsius
760 589 882 626 sequela.
905 606 943 609 —
965 589 996 617 Et

148 644 197 674 per
219 636 271 664 1100
292 639 367 673 patet
389 635 533 672 responsio
554 635 589 664 ad
612 643 732 672 sequens
754 635 828 672 quod
851 635 994 669 obiicitur,

146 684 219 721 quod
250 687 342 712 manet
367 683 451 711 simul
480 691 543 711 cum
573 683 677 720 gratia,
707 691 760 711 non
790 683 862 711 enim
886 687 994 717 manet,

147 734 229 768 prout
250 730 355 759 dictum
379 734 420 759 est
442 730 468 758 in
490 729 655 767 opponendo
668 730 687 764 2,
703 733 786 767 prout
808 729 922 758 intensa
944 733 994 763 est,

146 778 211 815 quia
233 777 271 806 sic
293 777 360 806 dicit
380 777 489 805 animae
504 777 729 814 perversionem,
751 784 783 805 ac
798 784 848 813 per
870 777 922 805 hoc
943 777 995 805 ori-

146 824 243 861 ginalis
270 823 391 853 iustitiae
420 823 620 860 privationem;
650 827 733 860 prout
759 826 853 852 autem
883 827 924 852 est
952 832 994 851 re-

147 871 239 900 missa
253 879 303 908 per
318 871 423 908 gratiae
445 871 647 907 praesentiam,
669 871 721 899 1100
743 878 797 898 000
819 870 894 899 111011.
918 871 948 899 Et
968 871 996 898 sl

147 918 284 952 obiicias,
309 918 383 955 quod
400 918 487 955 magis
503 921 529 946 et
546 918 638 946 11110115
658 926 711 946 non
728 917 837 946 variant
859 918 980 955 speciem
987 929 993 953 3

146 965 311 999 dicendum,
333 965 407 1002 quod
430 965 479 993 etsi
502 965 576 993 istud
599 965 691 993 locum
707 964 808 993 11011031
829 965 856 993 10
872 969 995 993 nortwa-

147 1011 231 1045 lz'bus,
247 1019 301 1040 non
316 1015 409 1040 tamen
432 1012 515 1040 babet
530 1012 676 1040 veritatem
692 1012 719 1040 in
734 1011 913 1045 moralibus,
929 1020 995 1048 quo-

1847 234 1903 262 723

1055 311 1128 339 niam
1153 310 1271 339 virtutes
1292 315 1319 339 et
1341 311 1407 339 vitia
1429 312 1454 339 in
1478 311 1604 340 moribus
1619 312 1803 340 attenduntur
1819 320 1904 349 penes

1055 357 1246 391 medietatem,
1267 361 1294 386 et
1315 358 1376 387 eius
1397 361 1533 393 extrema,
1553 366 1624 395 quae
1639 363 1704 387 sunt
1726 359 1902 396 superfluum

1055 406 1082 432 et
1103 403 1283 433 diminutum.
1314 405 1344 433 Et
1374 405 1426 433 hoc
1448 413 1501 433 non
1525 405 1616 433 solum
1643 413 1741 434 verum
1764 409 1805 434 est
1827 406 1902 443 apud

1055 450 1188 479 moralem
1211 451 1411 488 philosophum
1423 452 1441 486 ³,
1463 452 1511 481 sed
1531 453 1614 480 etiam
1630 453 1706 489 apud
1726 453 1902 490 theologum.

1054 498 1101 534 qui
1123 497 1198 532 dicit,
1219 498 1293 534 quod
1316 506 1395 527 amor
1418 503 1564 528 creaturae
1586 500 1663 528 citro
1679 499 1766 528 Deum
1792 500 1833 529 vel
1849 501 1902 529 51111

1053 544 1109 572 Deo
1130 552 1183 572 11011
1207 548 1248 573 051
1264 549 1408 581 peccatum
1426 546 1559 579 mortale3
1574 547 1595 575 si
1614 554 1680 575 vero
1701 555 1796 583 supra
1814 547 1902 576 Deum

1053 590 1230 625 intendatur,
1253 592 1370 620 mortale
1392 596 1535 628 peccatum
1558 592 1687 622 efficitur.

1132 637 1170 665 Ad
1203 637 1271 666 illud
1304 646 1371 666 vero
1402 639 1477 675 quod
1509 639 1657 671 obiicitur„
1679 641 1752 677 qnod
1776 642 1903 678 concupi-

1053 684 1157 725 scentia
1189 684 1305 713 remissa
1334 686 1435 713 iterum
1465 690 1555 722 potest
1585 687 1707 721 intendi,
1735 688 1901 723 dicendum,

1052 730 1127 767 quod
1149 731 1198 758 etsi
1223 731 1327 759 intendi
1350 732 1437 768 possit
1463 735 1490 760 et
1516 733 1686 765 intendatur,
1709 734 1760 763 1100
1789 739 1831 763 051
1852 743 1902 772 per

1052 779 1197 813 peccatum
1220 777 1349 810 ciclum&
1371 779 1593 815 concupiscentia
1617 787 1683 807 vero
1698 780 1813 809 intensa
1826 782 1832 795 ⁴
1846 789 1902 810 non

1052 823 1198 852 dicebatur
1219 831 1280 852 esse
1301 828 1446 861 peccatum
1462 825 1605 861 originale,
1622 826 1673 854 nisi
1690 831 1773 863 prout
1788 828 1826 856 sic
1842 836 1902 856 con-

1052 870 1217 899 trahebatur
1239 879 1254 899 a
1280 871 1381 907 prima
1403 871 1532 909 oriqz'ne;
1554 876 1580 900 et
1606 873 1671 909 quia
1693 873 1745 902 1100
1777 882 1830 902 000
1859 883 1902 911 po-

1051 920 1105 946 test
1126 925 1186 946 esse
1208 917 1259 946 nisi
1276 918 1378 952 semel,
1394 922 1655 956 quantumcumque
1670 923 1696 948 et
1718 920 1903 957 quotiescum-

1052 972 1107 1001 que
1136 965 1361 1002 concupiscentia
1387 965 1565 999 intendatur,
1593 966 1728 1003 originale
1756 971 1901 1003 [1010011111]

1053 1020 1107 1040 non
1130 1015 1257 1041 iteratur.

890 1102 1153 1138 SOHOLION.

211 1193 223 1214 l.
247 1192 281 1214 Ad
305 1192 362 1214 nanc
383 1192 573 1214 intricatissimam
598 1191 625 1213 de
648 1192 744 1213 essentia
768 1192 854 1219 peccati
876 1192 993 1220 originalis

145 1233 302 1261 quaestionem
324 1231 411 1253 facilius
433 1230 603 1258 intelligendam
627 1231 691 1252 iuvat
714 1236 787 1258 pauca
810 1233 920 1252 annotare
943 1233 992 1252 tum

145 1272 174 1294 de
191 1270 314 1294 erroribus
336 1269 501 1298 principalibus
518 1269 571 1292 fidei
595 1270 718 1292 catholicae
740 1270 870 1298 contrariis,
894 1272 942 1292 tum
964 1270 992 1292 de

144 1310 269 1338 sententia,
290 1311 325 1332 0111
344 1309 452 1332 adhaeret
469 1309 491 1331 S.
509 1309 676 1331 Bonaventura.

212 1350 228 1370 1.
251 1349 354 1372 Errores
379 1348 425 1370 duo
446 1347 585 1375 reprobandi
609 1348 768 1375 exprimuntur
790 1348 877 1370 eisdem
901 1348 991 1376 verbis,

145 1390 188 1411 hac
205 1388 289 1411 scilicet
312 1388 479 1415 propositione,
501 1386 564 1415 quod
583 1388 631 1414 ipsa
655 1388 839 1415 concupiscentia
860 1393 902 1416 per
924 1393 948 1410 se
965 1389 992 1410 sit

145 1429 193 1450 tota
210 1428 306 1449 essentia
325 1427 412 1454 peccati
430 1426 556 1454 originalis,
575 1432 634 1454 quae
652 1428 727 1448 tamen
746 1432 757 1447 a
776 1425 874 1448 diversis
892 1427 993 1454 intelligi-

144 1471 181 1489 tur
198 1468 219 1488 in
238 1472 305 1488 sensu
323 1469 423 1488 extreme
441 1465 553 1493 opposito.
573 1464 671 1492 Quidam
693 1466 765 1492 enim,
784 1465 938 1487 rationalismo
956 1466 992 1487 ad-

144 1506 210 1534 dicti,
228 1511 279 1528 eam
288 1506 315 1527 ita
330 1505 465 1533 intelligunt,
486 1507 510 1526 ut
521 1505 542 1526 in
555 1506 649 1532 peccato
661 1503 765 1531 originali
777 1504 887 1526 rationem
902 1504 995 1533 peccati

145 1547 193 1568 sive
211 1544 294 1574 culpae
310 1545 346 1566 rel
359 1545 450 1572 penitus
462 1544 585 1571 eliminent,
603 1543 639 1565 vel
654 1543 733 1566 saltem
747 1543 847 1566 indebite
864 1543 991 1571 infirment,

145 1584 205 1606 unde
218 1583 246 1606 ab
259 1584 294 1606 1115
311 1582 498 1612 concupiscentia
510 1585 532 1604 et
545 1583 621 1610 ipsum
633 1582 754 1611 peccatam
768 1581 885 1611 originale
900 1583 993 1604 restrin-

144 1624 205 1651 gitur
222 1622 251 1644 ad
269 1621 383 1650 defectum
401 1621 517 1650 quendam
535 1623 639 1649 naturae,
662 1622 701 1650 qui
720 1621 819 1643 retardat
842 1621 878 1643 vel
897 1621 993 1649 impedit

144 1663 214 1685 vitani
232 1661 350 1684 moralem.
373 1661 420 1683 Non
439 1660 562 1683 defuerunt
582 1661 650 1682 etiam
668 1661 726 1682 inter
743 1661 882 1683 recentiores
899 1661 992 1683 catholi-

144 1708 194 1730 cos,
213 1702 251 1730 qui
274 1702 326 1723 11010
348 1700 449 1728 opinioni
467 1700 502 1722 vel
526 1701 630 1727 omniuo,
649 1700 684 1722 vel
703 1705 729 1722 ex
752 1703 816 1728 parte
834 1699 991 1722 adhaererent.

144 1741 200 1763 Huic
217 1741 288 1763 errori
306 1740 327 1762 S.
343 1740 427 1761 Bonav.
445 1740 489 1761 iam
502 1740 620 1767 praevenit
638 1740 749 1761 contraria
768 1745 809 1761 sua
828 1738 942 1767 doctrina,
957 1745 993 1761 su-

144 1786 184 1808 pra
203 1786 222 1801 a.
245 1780 261 1800 1.
280 1786 301 1808 1[.
320 1779 340 1800 2.
360 1791 389 1794 —
406 1779 435 1800 Ex
453 1778 552 1801 adverso
570 1781 613 1800 stat
624 1779 780 1806 interpretatio
798 1778 929 1806 praedictae
941 1784 992 1806 pro-

143 1820 268 1848 positionis,
284 1824 354 1847 quam
367 1818 506 1840 induxerunt
523 1820 644 1840 novatores
661 1824 720 1840 saec.
739 1818 800 1840 XVI.
814 1820 835 1840 et
853 1817 930 1845 XVll.,
943 1819 990 1846 qui,

145 1858 200 1881 dum
211 1858 277 1880 simul
288 1856 459 1885 exaggerabant
471 1857 557 1879 malum
570 1857 768 1884 concupiscentiae
781 1857 802 1878 in
816 1857 907 1878 bomine
920 1857 992 1884 lapso,

144 1897 286 1924 asserebant,
304 1899 352 1918 tum
371 1896 579 1924 concupiscentiam
597 1896 669 1918 solam
687 1896 824 1918 constituere
843 1897 929 1923 peccati
947 1896 992 1917 ori-

144 1936 225 1965 ginalis
242 1937 375 1963 essentiam,
394 1940 442 1958 tum
460 1936 533 1963 ipsam
552 1940 602 1957 esse
620 1938 740 1962 peccatum
757 1940 800 1964 per
817 1940 853 1962 se,
874 1935 935 1957 nullo
953 1935 992 1957 110-

144 1975 191 1998 11110
208 1978 313 2003 respectu
331 1974 360 1997 ad
378 1974 473 1997 liberam
492 1973 636 1996 uoluntatem
653 1979 695 1996 nec
707 1973 770 1996 Adae
788 1979 829 1996 nec
846 1974 956 2001 hominis,
969 1975 991 1996 in

144 2020 190 2043 quo
207 2017 252 2042 051,
270 2014 321 2036 licet
337 2014 364 2035 sit
388 2016 480 2035 renatus
497 2012 623 2041 baptismo,
645 2019 672 2035 ex
691 2018 737 2041 quo
758 2013 814 2035 salso
837 2013 961 2041 principio,
980 2020 992 2035 a

144 2053 243 2077 Concilio
261 2053 323 2075 Trid.
343 2053 416 2081 (Sess.
436 2052 461 2074 V.
480 2058 528 2074 can.
547 2052 578 2080 5.)
596 2051 731 2080 reprobato,
755 2053 882 2074 scaturiunt
898 2052 991 2080 plurimi

144 2094 179 2116 alii
197 2096 219 2115 et
236 2092 326 2115 nefandi
344 2097 441 2114 errores.
459 2091 494 2113 Ad
511 2097 560 2113 rem
572 2094 660 2119 spectat
677 2090 828 2113 condemnata
846 2091 891 2113 ssaii
909 2097 992 2119 propo-

143 2133 194 2156 sitio
207 2132 248 2154 47:
270 2140 280 2152 «
294 2131 357 2154 Unde
374 2134 493 2159 peceatum
506 2131 601 2159 originis
619 2137 674 2153 vere
691 2130 759 2153 habet
775 2131 887 2153 rationem
905 2132 991 2158 peccati

144 2174 192 2195 sine
208 2171 260 2194 ulla
273 2170 385 2194 relatione
402 2176 430 2194 ac
441 2171 547 2199 respectu
564 2169 596 2192 ad
612 2169 769 2198 voluntatem,
790 2176 801 2191 a
815 2175 860 2198 qua
878 2171 991 2197 originem

144 2211 223 2234 habuit
236 2219 247 2232 ι)
266 2211 318 2237 (cir.
338 2216 420 2238 propp.
440 2209 476 2231 46.
494 2209 530 2231 48.
550 2209 586 2231 49.
604 2209 641 2231 50.
659 2209 713 2237 51.).
726 2209 788 2231 -ἓ,
805 2208 890 2231 Bonav.
909 2215 921 2231 0
938 2214 992 2231 con-

144 2252 212 2274 trario
230 2251 276 2273 duo
294 2250 413 2278 distinguit
430 2250 451 2271 in
469 2252 563 2277 peccato
575 2249 691 2276 originali:
713 2257 722 2268 a
735 2251 774 2270 aut
789 2252 857 2276 prout
875 2251 908 2270 est
921 2247 991 2277 culpa

144 2289 243 2312 reddens
260 2289 360 2311 animam
372 2288 420 2311 Deo
437 2287 553 2316 odiosam,
571 2290 609 2309 aut
621 2289 690 2315 prout
706 2290 740 2309 est
751 2286 835 2309 vitium
852 2286 991 2308 deordinans

144 2331 217 2358 ipsam
235 2329 358 2357 potentiam
372 2336 381 2348 >1
404 2327 474 2355 (infra
488 2327 510 2349 d.
529 2327 565 2349 31.
578 2333 597 2348 a.
617 2328 636 2348 l.
655 2333 677 2355 q.
695 2327 716 2348 2.
734 2327 755 2348 in
773 2332 835 2354 corp.
854 2326 894 2348 etr.
913 2325 934 2347 d.
954 2325 990 2347 41.

144 2375 163 2391 0.
182 2369 202 2390 2.
221 2375 242 2396 q.
262 2368 305 2396 2.);
326 2369 348 2389 et
368 2366 471 2389 distincte
489 2365 565 2393 docet,
584 2367 605 2393 a)
624 2366 645 2387 in
664 2368 757 2393 peccato
775 2365 879 2392 originali
901 2367 992 2392 praeter

144 2406 353 2434 concupiscentiam
365 2411 416 2427 0550
428 2403 559 2427 carentiam
575 2403 677 2426 iustiliae
693 2402 817 2432 oriyinalis
837 2403 844 2430 (
850 2404 886 2425 1110
903 2406 925 2425 et
942 2409 991 2430 pas-

144 2447 213 2474 sim);
226 2445 250 2473 b)
263 2445 374 2467 rationem
387 2443 470 2473 cnlpae
481 2443 678 2471 concupiscentiae
698 2443 773 2464 inesse
793 2447 837 2464 non
849 2447 892 2470 per
904 2447 935 2469 se,
950 2441 991 2463 sed

145 2492 186 2514 per
197 2486 291 2508 reatum
307 2489 442 2511 anneaeum,
462 2484 501 2512 qui
519 2482 612 2504 resultat
628 2488 655 2504 ex
672 2482 791 2509 relatione,
810 2486 879 2509 quam
898 2481 991 2502 interior

144 2525 240 2547 vitiosus
257 2527 328 2546 status
346 2523 444 2545 hominis
466 2522 523 2550 lapsi
545 2520 613 2543 habet
635 2520 664 2543 ad
686 2521 906 2548 praevaricationem
930 2519 992 2541 Adae

146 2563 198 2591 (cfr.
217 2569 285 2591 supra
308 2568 327 2584 a.
347 2563 366 2584 il.
390 2568 411 2590 1[.
435 2562 455 2583 2.
473 2561 562 2589 501101.).
586 2559 621 2582 1110
646 2562 723 2582 autem
743 2563 820 2582 reatus
841 2560 870 2581 ita
891 2564 992 2581 annexus

145 2605 179 2624 est
195 2602 404 2629 concupiscentiae,
422 2603 447 2623 ut
469 2599 498 2622 ab
521 2605 547 2621 ea
568 2599 639 2627 possit
662 2599 762 2626 separari
786 2597 836 2626 (1110
858 2598 879 2620 10
903 2598 992 2625 corp.),

147 2640 208 2670 quod
226 2646 306 2663 revera
324 2639 348 2661 fit
370 2646 410 2668 per
428 2639 525 2667 gratiam
543 2637 624 2661 Christi
642 2638 663 2659 in
681 2637 773 2664 renatis,
794 2639 819 2658 ut
836 2637 891 2658 intra
911 2636 932 2658 d.
956 2636 991 2658 32.

146 2686 165 2702 a.
188 2681 205 2702 1.
222 2687 244 2709 1[.
267 2680 284 2701 1.
303 2679 405 2701 docetur.
421 2678 443 2700 ln
461 2677 543 2700 eodem
561 2682 630 2699 sensu
648 2675 792 2704 intelligenda
811 2679 864 2698 sunt
881 2674 952 2697 verba
970 2675 992 2697 S.

146 2720 265 2747 Augustini
283 2722 305 2741 et
322 2719 432 2747 Magistri,
451 2717 544 2746 quando
561 2716 770 2744 concupiscentiam
782 2715 861 2737 dicunt
873 2721 922 2737 esse
941 2720 993 2742 pec-

146 2761 228 2780 catum.

210 2879 216 2893 ¹
235 2879 277 2901 Pro
295 2878 436 2908 intelligitur
453 2878 520 2900 codd.
538 2876 555 2900 C
567 2877 615 2899 HR
628 2877 642 2898 S
660 2876 692 2904 (T
706 2883 718 2898 a
736 2877 809 2903 prima
825 2878 909 2903 manu)
927 2875 959 2898 bb
971 2878 993 2897 et

146 2917 181 2940 0111
194 2923 241 2940 non
253 2917 361 2947 inlelliqit
373 2917 434 2946 [scil.
447 2916 530 2944 Beda],
542 2916 607 2939 lectio
624 2915 714 2943 mutila,
733 2921 793 2943 quae
804 2914 926 2942 suppletur
943 2920 993 2936 ver-

146 2956 182 2979 bis
197 2956 300 2984 inlensa,
320 2956 370 2984 sed,
392 2959 417 2979 ut
431 2956 508 2984 ligitur
525 2956 546 2978 in
560 2955 627 2978 codd.
641 2955 658 2977 Α
671 2955 677 2976 1
689 2954 721 2976 K:
740 2953 803 2983 quod
818 2959 867 2976 non
884 2952 993 2982 intelliqz‘t

147 2995 174 3018 [le
196 2994 383 3024 concupiscentia
404 2995 509 3022 intensa,
527 2993 568 3017 secl
585 2994 658 3023 prout
679 2993 729 3015 cod.
753 2993 758 3014 Ι
783 2992 861 3014 verbis
885 2991 991 3019 intensa,

147 3032 186 3056 sed
202 3034 269 3056 etiam
288 3034 350 3056 addit
367 3033 474 3063 z'ntetlz'qtt
491 3033 519 3056 [le
536 3031 730 3061 concupiscentia.

1115 1193 1134 1213 2.
1153 1192 1234 1220 Quoad
1252 1192 1391 1215 sententiam
1410 1192 1432 1215 S.
1453 1193 1634 1216 Bomwenlttrae
1651 1195 1707 1216 llaec
1724 1197 1836 1217 notamus.

1113 1233 1134 1259 a)
1153 1231 1198 1253 lam
1220 1235 1308 1254 constat
1324 1238 1351 1254 ex
1373 1232 1508 1261 praedictis,
1532 1232 1596 1261 quod
1623 1234 1673 1261 ipse
1695 1233 1772 1262 quoad
1790 1235 1901 1256 rationem

1050 1269 1146 1299 culpae,
1167 1277 1227 1299 quae
1244 1272 1302 1293 inest
1319 1274 1413 1299 peccato
1431 1272 1543 1300 originali,
1562 1273 1688 1295 consentiat
1705 1273 1727 1295 S.
1746 1272 1849 1296 Tliomae
1865 1274 1902 1301 (S.

1050 1309 1064 1330 l.
1083 1309 1105 1331 11,
1124 1315 1144 1337 1[.
1164 1310 1200 1331 81.
1219 1316 1239 1331 0.
1259 1310 1279 1337 11,
1297 1316 1319 1338 1[.
1338 1310 1374 1332 83.
1393 1316 1411 1332 a.
1435 1311 1476 1338 l.),
1499 1311 1538 1339 qui
1556 1310 1634 1339 docet,
1656 1311 1730 1338 ipsam
1748 1311 1838 1334 fundari
1856 1319 1901 1335 non

1051 1349 1153 1376 praecise
1170 1349 1191 1370 in
1210 1348 1338 1371 inordinato
1351 1348 1430 1371 habitu
1444 1350 1479 1371 vel
1498 1348 1648 1378 dispositione
1661 1350 1758 1372 nominis
1772 1351 1842 1379 lapsi,
1856 1352 1869 1373 i.
1882 1358 1901 1374 e.

1050 1388 1072 1409 in
1098 1386 1150 1410 sola.
1173 1388 1271 1410 carentia
1294 1388 1380 1415 gratiae
1402 1387 1562 1410 sanctificantis
1583 1392 1605 1410 et
1626 1389 1771 1417 integritatis,
1795 1390 1834 1412 sed
1862 1396 1902 1418 po-

1050 1427 1095 1449 tius
1112 1427 1133 1448 in
1147 1426 1240 1454 eadem,
1259 1429 1372 1455 quatenus
1383 1430 1417 1449 est
1434 1428 1531 1454 privatio
1549 1426 1657 1450 derivata
1673 1434 1688 1450 11
1700 1427 1778 1457 primo
1804 1430 1902 1457 parente

1049 1466 1159 1494 peccante
1176 1466 1225 1493 (cfr.
1245 1465 1305 1487 idem
1324 1466 1346 1487 11.
1365 1466 1424 1487 Sent.
1443 1465 1465 1488 d.
1484 1466 1521 1487 31.
1539 1472 1560 1494 q.
1584 1467 1600 1488 1.
1619 1473 1638 1488 a.
1658 1467 1696 1495 2.).

1115 1504 1138 1532 11)
1156 1505 1178 1526 ln
1196 1506 1246 1532 ipso
1264 1506 1327 1527 statu
1345 1505 1380 1527 vel
1400 1504 1478 1527 habitu
1496 1506 1577 1527 vitioso
1596 1506 1685 1527 animae
1712 1506 1733 1527 S.
1753 1506 1834 1528 Doctor
1852 1506 1899 1529 duo

1051 1543 1180 1571 distinguit:
1198 1544 1308 1571 alterum,
1326 1543 1389 1572 quod
1407 1545 1450 1572 ipsi
1468 1543 1542 1571 deest,
1562 1548 1584 1566 ut
1602 1545 1675 1566 inesse
1693 1544 1798 1572 deberet,
1818 1545 1902 1567 seilicet

1050 1583 1099 1610 ipsa
1118 1583 1199 1605 iustitia
1223 1583 1339 1610 originalis
1362 1584 1410 1605 sive
1428 1582 1549 1605 conversio
1576 1582 1697 1605 habitualis
1720 1583 1749 1605 ad
1766 1583 1852 1612 finem,
1870 1585 1902 1606 al-

1050 1624 1136 1648 terum,
1155 1621 1218 1650 quod
1236 1621 1307 1649 inest,
1328 1623 1349 1643 at
1367 1621 1447 1643 deesse
1460 1621 1568 1649 deberet,
1586 1621 1633 1644 scil.
1647 1621 1774 1644 inordinata
1792 1624 1902 1650 concupi-

1050 1661 1133 1683 scentia
1153 1661 1203 1687 (liic
1220 1664 1241 1682 et
1259 1667 1278 1682 a.
1301 1661 1317 1682 1.
1337 1667 1358 1689 1[.
1377 1661 1407 1688 2.)
1420 1661 1469 1682 sive
1487 1660 1608 1683 conversio
1621 1660 1761 1688 inordinata,
1779 1661 1820 1683 sed
1837 1660 1899 1684 liabi-

1051 1699 1134 1727 luulis,
1154 1699 1183 1721 ad
1201 1699 1364 1722 commutabile
1382 1699 1476 1722 bonum.
1501 1700 1561 1722 Ilaec
1579 1699 1716 1722 inordinatio
1739 1706 1751 1722 a
1770 1700 1790 1722 S.
1815 1700 1900 1723 Bonav.

1050 1742 1146 1762 vocatur
1163 1740 1249 1767 passim
1261 1739 1391 1768 corruptio,
1406 1739 1441 1761 vel
1454 1739 1544 1767 vitium,
1559 1738 1665 1767 morbus,
1680 1739 1786 1762 curvitas
1799 1743 1900 1762 naturae.

1050 1778 1114 1801 Unde
1132 1779 1153 1800 in
1172 1778 1285 1807 Breviloq.
1304 1785 1325 1806 p.
1344 1778 1375 1800 111.
1395 1784 1413 1800 c.
1432 1778 1452 1800 6.
1470 1778 1524 1800 dIcit
1537 1783 1541 1799 z
1556 1786 1565 1797 α
1578 1778 1603 1799 Et
1620 1779 1652 1800 sic
1666 1779 1761 1800 incurrit
1778 1779 1844 1800 simul
1864 1784 1902 1801 ca-

1050 1817 1153 1840 rentiam
1171 1818 1267 1840 iustitiae
1290 1820 1311 1839 et
1327 1816 1441 1840 'morbum
1463 1818 1674 1845 concupiscentiae,
1693 1823 1719 1839 ex
1742 1817 1827 1845 quibus
1844 1817 1903 1840 duo—

1050 1857 1107 1885 bus,
1129 1860 1239 1886 tanquam
1257 1863 1283 1879 cx
1308 1856 1431 1879 aversione
1448 1858 1470 1878 et
1487 1856 1652 1884 conversione,
1673 1856 1755 1878 dicitur
1773 1857 1880 1884 integrari
1895 1875 1899 1883 ,

1050 1896 1179 1919 5000011011]
1197 1897 1353 1924 Augustinum
1364 1899 1386 1918 et
1398 1896 1539 1922 Anselmum,
1553 1898 1674 1923 peccatum
1687 1896 1798 1923 originale
1811 1904 1832 1917 1».
1846 1894 1901 1918 Con-

1049 1936 1116 1958 sentit
1137 1936 1158 1957 S.
1177 1935 1260 1957 Tuom.
1284 1935 1334 1963 (1110
1357 1941 1378 1963 q.
1403 1935 1422 1956 ¹l.
1441 1941 1460 1956 0.
1484 1935 1508 1962 3;
1531 1935 1553 1956 S.
1576 1934 1590 1956 l.
1609 1934 1631 1956 11.
1651 1941 1673 1963 1[.
1697 1935 1732 1956 82.
1752 1941 1771 1956 a.
1795 1935 1834 1963 3.).
1857 1935 1901 1957 Sed

1050 1974 1189 2001 notandum,
1208 1973 1270 2002 quod
1292 1982 1301 1993 «
1315 1972 1504 2003 concupiscentia
1525 1979 1569 1995 non
1587 1974 1697 2000 accipitur
1715 1974 1751 1995 1110
1768 1972 1901 2002 specialiter

1049 2019 1092 2041 pro
1104 2019 1132 2035 eo
1144 2012 1208 2041 quod
1226 2015 1259 2035 est
1272 2013 1385 2040 potentiae
1401 2011 1597 2040 concupiscibilis,
1610 2011 1651 2034 sed
1668 2011 1818 2041 yeneraliter,
1833 2015 1901 2040 prout

1049 2056 1082 2075 est
1094 2051 1217 2075 cuiuslibet
1229 2053 1368 2080 appetitivae
1380 2052 1496 2074 rationalis
1508 2058 1534 2074 ex
1548 2052 1708 2074 coniunctione
1725 2052 1834 2079 primaria
1848 2057 1900 2074 cum

1050 2097 1118 2114 carne
1135 2094 1250 2119 corrupta.
1270 2091 1307 2113 Est
1324 2095 1398 2113 tamen
1423 2091 1464 2112 alia
1483 2091 1679 2118 concupiscentia,
1698 2096 1758 2118 quae
1780 2093 1813 2112 est
1830 2091 1901 2117 partis

1049 2129 1176 2157 sensibilis,
1194 2134 1216 2153 et
1234 2131 1289 2152 baec
1307 2130 1390 2152 dicitur
1407 2136 1457 2152 esse
1468 2135 1551 2159 poena.
1571 2129 1607 2152 llla
1620 2135 1689 2156 vero,
1708 2135 1767 2157 quae
1785 2129 1900 2151 rationalis

1049 2174 1089 2198 est,
1103 2170 1226 2199 aliquando
1239 2169 1321 2192 dicitur
1338 2168 1428 2198 culpa»
1441 2172 1482 2191 010.
1498 2169 1540 2195 (ita
1554 2169 1613 2191 Alex,
1627 2168 1682 2196 itai„
1701 2168 1722 2189 S.
1736 2174 1757 2195 p.
1777 2168 1798 2190 ΙΙ.
1812 2174 1834 2196 1[.
1852 2168 1898 2190 106.

1049 2216 1079 2232 m.
1098 2210 1119 2231 2.
1138 2216 1156 2231 a.
1176 2209 1214 2237 3.).
1233 2208 1297 2231 Unde
1309 2209 1377 2231 etiam
1395 2215 1407 2230 a
1420 2209 1442 2230 S.
1461 2208 1549 2230 Tnoma
1569 2208 1600 2234 (S.
1619 2208 1721 2235 100011.)
1738 2206 1899 2236 concupiscen-

1049 2248 1080 2271 tia
1104 2252 1194 2271 notatur
1216 2252 1240 2270 ut
1257 2247 1393 2269 inordinatio
1406 2248 1490 2269 virium
1508 2247 1611 2273 animae,
1628 2252 1654 2268 ex
1672 2252 1717 2274 qua
1735 2251 1803 2267 omne
1826 2251 1900 2273 genus

1049 2288 1136 2314 peccati
1154 2287 1207 2309 oriri
1227 2289 1302 2314 potest
1314 2286 1364 2312 (cfr.
1379 2286 1464 2307 Bonav.
1477 2285 1534 2307 inira
1547 2284 1569 2306 d.
1583 2284 1619 2306 32.
1633 2291 1652 2306 a.
1666 2285 1686 2306 2.
1699 2291 1720 2313 1[.
1739 2285 1773 2310 l.).

1112 2326 1133 2353 c)
1156 2325 1217 2347 Haec
1238 2323 1426 2354 concupiscentia
1452 2325 1502 2346 sive
1524 2324 1626 2351 pronitas
1653 2323 1682 2345 ad
1706 2323 1849 2350 peccandum
1877 2323 1898 2344 in

1049 2367 1142 2392 peccato
1160 2364 1263 2392 originali
1281 2366 1315 2385 est
1332 2361 1542 2390 sicutvmateriale,
1563 2363 1661 2384 carentia
1674 2367 1730 2384 vcro
1748 2362 1845 2384 iustitiae
1858 2362 1898 2383 ori-

1049 2403 1130 2430 ginalis
1147 2403 1206 2423 sicut
1225 2400 1327 2429 formale
1346 2401 1416 2427 (infra
1440 2400 1462 2422 d.
1481 2400 1517 2422 32.
1536 2400 1595 2421 asi.
1613 2406 1634 2428 q.
1659 2400 1674 2421 Ι.
1694 2400 1732 2427 2.).
1751 2398 1900 2422 Consentiunt

1049 2442 1071 2463 S.
1090 2441 1172 2463 Tliom.
1191 2441 1259 2467 (10015
1276 2441 1321 2462 citt.
1339 2442 1361 2462 et
1378 2439 1407 2461 de
1423 2439 1522 2467 11Ῑο10,1[.
1542 2439 1562 2460 li.
1581 2445 1600 2460 0.
1619 2439 1650 2467 2.)
1668 2441 1689 2461 01
1705 2439 1767 2460 Alex.
1786 2438 1842 2466 Hal,
1859 2439 1899 2467 qui

1049 2480 1100 2507 (loc.
1118 2481 1153 2502 cit.
1172 2480 1235 2501 11].1.
1254 2486 1274 2501 0.
1297 2480 1312 2500 1.
1326 2478 1355 2501 ad
1373 2479 1404 2507 2.)
1423 2478 1488 2500 dicit:
1502 2486 1512 2498 α
1526 2477 1583 2500 Cum
1603 2477 1697 2500 dicitur:
1716 2480 1837 2505 peccatum
1856 2478 1897 2500 ori-

1049 2518 1124 2547 ginale
1141 2521 1175 2540 051
1192 2517 1393 2546 concupiscentia,
1412 2516 1544 2540 materialis
1563 2516 1654 2539 videtur
1677 2522 1727 2539 esse
1744 2516 1897 2545 praedicatio,

1048 2556 1158 2586 formalis
1176 2559 1265 2584 autem,
1283 2562 1336 2578 cum
1354 2555 1436 2578 dieitur
1450 2554 1548 2578 macula.
1563 2556 1612 2577 sive
1630 2554 1768 2583 deformitas
1787 2555 1898 2583 [privatio

1049 2595 1165 2624 iustitiae],
1175 2601 1202 2618 ex
1214 2596 1303 2623 origine
1315 2595 1444 2623 primorum
1454 2597 1575 2622 parentum
1586 2596 1699 2616 contracta
1710 2602 1731 2615 υ.
1741 2593 1803 2616 Idem
1817 2594 1899 2617 docent

1050 2636 1132 2658 Scottis
1150 2636 1200 2662 (1110
1218 2641 1239 2663 q.
1259 2635 1290 2662 2.)
1307 2634 1391 2663 aliique
1409 2634 1570 2656 communiter.

1114 2674 1137 2702 11)
1157 2674 1213 2696 Hinc
1236 2674 1431 2701 concupiscentia,
1449 2674 1471 2694 in
1489 2672 1607 2700 praedicto
1630 2679 1697 2695 sensu
1721 2676 1826 2701 accepta,
1853 2679 1897 2695 non

1050 2715 1084 2735 est
1101 2711 1248 2735 solummodo
1262 2717 1341 2740 poena
1358 2712 1444 2739 peccati
1462 2711 1590 2739 originalis,
1608 2712 1666 2734 sicut
1689 2717 1751 2733 mors
1772 2712 1898 2739 corporalis

1052 2752 1154 2780 aliaeque
1167 2751 1326 2778 poenalitates,
1344 2750 1384 2772 sed
1396 2756 1421 2771 ea
1440 2750 1537 2778 pertinet
1554 2750 1583 2772 ad
1599 2751 1675 2777 ipsum
1694 2753 1813 2777 peceatum
1832 2751 1897 2778 origi-

1113 2874 1121 2888 2
1140 2875 1162 2896 ln
1181 2875 1223 2896 hac
1239 2874 1286 2901 ipsa
1305 2872 1439 2895 obiectione.

1113 2912 1122 2927 ³
1139 2912 1184 2935 Cir.
1203 2913 1306 2940 Ariston,
1324 2912 1347 2934 ll.
1365 2912 1434 2934 Etliic.
1453 2917 1472 2934 c.
1496 2912 1516 2934 6.
1535 2915 1557 2934 01
1573 2912 1630 2934 infra
1648 2912 1670 2934 d.
1690 2912 1725 2934 42.
1750 2918 1769 2934 0.
1789 2913 1809 2934 2.
1828 2919 1850 2941 q.
1873 2913 1897 2941 1,

1051 2952 1090 2974 ubi
1108 2952 1183 2980 agitur
1200 2950 1228 2973 de
1247 2950 1372 2973 differentia
1390 2957 1449 2979 quae
1467 2954 1500 2974 est
1517 2951 1576 2974 inter
1593 2954 1687 2979 peccata
1704 2951 1807 2974 mortalia
1826 2955 1847 2974 et
1861 2958 1897 2975 ve-

1052 2991 1125 3013 nialla.

1115 3029 1122 3043 4
1142 3029 1192 3051 Vat.
1210 3028 1287 3051 adiicit
1303 3028 1388 3057 prima.

1917 832 1930 851 N
1934 833 2030 852 otaudum.
