2243 3425
684 220 767 249 DIST.
790 220 900 249 XXVIII.
922 220 994 249 ART.
1016 220 1045 249 ΙΙ.
1068 220 1204 257 ΩΠᾹΕΞΤ.
1226 220 1254 249 II.

94 303 121 328 ta
131 299 147 333 ¹,
166 298 243 333 dicit,
262 299 336 336 quod
356 298 477 328 liberum
495 298 645 328 arbitrium
669 302 738 328 «est
756 298 873 328 facultas
898 307 943 327 vo-

94 345 208 375 luntatis
226 349 253 374 et
275 346 403 380 rationis,
426 354 482 383 qua
500 345 605 374 bonum
626 345 748 383 eligitur,
767 345 857 382 gratia
878 345 944 374 assi-

93 395 194 427 stente,
216 394 243 421 et
264 392 380 427 malum,
401 393 491 430 gratia
512 392 702 421 desistente».
725 391 750 420 Si
768 392 852 429 igitur
875 392 943 421 baec

93 439 163 468 ratio
184 442 261 468 recta
281 442 341 473 est3
363 439 416 468 nisi
437 439 510 468 adsit
535 439 629 468 divina
651 439 753 476 gratia,
778 446 889 475 semper
915 438 944 466 li-

93 485 194 514 berum
211 485 361 514 arbitrium
379 485 485 514 malum
508 485 602 522 eliget:
621 493 688 522 ergo
706 484 776 514 nulli
798 485 942 514 tentationi

92 532 211 561 resistet.

172 579 197 608 3.
220 579 301 614 Item,
316 587 402 617 super
413 578 484 607 illud
500 578 535 608 ad
551 578 688 607 Romanos
703 577 853 615 septim02:
873 577 943 606 Velle

92 627 208 656 adiacet
235 625 310 655 milii
336 629 403 661 etc.,
426 625 536 655 Glossa:
571 625 729 654 «Naturale
750 628 793 654 est
820 624 942 662 quodam

93 673 176 703 modo
198 673 270 702 velle
294 673 400 702 bonum
425 680 475 710 per
498 672 650 706 rationem;
676 672 725 701 sed
747 671 801 701 tale
827 674 869 701 est
890 671 943 699 1100

91 720 174 755 velle,
196 720 271 757 quod
293 727 404 757 semper
427 719 454 748 vi
477 719 569 748 carnis
590 721 742 757 superatur
761 729 792 747 »ε
816 726 883 756 ergo
906 717 944 746 vi·

92 767 183 803 detur,
209 767 284 805 quod
305 767 412 805 absque
433 766 573 796 adiutorio
597 766 703 803 gratiae
728 774 852 804 semper,
878 773 942 795 cum

91 817 224 849 tentatur,
245 814 398 843 consentiat
419 814 503 842 homo
528 813 635 851 culpae.

171 862 197 890 lt.
220 862 302 897 Item,
318 861 439 891 liberum
454 861 604 890 arbitrium
620 861 648 890 iu
663 860 859 898 praeeligendo
874 867 943 889 sem-

91 916 142 947 per
163 909 290 947 sequitur
315 908 446 937 affectum
469 908 745 946 praedominantem,
767 910 794 936 et
823 908 875 936 hoc
896 915 944 936 ex-

91 964 188 994 presse
217 955 340 985 declarat
361 955 507 984 Anselmus
536 955 564 983 in
586 954 658 983 libro
685 954 719 984 de
742 954 840 984 Libero
865 954 943 983 Arbi-

91 1003 145 1032 trio
161 1003 186 1038 ³,
209 1006 236 1032 et
264 1011 314 1041 per
346 1003 573 1040 experimentum
602 1005 644 1031 est
672 1002 868 1037 manifestum,
893 1001 942 1031 sed

91 1050 197 1088 absque
226 1050 329 1087 gratia,
359 1049 458 1079 saltem
486 1049 573 1086 gratis
602 1049 681 1083 data,
710 1048 798 1077 libero
826 1048 942 1077 arbitrio

92 1100 237 1135 corrupto,
260 1100 357 1134 regnat
378 1104 458 1125 amor
483 1096 589 1134 proprii
612 1096 695 1125 boni:
722 1104 788 1133 ergo
818 1096 941 1131 VIdetur,

92 1145 167 1182 quod
183 1152 294 1182 semper
310 1144 380 1173 illud
396 1143 557 1181 praeeligat,
573 1146 711 1181 quantum
726 1146 768 1172 est
786 1143 820 1172 de
836 1151 874 1178 se,
889 1143 942 1172 nisi

93 1191 182 1229 gratia
202 1191 296 1221 divina
317 1190 442 1220 assistat:
465 1198 531 1228 ergo
553 1190 627 1219 idem
650 1190 725 1228 quod
746 1190 835 1228 prius.
915 1188 919 1191 '

172 1240 198 1267 5.
220 1239 302 1273 Item,
331 1246 408 1267 mors
437 1246 492 1266 non
517 1238 588 1267 inest
613 1237 693 1267 nobis
721 1237 772 1266 nisi
802 1245 853 1275 per
882 1245 943 1275 pec-

92 1289 185 1315 catum
200 1285 223 1314 ⁴:
252 1293 319 1323 ergo
340 1285 389 1314 ubi
410 1287 452 1314 est
475 1285 626 1314 necessitas
648 1285 799 1320 mortendi,
821 1284 942 1319 videtur,

93 1333 168 1371 quod
193 1333 245 1362 nisi
271 1332 344 1362 adsit
366 1332 455 1370 gratia
480 1332 545 1367 Dei,
575 1332 610 1361 sit
639 1331 766 1361 similiter
792 1332 943 1361 necessitas

92 1384 120 1409 et
146 1380 296 1418 peccandi;
326 1379 375 1409 sed
403 1379 452 1408 ubi
473 1383 515 1408 est
542 1379 692 1408 necessitas
717 1379 866 1416 peccandi,
888 1387 941 1407 non

92 1431 134 1457 est
152 1430 273 1465 potestas
296 1426 443 1456 resistendi
468 1426 627 1455 tentationi:
651 1426 673 1455 si
696 1426 782 1463 igitur
804 1426 875 1455 hanc
897 1425 944 1454 ha-

92 1474 139 1504 bet
160 1475 281 1503 liberum
303 1473 466 1507 arbitrium,
485 1476 570 1510 prout
590 1476 632 1502 est
650 1473 739 1510 gratia
761 1473 942 1507 destitutum3

92 1524 169 1559 patet
190 1525 241 1550 etc.

173 1569 198 1597 6.
220 1568 303 1602 Item,
326 1567 433 1596 liabens
454 1567 553 1605 pedem
584 1566 733 1598 claudum,
756 1574 820 1595 cum
848 1566 944 1595 ambu-

93 1617 143 1651 lat,
166 1623 279 1645 necesse
301 1615 385 1644 habet
400 1615 570 1644 claudicare:
593 1622 660 1651 ergo
681 1614 702 1643 si
718 1621 768 1651 pes
789 1613 944 1652 spiritualis

93 1667 134 1693 est
155 1663 262 1692 habens
283 1662 413 1691 affectum
443 1661 641 1690 deordinatum
663 1665 690 1690 et
715 1660 878 1698 obliquum,
900 1668 944 1689 ne-

93 1709 214 1739 cessario
236 1709 374 1738 claudicat
389 1709 417 1737 in
437 1716 488 1737 suo
502 1708 599 1737 actu5:
619 1716 685 1745 ergo
706 1708 865 1737 necessario
880 1707 944 1736 libe-

93 1766 157 1786 rum
180 1756 346 1790 arbitrium,
368 1756 457 1793 gratia
479 1756 661 1790 destitutum,
684 1763 749 1784 cum
775 1755 810 1784 sit
832 1755 943 1792 lapsum

93 1808 120 1834 et
140 1804 332 1842 obliquatam,
353 1803 584 1841 praecipitabitur
612 1803 640 1831 in
661 1806 816 1840 peccatum.
839 1802 943 1839 Quodsi

94 1853 158 1887 1100,
181 1851 352 1889 impossibile
373 1853 427 1885 est,
449 1850 524 1888 quod
546 1850 652 1888 absque
674 1850 747 1879 dono
768 1849 945 1887 0101100100-

94 1900 190 1929 tationi
211 1899 331 1928 resistat.

158 2053 164 2068 ¹
184 2054 224 2076 Lit.
243 2053 353 2081 Magistri,
372 2058 390 2075 0.
410 2052 430 2074 3.
450 2051 494 2074 Csr.
512 2052 580 2074 etiarn
599 2058 652 2080 pag.
672 2052 729 2080 592,
748 2056 798 2075 nota
818 2053 838 2075 6.

157 2093 166 2107 2
183 2093 249 2115 Vers.
269 2092 306 2115 18.
324 2105 354 2107 -
371 2091 475 2114 Glossani
493 2090 547 2113 vide
564 2091 627 2119 apud
645 2090 755 2114 Strabum
772 2095 793 2113 et
810 2092 934 2119 Lyranum.

158 2131 168 2147 ³
184 2132 234 2154 Duo
253 2131 363 2159 opuscula
381 2130 504 2153 Anselmus
521 2131 613 2158 scripsit
629 2130 659 2152 de
676 2129 748 2153 libero
766 2130 871 2159 arbitrio,
891 2136 945 2159 quo-

94 2178 147 2194 rum
165 2176 239 2194 unum
264 2169 395 2193 inscribitur
420 2169 536 2199 Dialoyus
553 2168 580 2192 de
598 2168 635 2192 lib.
653 2168 716 2198 arb„
737 2169 800 2192 alteri
818 2170 895 2192 titulus
912 2172 946 2192 est

96 2210 222 2233 Tractatus
239 2208 266 2232 de
283 2207 409 2232 concordia
426 2207 597 2237 praescientiae
619 2209 640 2231 et
659 2207 881 2237 praezlestinan'onis
903 2214 945 2231 nec

94 2254 142 2271 mm
163 2247 255 2278 qratiae
275 2247 317 2270 Dei
333 2253 388 2271 cum
406 2246 442 2269 lib.
460 2246 511 2270 urb.
531 2247 655 2275 Sententia,
674 2247 702 2269 de
720 2253 764 2276 qua
779 2248 815 2269 ln'c
827 2248 909 2275 agitur,
923 2247 944 2269 in

94 2290 192 2316 utroque
218 2287 330 2315 opusculo
357 2286 461 2309 habetur.
479 2286 501 2308 ln
520 2287 606 2315 primo,
625 2292 644 2308 0.
663 2287 683 2309 8.
703 2292 750 2315 seq.
769 2286 864 2315 dicitur,
882 2286 945 2315 quod

94 2327 200 2349 voluntas
227 2332 271 2349 non
298 2326 384 2349 recedit
405 2332 417 2348 a
440 2325 586 2354 rectitudine,
612 2326 653 2348 nisi
671 2326 691 2348 ei
709 2326 795 2355 aliquid
813 2326 945 2349 ostendatur

94 2366 144 2388 sive
162 2366 319 2394 promittatur,
346 2367 385 2387 aut
403 2366 514 2393 minetur,
537 2373 545 2384 α
560 2364 623 2393 quod
641 2365 715 2393 magis
733 2357 803 2393 quam
821 2365 895 2392 ipsam
912 2370 945 2386 re-

95 2404 229 2427 ctitudinem
246 2405 295 2427 vult
308 2413 328 2426 ».
348 2404 370 2426 10
388 2404 490 2426 secundo
508 2410 588 2432 opusC.
607 2410 628 2432 q.
648 2404 668 2426 3.
693 2404 761 2432 (quae
784 2404 831 2431 agit
848 2403 876 2425 de
894 2409 945 2425 con-

95 2443 173 2466 cordia
191 2444 277 2472 gratiae
294 2446 317 2465 et
333 2442 398 2465 liberi
425 2442 522 2471 arbitrii,
545 2443 606 2471 sive⁷
624 2445 649 2465 ut
666 2444 688 2464 in
706 2448 761 2464 mss.
780 2442 875 2464 brevius
892 2442 945 2469 legi-

95 2486 142 2511 tur,
161 2482 190 2505 de
208 2483 281 2511 gratia
298 2485 320 2505 et
337 2481 410 2504 libero
435 2481 539 2511 arbitrio)
557 2488 576 2504 c.
599 2482 632 2503 ll.
654 2487 702 2510 seq.
728 2483 808 2503 auctor
833 2480 945 2508 triplicem

95 2522 218 2552 distinguit
227 2522 382 2544 voluntatem:
396 2521 725 2543 voluatatem-instrumentum
744 2520 895 2547 (potentiam),
908 2525 946 2542 vo-

95 2561 357 2584 luntatem-affectionem
374 2563 396 2582 et
413 2560 642 2582 voluntatem-usum.
670 2559 754 2586 Prima,
773 2562 798 2581 ut
814 2560 894 2581 auctor
911 2564 946 2580 ex·

95 2602 171 2630 ponit,
190 2600 299 2623 omnibus
317 2599 450 2622 hominibus
467 2599 549 2622 eadem
567 2602 615 2627 est,
639 2598 740 2621 secunda
762 2598 853 2620 diversa
875 2599 896 2620 10
915 2598 946 2620 (11-

95 2641 180 2665 versis,
198 2643 221 2662 et
238 2639 367 2662 secundum
393 2645 455 2666 eam,
482 2640 551 2667 prout
576 2638 738 2666 unusquisque
759 2637 869 2663 afficitur,
892 2637 946 2664 agit.

96 2679 150 2701 ibid.
169 2685 187 2702 0.
210 2679 243 2701 13.
261 2679 306 2701 ait:
324 2678 409 2701 Ancilla
427 2679 495 2700 etiam
513 2678 570 2700 facta
590 2680 623 2699 est
641 2677 758 2705 [naturalis
778 2676 870 2698 libertas
887 2676 947 2698 arbi-

96 2718 142 2746 trii]
164 2724 219 2741 suae
245 2718 381 2745 affectionis,
410 2723 469 2746 quae
487 2717 516 2739 ad
534 2716 684 2739 commodum
702 2719 750 2744 est,
769 2717 835 2745 quia,
859 2720 946 2738 remota

96 2758 193 2785 iustitia,
211 2757 264 2779 nihil
283 2759 357 2785 potest
374 2756 444 2784 velle,
464 2757 505 2779 nisi
523 2756 586 2785 quod
605 2756 640 2778 illa
653 2756 708 2778 vult.
723 2768 752 2770 —
766 2755 814 2777 Mox
827 2761 869 2783 pro
881 2760 947 2784 empe-

96 2794 226 2818 rtmentum
244 2795 294 2818 Vat.
312 2801 365 2818 cum
383 2794 436 2817 edd.
455 2795 481 2823 3,
501 2794 513 2817 4
532 2793 709 2824 aperientium.

159 2833 168 2848 4
186 2833 230 2857 Cfr.
250 2834 316 2856 Rom.
334 2834 359 2862 ὅ,
382 2834 414 2856 12.
433 2840 497 2862 seqq.
516 2836 538 2856 et
555 2834 580 2862 6,
599 2834 635 2855 23.
649 2846 679 2849 —
691 2832 746 2855 Cod.
760 2832 777 2854 Υ
789 2833 947 2862 propterpec-

98 2874 185 2896 cartem.
203 2873 272 2895 Paulo
291 2873 385 2895 interius
402 2879 444 2900 pro
462 2872 493 2895 sit
508 2872 617 2896 similiter
635 2872 684 2894 Vat.
703 2877 756 2894 cum
774 2871 827 2893 odd.
846 2871 870 2899 3,
890 2871 902 2893 4
914 2872 948 2894 est

97 2911 240 2941 simpliciter.

160 2951 169 2965 ⁵
187 2952 295 2979 August„
313 2951 415 2974 Enarrat.
433 2952 454 2973 10
474 2951 508 2973 Ρε.
526 2950 562 2973 94.
582 2957 603 2973 n.
622 2951 651 2972 2:
677 2958 687 2970 ι(
700 2949 772 2971 Pedes
794 2950 855 2972 enim
878 2950 948 2972 nostri

98 2990 119 3011 10
139 2990 181 3012 1100
199 2990 279 3012 itinere
297 2990 335 3018 [ad
353 2990 437 3018 Deum]
456 2990 550 3013 affectus
567 2990 636 3012 nostri
654 2991 713 3011 sunt.
727 2988 796 3011 Prout
808 2988 906 3017 quisque
919 2988 947 3010 at‘-

98 3029 182 3051 tectum
208 3028 324 3058 habuerit,
342 3033 410 3058 prout
428 3030 527 3058 quisque
544 3034 648 3051 amorem
666 3027 781 3055 babuerit,
800 3029 829 3050 ita
848 3027 949 3055 accedit,

1792 219 1847 248 685

1316 306 1526 328 CONCLUSIO.

1000 391 1136 420 Hominis
1158 391 1279 420 liberam
1307 391 1480 426 arbitrium,
1506 392 1587 421 omiti
1607 391 1712 430 yrcttia
1734 391 1849 420 destitu-

1080 442 1151 472 tam,
1165 447 1217 467 nec
1231 439 1312 467 omni
1318 443 1412 476 potest
1426 439 1578 468 tentationi
1587 439 1731 473 resistere,
1742 446 1794 467 9100
1804 447 1850 467 910-

1079 493 1154 513 cesse
1176 484 1260 514 habet
1280 486 1360 514 omui
1381 486 1534 515 tentationi
1552 485 1750 515 suecambere.

1080 578 1260 607 Responnno:
1283 579 1322 607 Ad
1344 579 1553 616 praedIctorum
1575 579 1786 617 intelligentiam
1807 581 1850 608 est

1001 624 1168 658 notandum,
1184 625 1258 662 quod
1281 625 1367 663 aliqui
1382 629 1543 661 senserunt,
1562 626 1685 656 liberum
1699 627 1849 656 arbitrium
1862 630 1990 673 scffpfflilgffgi·

1001 671 1157 700 secundum
1179 675 1296 706 statum,
1314 672 1343 701 in
1361 681 1417 710 quo
1435 681 1510 702 nunc
1532 677 1585 708 est,
1604 673 1711 711 absque
1733 682 1849 703 munere
1898 668 1903 673 ’
1959 668 1967 677 ⁵
1986 667 1990 671 ’

1000 718 1106 755 gratiae
1131 718 1212 747 omni
1232 726 1314 756 posse
1335 720 1480 749 tentationi
1508 720 1638 750 resistere
1659 721 1774 758 propria
1797 721 1851 749 vir-

1000 767 1075 799 tute,
1096 765 1163 802 quia
1184 765 1206 794 si
1229 765 1281 795 hoc
1307 774 1363 795 non
1384 768 1473 801 esset,
1498 770 1644 803 peccatum
1666 767 1690 796 ei
1716 767 1849 805 imputari

1000 819 1053 840 non
1076 811 1199 841 deberet.
1219 829 1258 833 -—
1276 812 1327 842 Sed
1350 813 1420 842 haec
1440 813 1540 850 positio
1562 813 1643 851 plane
1664 814 1734 843 falsa
1754 817 1796 843 est
1823 816 1991 843 0130100301-

1000 862 1097 888 contra
1115 867 1224 888 sacram
1245 859 1419 897 Scripturam
1439 862 1466 889 et
1483 863 1580 889 contra
1598 861 1763 890 Sanctorum
1778 861 1851 890 testi-

1000 906 1102 935 monia.
1117 906 1144 935 Si
1159 906 1232 935 enim
1248 914 1330 936 nemo
1345 909 1436 944 potest
1455 907 1587 936 resistere
1602 907 1745 936 tentationi
1761 908 1795 937 de
1810 908 1852 937 Iu-

999 953 1085 983 xuria
1105 953 1158 982 nisi
1173 961 1224 991 per
1246 953 1457 988 continentiam,
1476 961 1559 983 nemo
1574 954 1718 983 tentationi
1740 955 1774 984 de
1793 954 1852 983 infi-

1000 1001 1113 1030 delitate
1134 1001 1187 1030 nisi
1205 1009 1256 1038 per
1278 1001 1363 1030 fidem
1370 1012 1376 1036 ;
1396 1001 1592 1031 continentiam
1615 1005 1708 1031 autem
1724 1005 1752 1031 et
1766 1002 1850 1031 fidem

999 1057 1054 1077 non
1079 1048 1213 1085 contingit
1237 1048 1342 1078 habere
1363 1048 1470 1086 absque
1496 1049 1569 1078 dono
1594 1049 1705 1078 divinae
1730 1049 1851 1086 gratiae,

1000 1095 1081 1124 iuxta
1105 1095 1175 1124 illud
1201 1095 1277 1132 quod
1303 1095 1406 1124 dIcitur
1435 1095 1591 1133 Sapientiae
1619 1099 1716 1125 octavo
1732 1096 1757 1124 ⁶:
1786 1095 1851 1125 Non

996 1141 1119 1179 possum
1141 1150 1200 1171 esse
1214 1142 1363 1170 continens
1382 1145 1443 1177 etc.,
1458 1145 1485 1171 et
1504 1143 1612 1180 primae
1637 1143 1672 1172 ad
1695 1143 1851 1172 Corinthios

1001 1189 1179 1218 duodecimo:
1203 1188 1267 1217 Alii
1287 1189 1378 1218 datur
1399 1188 1471 1225 fides
1492 1189 1525 1218 iit
1545 1190 1641 1218 eodem
1655 1190 1779 1227 spirita.-
1794 1189 1852 1227 pla-

999 1244 1068 1265 num
1090 1239 1132 1265 est
1153 1244 1190 1265 ex
1212 1236 1272 1273 ipsa
1293 1244 1372 1265 sacra
1394 1236 1554 1277 Scriptura,
1576 1237 1651 1274 quod
1673 1237 1794 1266 liberum
1809 1245 1851 1265 ar-
1864 1246 1963 1265 Conclusio
1975 1246 1992 1265 1.

1000 1284 1117 1313 bitrium
1139 1283 1246 1321 absque
1260 1291 1379 1313 munere
1400 1284 1506 1321 gratiae
1521 1292 1575 1313 non
1594 1287 1684 1322 potest
1705 1285 1780 1313 omni
1795 1288 1851 1314 ten-

1000 1331 1096 1360 tationi
1118 1331 1257 1360 resistere.
1280 1331 1333 1360 Hoc
1354 1331 1438 1360 etiam
1463 1331 1655 1369 multipliciter
1676 1331 1778 1369 probat
1801 1332 1852 1361 Au-

1001 1378 1130 1415 gustinus
1152 1378 1179 1406 in
1206 1377 1278 1407 libro
1300 1378 1335 1407 de
1357 1378 1525 1408 Perfectione
1552 1379 1673 1407 iustitiae
1694 1379 1815 1408 hominis
1829 1379 1851 1414 ⁷,

1001 1429 1028 1455 et
1045 1426 1079 1455 de
1098 1426 1203 1455 Natura
1221 1429 1248 1455 et
1266 1425 1368 1463 gratia,
1387 1429 1414 1455 et
1432 1425 1458 1454 in
1478 1425 1550 1454 libro
1568 1426 1603 1455 de
1622 1427 1693 1455 Vera
1712 1426 1851 1464 Religione

1001 1472 1068 1501 dicit
1088 1480 1237 1510 expresse,
1258 1472 1333 1510 quod
1352 1473 1400 1510 qui
1422 1481 1477 1501 non
1498 1472 1560 1501 vult
1580 1473 1616 1502 ab
1634 1473 1688 1502 alio
1709 1473 1851 1511 superari,

1001 1526 1114 1548 necesse
1136 1519 1221 1548 habet
1241 1519 1289 1548 alii
1311 1519 1453 1554 invidere,
1474 1522 1502 1549 et
1523 1519 1560 1548 ita
1581 1520 1625 1548 vir
1646 1520 1787 1557 superbus
1807 1527 1852 1549 ne-

1002 1573 1078 1595 cesse
1094 1566 1178 1595 habet
1191 1573 1307 1603 peccare
1326 1566 1479 1603 aliquando
1494 1570 1607 1604 peccato
1622 1567 1756 1602 invidiae3
1779 1567 1852 1596 simi-

1001 1613 1064 1642 liter
1086 1616 1113 1642 et
1135 1613 1162 1642 10
1183 1613 1244 1642 aliis
1267 1613 1417 1650 generibus
1438 1617 1617 1651 peccatorum
1639 1614 1851 1651 intelligendum

1001 1664 1043 1690 051
1068 1668 1137 1689 0550.
1161 1660 1192 1689 Ε1
1217 1663 1366 1698 propterea
1393 1660 1440 1689 illa
1464 1661 1565 1698 positio
1590 1661 1690 1698 Pelagii
1716 1664 1851 1698 tanquam

1001 1715 1119 1736 erronea
1140 1707 1317 1745 repudianda
1338 1711 1387 1737 est.
1400 1725 1438 1729 -
1453 1707 1507 1737 Hoc
1527 1711 1622 1737 autem
1643 1708 1695 1737 fuit
1715 1709 1791 1746 quod
1807 1709 1851 1738 de·
1866 1717 1923 1744 origo,
1937 1717 1994 1736 huius

1001 1754 1074 1792 cepit
1099 1754 1256 1792 Pelagium,
1284 1755 1359 1792 quod
1386 1755 1506 1784 liberum
1531 1755 1681 1784 arbitrium
1706 1745 1941 1793 nunquammm

1001 1801 1164 1831 destituitur
1179 1802 1254 1830 01001
1277 1802 1366 1839 gratia
1381 1803 1468 1839 gratis
1486 1802 1563 1837 data,
1578 1806 1605 1831 et
1620 1803 1679 1840 ipse
1693 1811 1778 1840 posse
1793 1811 1853 1841 gra-

1002 1849 1055 1878 tiae
1074 1849 1201 1878 attribuit
1216 1849 1268 1886 ipsi
1286 1852 1412 1879 naturae.
1431 1849 1568 1887 Superbia
1584 1849 1657 1878 enim
1676 1853 1851 1886 excaecatus,

1001 1897 1118 1926 nescivit
1137 1897 1309 1934 distinguere
1331 1897 1403 1926 inter
1423 1897 1495 1926 dona
1516 1897 1656 1926 naturaIIa
1674 1900 1701 1926 et
1722 1897 1851 1935 gratuita.

1003 2052 1039 2075 vel
1059 2051 1144 2074 recedit
1161 2058 1173 2074 a
1191 2051 1238 2074 Deo
1252 2060 1272 2073 n.
1292 2051 1317 2073 Et
1334 2052 1355 2073 10
1375 2051 1433 2073 1000.
1452 2051 1539 2079 Evang.
1558 2054 1584 2073 tr.
1603 2050 1639 2073 56.
1653 2056 1673 2073 n.
1688 2050 1716 2072 4:
1733 2059 1742 2070 ιι
1756 2050 1854 2079 1051131-

1003 2095 1039 2114 tur
1057 2092 1151 2114 humani
1169 2091 1275 2118 affectus,
1294 2091 1343 2113 sine
1356 2090 1442 2119 quibus
1459 2091 1481 2112 in
1500 2090 1542 2112 hac
1554 2091 1690 2113 mortalitate
1702 2097 1746 2113 non
1760 2091 1852 2118 vivitur,

1004 2132 1069 2160 quasi
1087 2130 1159 2159 pedes
1176 2133 1240 2158 sunt,
1259 2130 1299 2152 ubi
1317 2136 1344 2152 ex
1362 2130 1469 2152 humanis
1481 2128 1553 2152 rebus
1570 2130 1683 2152 afficimur
1699 2132 1722 2152 et
1737 2130 1769 2152 sic
1786 2129 1853 2152 affici-

1003 2176 1068 2199 mur,
1087 2173 1111 2193 ut
1128 2171 1146 2193 si
1165 2169 1302 2198 dixerimus,
1321 2170 1373 2198 quia
1392 2172 1513 2197 peccatum
1527 2175 1571 2191 1100
1590 2168 1713 2196 babemus,
1732 2174 1773 2191 nos
1790 2169 1853 2196 ipsos

1003 2209 1148 2238 decipiamus
1165 2212 1187 2231 et
1203 2209 1289 2231 veritas
1306 2209 1328 2231 10
1347 2207 1413 2230 nobis
1439 2214 1484 2230 non
1501 2209 1529 2231 sit
1542 2216 1552 2228 ι)
1569 2208 1592 2235 (l.
1612 2208 1670 2230 loan.
1690 2209 1714 2236 11,
1733 2208 1770 2236 8.).
1790 2207 1853 2230 Idem

1003 2247 1057 2270 dicit
1074 2247 1195 2275 Bernard.,
1214 2248 1286 2270 Serm.
1305 2248 1327 2269 in
1344 2246 1420 2270 Coena
1438 2246 1528 2269 Domini
1546 2253 1567 2269 n.
1586 2246 1606 2268 4⁴
1659 2272 1666 2275 ν

1066 2286 1075 2301 ⁶
1094 2287 1158 2309 Vers.
1177 2287 1214 2308 21.
1233 2299 1262 2302 —
1280 2286 1332 2315 Seq.
1350 2288 1424 2308 textus
1441 2288 1476 2308 est
1492 2286 1534 2308 100.
1553 2287 1588 2308 011,
1607 2292 1629 2308 v.
1647 2286 1668 2308 9.

1065 2325 1075 2339 ⁷
1093 2326 1116 2347 ln
1135 2326 1178 2347 1100
1195 2325 1318 2353 opusculo,
1337 2324 1401 2353 quod
1418 2325 1560 2353 Augustinus
1577 2325 1666 2352 scripsit
1684 2326 1760 2346 contra
1779 2323 1853 2346 Caele-

1003 2365 1085 2392 stium,
1105 2363 1244 2392 ostenditur,
1263 2365 1284 2386 in
1303 2369 1350 2392 quo
1369 2364 1477 2385 consistat
1493 2363 1603 2391 perfectio
1620 2363 1717 2385 iustitiae
1735 2363 1758 2390 (1.
1779 2369 1798 2385 e.
1817 2362 1852 2385 illa

1003 2403 1098 2430 iustitia,
1118 2408 1163 2431 qua
1183 2403 1253 2424 bomo
1271 2408 1367 2430 prorsus
1384 2403 1478 2424 estsine
1496 2405 1614 2430 peccato),
1632 2401 1759 2425 ostenditur
1776 2402 1852 2431 etiam,

1003 2442 1070 2464 istam
1088 2441 1167 2463 haberi
1186 2447 1229 2463 non
1249 2447 1318 2468 posse
1334 2441 1387 2463 solis
1406 2440 1495 2463 viribus
1513 2444 1619 2469 naturae,
1638 2442 1773 2469 praesertim
1790 2441 1853 2464 vitia-

1003 2484 1050 2508 tae,
1068 2481 1117 2503 sine
1134 2481 1217 2508 gratia,
1236 2486 1278 2502 nec
1295 2481 1389 2502 omnino
1407 2480 1429 2502 in
1448 2480 1490 2502 hac
1508 2480 1623 2507 praesenti
1640 2480 1686 2502 vita
1707 2480 1811 2502 inveniri.
1830 2480 1853 2502 ln

1003 2518 1048 2541 fine
1066 2525 1146 2546 opusc.
1165 2524 1184 2541 c.
1203 2519 1239 2540 21.
1258 2525 1278 2541 0.
1299 2518 1334 2540 44.
1353 2519 1496 2546 Augustinus
1513 2519 1558 2540 ait:
1577 2517 1671 2541 Dimitte
1688 2517 1754 2542 nobis
1777 2517 1854 2542 debita

1003 2559 1087 2581 nostra
1105 2558 1189 2582 (Mattb.
1208 2558 1233 2585 6,
1256 2558 1311 2587 ta),
1329 2558 1404 2587 quod,
1423 2558 1465 2580 nisi
1483 2557 1558 2585 fallor,
1586 2564 1630 2580 non
1656 2563 1716 2586 opus
1741 2561 1800 2581 esset
1822 2558 1853 2581 di-

1005 2603 1068 2625 cere,
1087 2598 1104 2619 51
1124 2603 1242 2626 nunquam
1261 2597 1297 2619 vel
1315 2598 1338 2619 in
1356 2598 1420 2625 lapsu
1440 2597 1544 2625 linguae,
1563 2597 1598 2619 vel
1612 2598 1633 2619 in
1646 2597 1781 2620 oblectanda
1794 2599 1853 2626 cogi-

1004 2637 1087 2659 tatione
1104 2636 1209 2659 eiusdem
1226 2637 1312 2664 peccati
1331 2636 1452 2659 desideriis
1470 2636 1638 2665 aliquantulum
1656 2637 1852 2664 consentiremus,

1004 2675 1045 2698 sed
1063 2675 1222 2697 tantummodo
1247 2675 1370 2697 dicendum
1388 2678 1462 2698 esset:
1481 2675 1516 2698 Ne
1532 2681 1576 2698 nos
1593 2674 1683 2704 inferas
1705 2675 1730 2697 in.
1747 2675 1854 2699 tentatio-

1004 2720 1065 2742 nem,
1080 2713 1120 2737 secl
1138 2713 1212 2737 libera
1223 2720 1266 2737 izos
1278 2720 1293 2737 a
1309 2713 1374 2737 mulo
1388 2714 1452 2739 (ibid.
1468 2714 1521 2743 ia).
1536 2727 1564 2730 κ
1578 2714 1640 2737 Idem
1658 2714 1741 2742 probat
1756 2715 1852 2743 August.

1005 2755 1027 2777 in
1040 2754 1090 2776 libr.
1109 2754 1137 2777 de
1158 2754 1241 2776 Natura
1258 2757 1281 2776 et
1297 2756 1354 2782 grat.
1372 2754 1478 2776 refellens
1496 2756 1631 2782 argumenta
1644 2753 1738 2782 Pelagii,
1751 2758 1773 2776 et
1785 2760 1803 2776 c.
1816 2754 1852 2776 53.

1005 2799 1026 2816 n.
1044 2794 1080 2815 61.
1094 2799 1158 2822 seqq.
1172 2792 1234 2815 Idem
1251 2792 1337 2821 colligit
1353 2798 1380 2815 ex
1397 2792 1476 2816 verbis
1488 2793 1589 2821 Apostoli
1602 2792 1631 2815 ad
1643 2792 1690 2815 Gal.
1703 2792 1724 2821 5,
1740 2792 1779 2815 ⁴7:
1792 2792 1853 2816 Caro

1005 2832 1151 2862 concupiscit
1172 2836 1213 2855 etc.
1227 2845 1256 2848 —
1268 2832 1343 2854 Locus
1360 2838 1387 2854 ex
1405 2831 1463 2855 libro
1482 2832 1510 2855 de
1527 2833 1587 2855 Vera
1605 2832 1677 2861 Relig.
1696 2838 1714 2855 c.
1733 2832 1769 2855 45.
1782 2838 1803 2854 n.
1817 2832 1853 2861 84,

1006 2873 1038 2895 sic
1058 2875 1138 2894 sonat:
1163 2871 1236 2894 Habet
1261 2877 1317 2900 ergo
1340 2873 1362 2893 et
1386 2871 1496 2900 superbia
1519 2871 1636 2900 quendam
1659 2872 1787 2900 appetitum
1804 2872 1855 2894 uni-

1005 2912 1056 2934 tatis
1073 2913 1094 2933 et
1111 2911 1300 2939 omnipotentiae,
1319 2910 1359 2933 sed
1383 2911 1404 2932 in
1427 2917 1506 2933 rerum
1530 2906 1692 2939 temporalium
1716 2912 1853 2940 principatu,

1006 2956 1065 2979 quae
1082 2950 1159 2972 omnia
1177 2952 1295 2972 transeunt
1311 2952 1422 2978 tanquam
1440 2949 1545 2972 umbra...
1573 2950 1629 2978 Quis
1653 2953 1730 2973 autem
1752 2950 1853 2979 dubitet,

1006 2990 1106 3011 immane
1119 2989 1201 3011 vitium
1214 2994 1263 3011 esse
1276 2988 1438 3017 invidentiam,
1456 2995 1501 3018 qua
1519 2995 1613 3012 necesse
1632 2992 1664 3012 est
1682 2992 1816 3019 torqueatur
1834 2993 1855 3013 et

1006 3027 1141 3050 subiiciatur
1158 3028 1197 3056 qui
1214 3033 1259 3049 non
1278 3027 1326 3050 vult
1343 3028 1365 3050 in
1383 3027 1453 3050 rebus
1471 3028 1638 3056 temporalibus
1655 3029 1734 3051 vinci‘?
