2243 3425
10 1862 83 1886 opposi-

3 1887 46 1905 tum.

710 224 793 253 DlST.
815 225 915 254 xxva.
937 226 1009 254 ART.
1032 226 1050 254 l.
1073 227 1208 263 QUAEST.
1231 227 1248 255 1.

102 300 211 329 missae.
228 300 276 328 Illa
291 300 376 337 igitur
388 309 466 338 pars,
483 301 509 330 in
524 310 580 338 qua
596 302 689 337 solvit,
706 303 789 331 habet
805 303 876 332 duas
891 312 952 340 par-

103 350 151 376 tes.
167 347 196 375 111
212 347 303 384 prima
318 348 401 376 solvit
415 349 449 377 ad
466 349 636 386 praedictam
649 350 840 387 quaestionem
856 359 952 380 secun-

101 394 170 423 dum
189 394 346 431 opinionem
369 396 600 424 communiorem.
622 396 650 424 In
673 397 796 425 secunda
818 405 885 425 vero
908 397 952 426 de-

101 441 231 470 terminat
247 442 402 470 secundum
425 442 545 471 aliorum
564 443 739 479 opinionem,
760 451 832 480 quae
858 444 951 472 minus

101 491 211 517 tenetur
232 489 431 523 communiter,
454 489 506 517 ibi:
530 489 592 517 Alii
604 498 672 517 vero
694 489 809 523 (licant,
828 490 952 519 virtutes

99 543 158 563 esse
173 534 260 563 bonos
279 544 353 563 usas
368 539 418 565 etc.
442 536 533 564 Prima
554 544 620 573 pars
642 536 725 565 babet
747 537 827 565 duas.
848 537 876 565 111
898 538 951 574 1111-

99 590 145 610 ma
171 582 299 619 Magister
324 583 500 611 determinat.
526 583 554 611 In
581 583 704 612 secunda
732 584 868 621 epilogat,
894 585 949 613 ibi:

100 630 145 657 Eac
156 629 333 666 praemissis
348 630 410 658 iam
425 630 600 658 innotescere
615 634 665 659 etc.
683 630 773 658 Prima
786 639 851 668 pars
866 631 951 660 habet

99 676 170 704 duas
186 676 341 705 secundum
362 677 622 706 determinationem
646 677 768 706 duorum
788 677 949 706 dubiorum.

1804 229 1860 258 653

1010 304 1101 333 Primo
1116 306 1189 333 enim
1206 306 1373 335 determinat
1389 306 1464 335 illam
1484 307 1688 343 quaestionem,
1704 316 1760 345 qua
1775 316 1860 345 quae-

1009 351 1081 380 ritur
1095 351 1102 364 ¹
1120 352 1153 380 de
1169 353 1376 390 comparatione
1396 353 1500 390 gratiae
1516 354 1550 382 ad
1569 354 1711 382 virtutem.
1733 354 1860 384 Secundo

1011 406 1078 426 vero
1094 399 1261 428 determinat
1277 400 1352 428 illam
1368 400 1573 438 quaestionem,
1593 410 1649 438 qua
1663 402 1810 439 quaeritur
1825 403 1860 431 de

1009 445 1215 481 comparatione
1230 447 1335 483 gratiae
1350 450 1376 475 et
1396 448 1508 476 virtutis
1523 448 1559 476 ad
1578 449 1719 477 meritum.
1735 449 1859 478 Primum

1008 491 1073 519 facit
1088 492 1138 519 ibi:
1162 492 1217 520 Hic
1231 493 1389 522 videndam
1411 498 1464 528 est,
1487 495 1559 533 qaid
1578 495 1617 523 sit
1633 495 1729 524 virias
1750 499 1801 525 etc.
1817 496 1860 525 Se-

1008 538 1134 567 cundum
1150 540 1214 568 facit
1233 540 1282 568 ibi:
1298 540 1371 569 Cam
1396 550 1464 579 ergo
1480 550 1514 570 ex
1527 543 1630 579 qratia
1645 543 1787 572 dicantar
1801 553 1860 573 esse

1009 584 1085 613 bona
1097 589 1147 614 etc.
1158 586 1367 616 Subdivisiones
1379 591 1473 617 autem
1486 589 1609 626 partium
1621 590 1782 620 manifestae
1794 594 1860 620 sunt

1008 633 1035 660 in
1052 632 1152 661 littera.

753 776 939 805 TRACTATIO
961 776 1204 813 QUAESTIONUM.

176 874 214 903 Ad
237 874 447 911 intelligentiam
470 874 556 903 huius
571 875 667 912 partis,
684 874 710 902 in
733 883 789 912 qua
804 875 897 911 agitur
912 874 947 903 de

97 921 201 958 gratiae
231 921 437 958 comparatione
447 945 453 955 ,
480 921 537 950 duo
565 924 758 958 quaeruntur,
791 921 948 950 secundum

96 968 171 1006 quod
186 969 275 1005 gratia
291 968 440 1005 dupliciter
456 969 613 1006 comparari
630 968 721 997 habet.

176 1016 206 1044 Et
220 1016 311 1052 primo
330 1016 477 1053 quaeritur
492 1016 526 1044 de
542 1016 631 1053 gratia
646 1016 673 1044 in
689 1015 897 1053 comparatione
912 1015 947 1044 ad

97 1063 184 1092 alium
207 1063 343 1091 habitum.

176 1110 303 1139 Secundo
325 1118 391 1138 vero
406 1110 552 1147 quaeritur
568 1109 602 1138 de
617 1109 707 1146 gratia
722 1110 749 1137 in
766 1109 948 1146 comparatio-

94 1165 129 1186 ne
144 1157 178 1186 ad
196 1157 320 1186 merendi
337 1157 513 1186 exercitium.

1085 875 1164 904 Circa
1179 876 1302 913 primum
1318 879 1496 913 quaeruntur
1512 877 1572 905 tria.

1085 922 1177 951 Primo
1205 923 1352 960 quaeritur
1380 923 1415 952 de
1445 932 1502 952 una
1524 924 1680 953 differentia
1702 926 1807 962 gratiae
1829 926 1857 954 in

1006 971 1214 1007 comparatione
1234 970 1269 999 ad
1291 971 1384 999 aliam.

1085 1016 1213 1046 Secundo
1235 1025 1302 1046 vero
1324 1018 1470 1055 quaeritur
1492 1018 1527 1047 de
1548 1019 1609 1056 ipsa
1629 1020 1719 1056 gratia
1736 1019 1763 1048 in
1786 1028 1858 1049 com-

1007 1064 1151 1100 paratione
1173 1064 1208 1092 ad
1223 1064 1357 1093 virtutem
1379 1066 1540 1102 gratuitam.

1087 1111 1179 1140 Tertio
1200 1119 1267 1140 vero
1289 1112 1436 1149 quaeritur
1458 1113 1493 1142 de
1514 1113 1575 1150 ipsa
1589 1114 1679 1151 gratia
1700 1114 1728 1142 in
1749 1122 1859 1152 compa-

1006 1158 1112 1187 ratione
1134 1158 1169 1187 ad
1191 1159 1318 1195 gloriam.

830 1267 1066 1301 ARTICULUS
1093 1268 1115 1301 l.

580 1375 621 1402 De
639 1374 744 1412 qratia
766 1374 797 1403 in
819 1375 1040 1412 comparatione
1056 1375 1097 1403 ad
1117 1375 1212 1403 aliam
1234 1374 1375 1404 habitam.

875 1474 1039 1510 QUAESTIO
1061 1474 1078 1502 Ι.

271 1572 376 1601 Utrum
395 1571 500 1610 qratia
519 1575 644 1609 gyratam
665 1570 780 1608 faciens
802 1571 897 1600 (lividi
918 1570 1023 1599 habeat
1040 1580 1095 1608 per
1119 1570 1301 1608 differentias
1322 1572 1517 1601 essentialiter
1540 1573 1682 1602 diversas.

174 1670 253 1700 Circa
265 1671 388 1708 primum
402 1670 441 1699 sic
459 1670 623 1707 proceditur
636 1673 663 1698 et
679 1669 835 1707 quaeritur,
848 1672 945 1697 utrum

95 1719 185 1757 gratia
199 1722 310 1756 gratum
326 1718 430 1747 faciens
445 1717 532 1746 dividi
544 1717 646 1746 habeat
661 1725 711 1754 per
726 1717 897 1746 differentias
909 1716 947 1745 di-

94 1774 191 1796 versas
206 1774 256 1803 per
272 1765 429 1795 essentiam.
452 1765 483 1793 Et
505 1764 580 1802 quod
602 1765 650 1798 sic,
673 1764 794 1793 videtur.

176 1814 199 1841 1.
222 1813 351 1850 Magister
372 1812 400 1840 in
416 1812 508 1840 littera
521 1811 539 1846 ²,
558 1819 673 1840 sumens
687 1811 882 1840 auctoritatem
897 1811 947 1839 Au-

95 1860 215 1898 gustini,
237 1859 337 1888 dividit
352 1860 469 1896 gratiam
497 1859 524 1887 in
546 1858 780 1896 praevenientem
806 1862 832 1887 et
852 1857 947 1886 sabse-

96 1911 234 1946 qaemem.
264 1907 290 1935 Si
312 1907 397 1944 igitur
419 1909 494 1935 recta
516 1906 616 1934 divisio
641 1905 724 1934 debet
745 1913 806 1934 esse
829 1913 879 1942 per
901 1913 946 1942 op-

94 1955 199 1993 posita;
221 1958 247 1983 et
262 1954 389 1991 opposita
403 1962 457 1982 non
474 1957 592 1990 possunt
607 1953 666 1981 fieri
683 1953 756 1981 circa
772 1953 844 1981 idem
861 1952 946 1981 simul

95 2006 122 2031 et
143 2002 244 2031 semel:
268 2001 380 2030 videtur
402 2001 488 2038 igitur
510 2000 585 2037 quod
601 1999 772 2037 impossibile
795 2000 837 2034 sit,
860 2007 945 2027 unam

95 2054 122 2079 et
143 2049 260 2078 eandem
282 2049 400 2086 gratiam
416 2056 476 2077 esse
491 2047 718 2085 praevenientem
735 2050 761 2075 et
777 2046 947 2083 subsequen-

95 2100 160 2126 tem.
184 2096 296 2132 Quodsi
310 2099 340 2124 ta
356 2095 454 2129 dicas,
476 2095 556 2123 istam
573 2094 738 2123 divisionem
761 2101 822 2123 esse
844 2093 947 2122 solum-

94 2143 178 2172 modo
193 2151 242 2180 per
258 2142 429 2172 differentias
444 2145 581 2179 quantum
597 2141 632 2170 ad
648 2145 748 2170 actam
763 2144 789 2170 et
804 2140 945 2179 effectam,

94 2199 148 2219 non
171 2193 307 2228 quantum
330 2190 365 2218 ad
382 2188 533 2223 habilina,-
555 2192 659 2217 contra
674 2188 726 2217 hoc
748 2191 789 2217 est
810 2189 885 2225 quod
908 2189 946 2217 di-

95 2238 168 2266 citur
191 2238 216 2266 in
240 2237 336 2266 Glossa
358 2244 444 2274 super
473 2236 560 2265 Exodi
591 2236 765 2273 trigesimum
792 2236 944 2265 tertium³z

95 2284 129 2313 Si
148 2284 247 2312 inueni
259 2284 393 2321 qratiam
408 2287 468 2318 etc.³
484 2283 521 2312 ibi
543 2283 653 2312 Glossa:
681 2283 761 2311 «Non
784 2291 841 2311 una
857 2283 946 2319 gratia

96 2330 198 2360 sufficit
220 2331 334 2359 Sanctis.
358 2331 415 2359 Una
436 2330 510 2359 enim
526 2330 677 2367 praecedit,
692 2333 724 2358 111
738 2329 888 2358 1)011111111111
908 2329 947 2358 (11-

96 2378 182 2415 ligant
203 2381 230 2406 et
251 2381 426 2414 cognoscant,
448 2377 536 2405 altera
557 2376 749 2413 subsequitur,
765 2380 795 2404 ut
817 2384 846 2404 se
869 2384 947 2404 mun—

96 2425 146 2454 dos
168 2425 363 2454 custodiant»:
387 2432 453 2461 ergo
476 2423 575 2452 divisio
590 2423 695 2460 gratiae
719 2423 745 2450 in
768 2423 947 2459 praevenien-

96 2476 152 2501 tem
174 2475 201 2501 et
229 2472 447 2509 subsequentem
477 2479 531 2499 non
561 2470 650 2499 solum
680 2472 721 2498 est
743 2477 793 2506 per
819 2469 946 2498 diversos

95 2527 180 2553 usus,
203 2519 251 2547 sed
274 2519 357 2547 etiam
380 2526 430 2555 per
452 2518 579 2546 diversos
600 2516 721 2545 habitus.

175 2568 201 2594 Ξ).
224 2566 303 2601 116111,
326 2565 434 2603 primae
449 2565 484 2593 ad
500 2564 656 2593 Corinthios
678 2563 846 2592 duodecimo
858 2563 883 2591 ⁴¹:
901 2562 948 2591 Di-

96 2612 220 2641 visiones
240 2612 416 2650 gyrantem-mn
437 2615 488 2640 etc.
511 2611 537 2639 Si
560 2611 644 2647 igitur
661 2610 723 2638 illae
739 2610 855 2647 gratiae,
876 2617 947 2646 quas

97 2659 132 2688 1111
156 2660 302 2697 distinguit
330 2658 493 2697 Apostolus,
515 2658 622 2687 divisae
644 2660 722 2692 sunt,
743 2660 770 2686 et
798 2665 814 2685 a
842 2657 947 2693 Spiritu

1005 1672 1100 1698 sancto
1122 1669 1305 1702 dividuntur3
1327 1670 1456 1705 videtur,
1472 1671 1547 1708 quod
1563 1671 1747 1701 essentialiter
1763 1672 1857 1701 distin-

1004 1720 1136 1753 guantur.
1159 1716 1193 1745 Si
1207 1720 1238 1745 ta
1254 1717 1351 1751 dieas,
1368 1717 1444 1754 quod
1461 1717 1585 1755 loquitur
1600 1718 1635 1747 de
1650 1719 1746 1755 gratiis
1758 1719 1857 1756 gratis

1005 1764 1098 1798 elatis,
1121 1773 1175 1793 non
1197 1765 1231 1793 de
1253 1765 1343 1802 gratia
1365 1768 1478 1802 gratum
1493 1766 1626 1800 faciente3
1643 1765 1780 1794 obiicitur
1796 1774 1858 1795 con-

1005 1814 1049 1840 tra
1070 1811 1141 1845 1100,
1163 1812 1229 1849 quia
1257 1812 1339 1849 plura
1362 1815 1427 1841 sunt
1448 1813 1605 1842 necessaria
1626 1813 1662 1841 ad
1684 1813 1752 1847 hoc,
1781 1815 1856 1851 quod

1005 1858 1068 1895 quis
1084 1859 1185 1888 habeat
1196 1860 1314 1896 gratiam
1328 1863 1452 1897 gyratam
1466 1858 1621 1896 facientem
1637 1868 1722 1897 quam
1738 1861 1856 1897 gratiam

1002 1906 1100 1943 gyratis
1122 1907 1238 1935 datam:
1255 1914 1321 1944 ergo
1343 1907 1365 1935 si
1388 1907 1423 1935 ad
1439 1908 1637 1944 perfectionem
1660 1916 1730 1936 usus
1751 1908 1857 1945 gratiae

1005 1953 1091 1990 gratis
1115 1954 1196 1982 datae
1221 1954 1377 1991 requiritur
1405 1954 1553 1983 habituum
1577 1954 1743 1990 multitudo,
1767 1955 1857 1985 multo

1002 2000 1103 2029 fortius
1125 2001 1159 2029 ad
1179 2001 1377 2038 perfectionem
1397 2002 1503 2038 gratiae
1522 2005 1634 2038 gratum
1658 2002 1791 2031 facientis.

1084 2047 1109 2076 3
1133 2048 1213 2083 116111,
1237 2049 1288 2077 hoc
1304 2049 1396 2086 ipsum
1421 2049 1533 2077 videtur
1548 2049 1672 2078 ratione.
1699 2049 1749 2077 «Si
1766 2057 1856 2078 unum

1003 2096 1195 2132 oppositorum
1219 2096 1322 2124 dicitur
1345 2096 1545 2133 multipliciter,
1568 2100 1595 2125 et
1611 2097 1765 2134 reliquum,
1780 2097 1856 2134 quod

1004 2143 1043 2171 illi
1065 2143 1273 2180 opponitur⁵»;
1295 2144 1343 2172 sed
1367 2143 1459 2181 culpa,
1481 2152 1513 2172 eo
1536 2144 1595 2181 ipso
1610 2145 1684 2182 quod
1708 2145 1791 2181 culpa
1805 2148 1855 2179 est,

1004 2190 1155 2227 opponitur
1177 2191 1282 2227 gratiae
1304 2194 1417 2228 gratum
1446 2191 1572 2226 facienti,
1601 2191 1756 2220 secundum
1779 2191 1855 2228 quod

1004 2237 1093 2274 gratia
1114 2240 1166 2265 est:
1190 2245 1255 2274 ergo
1277 2245 1342 2266 cum
1366 2238 1471 2267 multae
1493 2238 1547 2267 sint
1569 2238 1741 2267 differentiae
1763 2238 1856 2275 eulpa-

1004 2292 1084 2318 rum,
1110 2292 1182 2321 quae
1201 2284 1355 2313 formaliter
1374 2284 1600 2321 distinguuntur3
1626 2285 1753 2319 videtur,
1779 2285 1855 2322 quod

1005 2331 1109 2359 multae
1128 2331 1183 2359 sint
1198 2331 1371 2359 differentiae
1386 2332 1492 2368 gratiae
1507 2335 1619 2368 gratum
1634 2332 1767 2366 facientis,
1782 2340 1855 2369 quae

1004 2377 1189 2405 essentialiter
1210 2376 1445 2405 dlversificentur.

1083 2423 1110 2451 [ι.
1132 2423 1208 2457 116111,
1235 2423 1372 2452 «habitus
1394 2423 1620 2452 diversificantur
1642 2432 1692 2460 per
1713 2424 1854 2460 actus⁶»;

1004 2470 1053 2498 sed
1074 2470 1110 2498 ad
1132 2470 1267 2506 gratiam,
1283 2470 1440 2499 secundum
1457 2471 1532 2507 quod
1546 2471 1718 2505 huiusmodi,
1734 2472 1855 2508 pertinet

1003 2516 1126 2544 animam
1148 2524 1257 2549 curare,
1280 2517 1401 2553 pertinet
1422 2518 1506 2545 etiam
1528 2526 1543 2545 a
1565 2518 1639 2546 malo
1661 2526 1853 2555 praeservare,

1004 2563 1124 2600 pertinet
1145 2563 1229 2591 etiam
1250 2571 1311 2591 eam
1334 2563 1362 2591 in
1385 2564 1457 2592 bono
1478 2564 1636 2593 fortificare.
1660 2565 1685 2593 Si
1708 2565 1793 2602 igitur
1809 2565 1854 2594 isti

1004 2612 1069 2638 sunt
1091 2610 1137 2638 alii
1159 2614 1186 2638 et
1207 2610 1252 2638 alii
1275 2613 1369 2644 actus,
1391 2611 1546 2639 secundum
1569 2619 1639 2648 quos
1660 2612 1743 2640 etiam
1770 2612 1855 2641 medi-

1005 2657 1083 2685 cinae
1105 2657 1265 2694 corporales
1286 2657 1322 2686 ad
1337 2657 1456 2686 invicem
1473 2657 1697 2695 distinguuntur,
1720 2659 1786 2696 quia
1800 2659 1855 2688 alia

161 2792 167 2806 ¹
188 2793 264 2815 Plures
282 2793 361 2821 codd.,
375 2796 400 2815 ut
416 2792 432 2814 F
445 2792 463 2814 T
476 2799 502 2814 aa
515 2798 541 2814 cc
553 2798 590 2820 ee,
609 2798 662 2814 cum
680 2792 716 2814 ed.
742 2792 746 2813 1
769 2797 829 2821 qaae
847 2790 945 2821 quaerit.

159 2831 169 2846 2
186 2832 240 2854 Dist.
250 2832 356 2860 praeced.
367 2838 385 2854 c.
398 2832 419 2854 2.
432 2838 496 2860 seqq.
510 2834 532 2853 et
544 2832 579 2853 liic
590 2837 609 2853 c.
623 2831 782 2858 l.—Aristot.,
795 2831 809 2852 l.
823 2830 851 2853 de
864 2830 946 2853 Partib.

98 2871 242 2899 animalium⁷
261 2877 279 2894 c.
299 2872 318 2893 3.
338 2871 403 2894 dicit:
422 2870 538 2899 Oppositis
556 2871 609 2892 item
631 2870 783 2892 dividendum
801 2872 841 2892 est.
860 2869 903 2892 Cfr.
923 2869 946 2891 ll.

99 2910 182 2932 Foster.
201 2916 219 2932 c.
242 2910 274 2932 1-1.
294 2911 325 2935 (c.
353 2911 404 2938 ta).
417 2923 447 2926 —
464 2910 495 2932 De
517 2910 638 2932 sententia:
657 2909 765 2937 Opposita
785 2915 828 2931 non
851 2912 947 2937 possunt

98 2948 147 2971 fieri
164 2950 223 2971 circa
242 2949 302 2971 idem
321 2950 388 2972 simul
406 2952 428 2971 et
444 2949 529 2977 semel,
548 2949 588 2971 cfr.
602 2948 666 2977 quod
683 2954 710 2970 ex
723 2948 812 2970 Aristot.
830 2948 947 2969 attulimus

99 2993 168 3016 snpra
187 2994 239 3016 pag.
262 2989 314 3016 100,
334 2992 384 3011 nota
408 2989 424 3010 1.
440 3000 472 3004 —-
485 2988 526 3010 Pro
544 2986 608 3010 [lebet
625 2992 673 3009 esse
690 2986 741 3008 cod.
759 2993 785 3008 aa
808 2985 872 3009 dehet
886 2986 945 3016 fieri.

160 3025 170 3040 ³
188 3027 252 3049 γει-5.
275 3027 306 3049 13.
325 3040 355 3042 -
372 3028 475 3049 Glossam
494 3027 595 3049 referunt
612 3025 707 3047 Strabus
724 3028 746 3047 et
764 3025 874 3052 Lyranus.

1068 2789 1075 2802 ⁴
1095 2791 1159 2813 Vers.
1178 2790 1199 2813 [ι.

1067 2829 1076 2844 ⁵
1094 2830 1196 2857 Aristot„
1214 2829 1228 2850 1.
1247 2829 1327 2857 Topic.
1345 2835 1365 2851 c.
1384 2829 1419 2851 Ἰ13.
1438 2832 1460 2851 61
1477 2829 1504 2851 V.
1523 2829 1592 2852 Ε11110.
1610 2835 1629 2852 c.
1649 2830 1668 2852 1.

1066 2868 1076 2882 6
1094 2869 1195 2895 Aristot.⁷
1214 2869 1239 2890 ll.
1252 2868 1321 2890 Etliic.
1335 2874 1354 2890 c.
1373 2869 1393 2890 sl:
1408 2868 1436 2891 Ut
1448 2874 1494 2890 uno
1513 2868 1585 2891 verbo
1597 2868 1684 2897 dicam,
1696 2875 1723 2891 ex
1740 2869 1854 2892 similibus

1004 2907 1176 2936 operationibus
1194 2907 1285 2929 babitus
1301 2907 1370 2936 fiun13
1389 2907 1450 2930 unde
1466 2909 1611 2936 operationes
1628 2909 1735 2937 qualitate
1752 2909 1852 2938 quadam

1004 2947 1119 2976 praeditas
1141 2949 1231 2975 oportet
1253 2947 1362 2975 reddere,
1385 2948 1473 2976 quippe
1495 2954 1549 2970 cum
1566 2954 1593 2970 ex
1617 2954 1698 2971 earum
1721 2948 1853 2972 differentiis

1004 2986 1095 3009 habitus
1113 2992 1206 3015 (1110(1116
1225 2986 1377 3015 [differentes]
1396 2989 1573 3016 consequantur.
