2243 3425
217 1560 324 1580 Distinetio.

196 1702 294 1721 Conclusio
306 1701 323 1720 1.

194 2125 294 2144 Conclusio
302 2125 323 2144 2.

340 205 396 234 680

340 283 392 311 tis:
415 290 482 319 ergo
503 281 675 318 impossibile
703 284 760 315 est,
789 280 896 317 absque
925 279 1087 308 huiusmodi
1116 279 1189 308 dono

338 329 470 358 mandata
490 329 539 357 Dei
561 328 676 357 servari.

417 376 443 404 [ι.
466 375 549 409 Item,
571 374 729 403 observatio
754 374 952 402 mandatorum
978 372 1027 402 Dei
1053 372 1118 401 facit
1142 372 1189 401 ho-

339 422 442 451 minem
458 422 574 459 dignum
594 421 651 449 vita
669 424 799 455 aeterna,
824 420 900 449 unde
925 419 1055 448 Matthaei
1080 419 1188 448 decimo

336 477 409 498 nono
421 469 446 496 ¹:
470 468 504 497 Si
519 468 564 496 vis
589 468 631 497 ad
653 468 745 496 vitam
760 467 892 505 inyredi,
918 474 1005 495 serva
1020 466 1186 500 mandata;

339 516 387 545 sed
403 516 499 545 nullus
513 518 604 553 potest
616 515 719 544 mereri
735 515 820 543 vitam
835 518 978 543 aeternam
994 514 1100 551 absque
1116 514 1188 543 dono

338 563 444 600 gratiae
472 562 537 597 Dei,
558 565 590 591 ut
611 562 714 591 dicitur
736 562 772 590 ad
795 562 933 590 Romanos
955 565 1053 590 sexto:
1080 560 1188 590 Gratia

339 610 392 638 Dei
411 609 473 638 vita
494 613 634 638 aeterna:
657 617 723 646 ergo
745 609 851 646 absque
873 608 920 637 illa
942 616 1024 638 nemo
1046 610 1136 645 potest
1151 607 1189 636 di-

338 657 402 686 vina
423 657 574 686 observare
596 656 735 685 mandata.

419 705 445 732 5.
460 704 536 738 item,
552 704 624 733 sicut
645 703 862 732 fundamentum
883 702 963 739 Legis
984 701 1087 731 veteris
1102 704 1144 730 est
1159 702 1189 729 ti-

338 760 415 786 mor,
438 751 475 780 ita
497 751 712 780 fundamentum
736 750 876 787 Evangelii
898 753 940 779 est
961 757 1049 784 amor,
1065 749 1137 778 sicut
1152 749 1189 777 111-

338 799 431 828 sinuat
452 798 599 836 Apostolus
619 798 655 826 ad
677 798 814 826 Romanos
839 796 975 831 octav0²‚
1002 800 1029 825 et
1054 803 1188 834 expresse

338 846 405 876 dicit
426 845 614 883 Augustinus:
637 852 703 882 ergo
729 845 801 874 sicut
829 844 960 873 mandata
986 843 1064 880 Legis
1086 843 1189 872 veteris

338 893 482 922 observari
505 900 559 920 non
581 895 709 929 poterant
731 891 837 928 absque
857 891 906 919 Dei
929 891 1044 924 timore,
1060 890 1099 918 sic
1114 897 1189 918 man-

338 940 403 969 data
424 939 585 977 evangelica
607 938 717 976 impleri
733 946 788 967 non
804 941 922 975 possunt
936 937 1043 974 absque
1065 936 1188 965 caritatis

338 994 441 1016 amore.
465 986 518 1015 Sed
540 986 645 1015 donum
668 985 772 1014 amoris
793 993 848 1013 non
863 987 905 1013 est
920 984 1026 1021 absque
1042 983 1114 1012 dono
1129 991 1189 1020 gra-

337 1034 392 1063 tiae
414 1037 525 1071 gratum
547 1032 690 1062 facientis:
713 1040 780 1069 ergo
801 1031 908 1069 absque
931 1030 1092 1059 huiusmodi
1116 1029 1188 1058 dono

338 1089 392 1109 non
414 1080 548 1117 contingit
568 1080 662 1108 divina
684 1079 815 1108 mandata
836 1077 956 1115 impleri.

655 1180 866 1202 CONCLUSIO.

337 1268 429 1296 Homo
437 1276 492 1304 per
504 1266 627 1295 libertem
642 1266 804 1294 arbitrium
818 1265 881 1293 sine
893 1264 996 1302 „qratia
1009 1269 1133 1302 gyrationi
1143 1263 1188 1301 fa-

416 1315 518 1348 ciente,
541 1314 591 1343 secl
612 1322 679 1342 cum
698 1313 809 1351 gratiis
828 1312 926 1350 yrcttis
950 1312 1047 1346 (latis,
1072 1321 1189 1349 praece-

414 1366 467 1399 pta
491 1362 543 1390 Dei
553 1364 646 1399 potest
668 1360 787 1397 implere
802 1360 901 1397 quoad
914 1359 1112 1388 substantiam
1129 1368 1189 1397 ope-

416 1410 477 1444 ris,
498 1418 557 1438 11011
580 1412 676 1437 [dinen
691 1407 790 1446 quoad
805 1407 989 1435 incentionem
1005 1407 1186 1436 mandantis.

418 1505 596 1533 Responnno:
620 1503 792 1536 Dicendum,
813 1502 889 1539 quod
911 1502 1044 1530 mandata
1068 1502 1116 1531 Dei
1139 1502 1189 1531 du-

338 1552 446 1590 pliciter
468 1550 602 1587 contingit
623 1549 749 1587 impleri:
772 1557 829 1577 uno
845 1548 927 1577 modo
942 1552 1079 1585 quantum
1095 1548 1130 1577 ad
1144 1557 1189 1586 ye-

337 1607 395 1627 mis
410 1598 519 1636 operis,
535 1597 589 1625 alio
605 1597 688 1625 modo
703 1599 841 1633 quantum
856 1595 891 1624 ad
907 1595 1092 1624 intentionem
1107 1603 1189 1624 inan-

338 1646 445 1675 dantis.
458 1646 484 1674 Si
499 1645 650 1682 loquamur
665 1644 699 1673 de
714 1643 875 1681 impletione
890 1643 1087 1672 mandatorum
1104 1651 1189 1680 quan-

338 1697 399 1722 tum
420 1693 455 1722 ad
475 1701 568 1730 yemis
597 1691 709 1728 operis,
738 1691 777 1719 sic
803 1698 853 1728 per
875 1690 979 1727 gratias
1001 1690 1087 1727 gratis
1109 1691 1188 1719 datas

338 1740 470 1777 contingit
491 1747 523 1768 ea
544 1738 671 1776 impleri,
694 1738 765 1767 sicut
786 1745 837 1775 per
858 1737 943 1766 fidem
966 1737 1130 1766 mandatum
1152 1738 1187 1767 de

336 1787 508 1820 adoratione,
527 1789 554 1814 et
566 1793 616 1823 per
628 1785 769 1822 quandam
785 1784 942 1813 naturalem
958 1784 1089 1822 pietatem
1105 1787 1132 1814 et
1144 1785 1188 1814 de-

337 1834 477 1863 votionem
492 1833 655 1861 mandatum
671 1832 706 1860 de
721 1835 870 1869 parentum
891 1831 1090 1866 honoratione,
1106 1835 1133 1860 et
1148 1832 1187 1861 sic

337 1882 372 1911 de
387 1881 457 1910 aliis.
472 1897 510 1901 ——
522 1880 579 1908 Alio
595 1879 678 1908 modo
697 1882 738 1908 est
758 1879 833 1916 loqui
850 1878 885 1907 de
900 1879 1059 1916 impletione
1076 1879 1188 1908 manda-

337 1932 431 1957 torum
447 1930 582 1964 quantum
599 1926 633 1955 ad
650 1926 834 1954 intentionem
850 1925 1038 1958 incendenti&
1052 1929 1079 1954 et
1102 1926 1188 1955 sic——

338 1976 404 2014 quia
425 1975 500 2004 Deus
526 1973 661 2011 praecipit
689 1972 820 2001 mandata
846 1972 881 2001 ad
904 1972 968 2007 hoc,
994 1973 1069 2010 quod
1092 1973 1188 2002 volun-

337 2026 380 2052 tas
401 2025 497 2051 nostra
521 2021 710 2050 conformetur
736 2019 871 2048 voluntati
894 2027 977 2054 suae,
1006 2022 1033 2048 et
1058 2020 1110 2049 hoc
1132 2028 1187 2048 non

337 2073 428 2108 potest
449 2077 509 2098 esse
531 2068 637 2105 absque
660 2067 787 2101 caritate,
811 2070 837 2095 et
859 2066 960 2095 caritas
979 2074 1040 2095 esse
1065 2075 1120 2095 non
1142 2075 1188 2104 po-

339 2120 390 2147 test
409 2116 516 2153 absque
530 2115 603 2144 dono
624 2114 729 2151 gratiae
745 2116 856 2150 gratum
871 2113 996 2142 facientis
1007 2131 1045 2134 —
1058 2114 1189 2142 mandata

337 2164 387 2193 Dei
409 2163 565 2193 secundum
587 2161 767 2191 intentionem
790 2160 949 2189 mandantis
967 2161 1074 2198 absque
1092 2161 1187 2190 huius-

337 2211 413 2240 modi
435 2211 507 2239 dono
530 2218 583 2238 non
606 2211 723 2246 possunt
743 2208 895 2236 observari.
921 2208 950 2236 Et
972 2208 1024 2236 hoc
1049 2211 1090 2237 est
1112 2209 1187 2245 quod

337 2258 403 2287 dicit
424 2257 571 2295 Apostolus
596 2255 631 2284 ad
654 2256 791 2283 Romanos
809 2254 918 2283 decimo
938 2254 1048 2283 tertio³:
1070 2255 1128 2291 Qui
1148 2255 1188 2283 (li-

336 2305 400 2343 liyit
423 2303 598 2342 prozimum
627 2302 714 2340 legem
736 2301 878 2338 implente
903 2304 930 2330 et
952 2301 1067 2330 iterum:
1096 2302 1189 2331 Pleni-

337 2352 405 2381 tudo
424 2351 494 2389 lepis
508 2354 550 2379 est
569 2349 698 2383 calecam
719 2352 746 2378 et
760 2349 868 2386 primae
890 2349 925 2377 ad
942 2349 1119 2378 Timotheum
1134 2350 1188 2387 pri-

336 2408 396 2429 mo:
416 2399 501 2428 Finis
518 2397 669 2436 praecepti
689 2401 730 2426 est
748 2396 862 2425 caritas
882 2396 915 2425 cle
937 2396 1022 2425 corde
1039 2405 1116 2434 puro
1135 2400 1186 2426 etc.

336 2447 390 2475 Hoc
411 2447 503 2484 ipsum
519 2446 602 2474 etiam
617 2445 776 2473 insinuatur
791 2444 1000 2473 Deuteronomii
1022 2447 1118 2478 sexto,
1138 2444 1187 2473 ubi

336 2497 398 2532 post
419 2493 657 2523 enumerationem
681 2491 877 2520 mandatorum
907 2491 1030 2528 decalogi
1056 2491 1187 2520 subditur

336 2541 500 2569 mandatum
523 2540 659 2573 caritatis,
680 2547 736 2576 quo
758 2538 872 2568 dicitur:
900 2538 1009 2576 Diliyes
1028 2538 1188 2567 Doniimmi

401 2698 406 2712 ¹
426 2698 484 2720 Vers
503 2698 538 2720 17.
555 2710 586 2714 -
604 2698 656 2726 ch.
674 2699 746 2720 textus
764 2699 797 2719 est
815 2697 856 2719 loc.
875 2698 910 2719 cit.
928 2704 950 2719 v.
970 2697 1006 2720 23.

399 2737 408 2751 Ξ
425 2737 489 2759 Vcrs.
513 2736 545 2758 15.
563 2749 592 2752 -—
610 2737 718 2764 August,
737 2736 751 2758 l.
770 2735 797 2757 de
816 2735 894 2758 Morib.
913 2736 993 2759 eccles.
1012 2743 1030 2759 c.
1049 2738 1085 2759 2²3.
1105 2743 1126 2759 n.
1140 2737 1184 2765 553

339 2774 361 2797 ll.
372 2775 462 2803 Quaest.
476 2775 497 2797 in
510 2775 654 2797 Pentateuch.
664 2781 686 2803 q.
699 2774 736 2796 73.
750 2781 797 2803 seq.
810 2777 832 2797 et
848 2775 896 2797 166.
908 2781 928 2797 n.
940 2776 966 2802 ‘3;
980 2778 1057 2798 contra
1070 2776 1184 2798 Adimant.

339 2812 461 2835 Manichaei
479 2813 558 2841 discip.
577 2820 596 2836 c.
618 2813 651 2835 17.
669 2820 690 2836 n.
709 2814 730 2835 2.
748 2813 792 2836 Cfr.
812 2814 843 2836 Ill.
861 2814 921 2837 Sent.
941 2814 962 2836 d.
981 2813 1017 2836 40.
1031 2821 1052 2843 q.
1070 2816 1091 2843 l,
1104 2814 1185 2837 ubido

338 2852 380 2873 hac
397 2852 521 2874 differentia
540 2853 612 2875 fusius
629 2854 711 2880 agitur.

400 2889 410 2904 3
427 2890 491 2912 Vei-s.
510 2891 530 2912 S.
559 2903 579 2906 a
596 2891 648 2920 Seq.
666 2894 739 2914 textus
762 2895 795 2915 est
812 2891 867 2914 ibid.
887 2898 908 2914 v.
931 2893 972 2921 ¹03
990 2893 1070 2915 tertius
1087 2893 1129 2915 loc.
1148 2894 1184 2915 cit.

338 2934 360 2950 v.
379 2928 407 2955 53
428 2931 523 2956 quartus
540 2929 581 2951 loc.
600 2931 635 2951 cit.
653 2936 675 2952 v.
693 2930 714 2952 ὃ.

401 2966 410 2981 ⁴
428 2967 470 2989 Pro
489 2966 557 2989 liberi
573 2967 668 2990 aromo
685 2968 781 2997 (Ionum,
796 2976 855 2998 quae
867 2970 932 2992 lectio
946 2972 1061 2993 invenitur
1074 2972 1094 2993 in
1108 2971 1185 2994 multis

339 3005 416 3033 codd.y
443 3008 467 3027 ut
484 3004 582 3027 chop
594 3006 610 3027 R
622 3007 664 3028 ST
677 3007 736 3030 WX
754 3014 790 3036 cc,
808 3011 827 3031 ot
846 3010 868 3030 in
886 3009 938 3031 cdd.
962 3010 982 3038 1,
1002 3011 1026 3037 2,
1046 3011 1071 3038 3,
1091 3011 1140 3033 Vat.
1161 3010 1184 3033 li-

1026 200 1278 230 SENTENTIARUM
1299 200 1360 229 LIB.
1382 200 1409 229 ΙΙ.

1247 279 1337 307 Deum
1362 282 1446 307 timim
1460 287 1495 307 ex
1511 282 1566 307 toto
1581 278 1667 307 eorde
1682 281 1731 307 tuo
1750 278 1932 307 etc.—-Patet
1951 278 2036 315 igitur
2057 286 2092 307 ex
2106 286 2200 310 Epilogus.

1245 325 1412 363 praedictis,
1437 328 1541 363 quanta
1567 325 1602 353 sit
1622 325 1772 354 necessitas
1794 325 1898 362 gratiae
1920 329 2032 363 gratum
2059 326 2094 354 sa-

1246 372 1355 407 cientis‚
1377 372 1443 409 quia
1464 380 1519 401 non
1540 371 1631 401 solum
1655 374 1696 401 est
1717 373 1875 401 necessaria
1899 372 1935 401 ad
1957 372 2095 401 remissio-

1245 427 1309 448 nem
1331 423 1526 456 peccatorum,
1548 427 1648 448 verum
1670 419 1753 448 etiam
1775 419 1811 448 ad
1840 419 1985 448 victoriam
2013 422 2096 449 tenta-

1245 466 1366 502 tionum,
1385 470 1412 496 et
1429 467 1465 495 ad
1483 466 1689 496 observantiam
1708 466 1906 495 mandatorum
1926 466 2094 495 divinorum.

1246 513 1434 550 Multipliciter
1456 514 1541 551 igitur
1559 514 1665 542 erravit
1683 513 1822 550 Pelagius,
1844 513 1891 550 qui
1914 513 1998 547 dixit,
2013 513 2094 542 liberi
2106 520 2182 562 1errores
2196 521 2219 541 re

1245 561 1353 589 arbitrii
1376 561 1482 590 donum
1495 561 1504 574 ⁴
1522 570 1606 598 posse
1621 561 1738 595 habere,
1760 563 1792 589 ut
1806 569 1861 589 non
1883 560 2021 597 indigeret
2036 568 2095 598 gra·
2114 549 2158 567 ἃμ

1245 608 1283 636 tia
1312 611 1423 645 gratum
1452 608 1577 637 faciente.
1604 608 1657 637 Hac
1686 608 1771 645 igitur
1798 607 1934 645 positione
1961 610 2094 644 tanquam

1246 654 1386 683 haeretica
1408 655 1568 691 repudiata,
1589 654 1767 692 imploranda
1789 657 1830 683 est
1851 654 1940 691 gratia
1962 653 2023 688 Dei,
2045 661 2096 691 per

1245 709 1329 738 quam
1354 701 1500 730 deleantur
1523 705 1635 738 peccata
1661 704 1687 730 et
1710 701 1857 730 vincantur
1883 700 2020 730 diabolica
2041 703 2096 729 ten·

1246 751 1367 777 tamenta
1383 752 1410 777 et
1425 748 1595 786 impleantur
1614 749 1708 778 divina
1728 748 1859 777 mandata
1878 756 1933 777 non
1951 747 2043 777 solum
2059 755 2097 777 se-

1246 795 1370 824 cundum
1383 803 1477 832 zoenus
1496 795 1602 832 operis,
1619 795 1667 824 sed
1690 795 1773 824 etiam
1789 795 1945 824 secundum
1968 793 2097 823 intenzio-

1244 850 1310 870 nem
1332 842 1518 876 mandantis,
1534 850 1589 870 non
1611 842 1703 870 solum
1725 842 1761 871 ad
1780 841 1950 870 vitationem
1970 849 2096 879 poenae,

1246 896 1345 918 verum
1368 889 1452 917 eliam
1474 889 1509 917 ad
1525 889 1663 917 meritum
1680 888 1803 926 gyloriae.
1823 889 1891 917 Nam
1913 889 1964 918 etsi
1986 889 2097 926 primus

1246 936 1347 964 modus
1365 935 1534 964 observandi
1557 938 1648 972 potest
1662 943 1723 964 esse
1744 943 1795 973 per
1810 936 1928 973 gratiam
1950 936 2036 973 gratis
2052 935 2097 964 da-

1246 985 1317 1017 tam,
1341 982 1482 1011 secundus
1499 982 1508 996 ⁵
1525 982 1626 1012 modus
1648 991 1703 1011 non
1724 986 1815 1020 potest
1834 991 1894 1012 esse
1915 983 2022 1020 absque
2037 991 2097 1020 gra-

1248 1030 1283 1058 tia
1305 1033 1416 1067 gratum
1438 1029 1568 1065 faciente,
1591 1030 1662 1059 sicut
1684 1030 1764 1067 prius
1785 1033 1929 1060 ostensum
1951 1033 2000 1059 est.
2013 1047 2051 1051 -—
2068 1030 2097 1058 Et

1246 1076 1401 1105 secundum
1419 1077 1489 1106 hanc
1506 1077 1579 1105 viam
1598 1078 1754 1114 procedunt
1769 1078 1903 1112 rationes,
1922 1085 1994 1114 quae
2009 1079 2098 1106 osten-

1246 1123 1329 1158 dunt,
1346 1124 1453 1161 absque
1475 1124 1565 1161 gratia
1579 1128 1691 1161 gratum
1713 1124 1831 1154 faciente
1851 1124 1984 1153 mandata
2002 1123 2097 1153 divina

1246 1171 1357 1208 impleri
1379 1179 1434 1199 non
1450 1179 1547 1208 posse;
1569 1171 1644 1200 unde
1666 1175 1693 1200 et
1714 1171 1908 1201 concedendae
1930 1174 2003 1200 sunt.
2223 1199 2224 1204 ,

1328 1220 1351 1247 1.
1383 1219 1422 1247 Ad
1448 1219 1517 1247 illud
1543 1219 1617 1256 quod
1644 1219 1774 1248 obiicitur
1799 1219 1833 1247 de
1862 1217 2224 1270 DffltsssOssOffliQfflfflffmffgj

1245 1265 1320 1303 quod
1340 1266 1507 1294 mandatum
1529 1274 1583 1294 non
1599 1269 1641 1295 est
1655 1274 1741 1303 supra
1757 1266 1911 1300 hominem,
1929 1265 1978 1294 sed
1996 1272 2097 1303 prope;
2217 1262 2224 1273 ²

1245 1313 1408 1348 dicendum,
1431 1313 1506 1350 quod
1521 1313 1573 1342 hoc
1586 1313 1750 1350 intelligitur
1768 1313 1802 1342 de
1821 1312 1998 1341 observantia
2013 1320 2097 1350 quan-

1245 1364 1304 1390 tum
1327 1361 1361 1389 ad
1382 1369 1475 1398 yenits
1497 1360 1601 1397 operis.
1623 1360 1648 1388 Si
1671 1364 1766 1388 autem
1788 1360 1960 1397 intelligatur
1988 1360 2023 1389 de
2051 1360 2097 1389 ob—

1245 1408 1386 1437 servantia
1404 1410 1541 1445 quantum
1563 1407 1598 1435 ad
1620 1407 1806 1435 intentionem
1823 1407 2011 1441 rudimentis,
2029 1410 2095 1436 tunc

1245 1455 1348 1484 dicitur
1363 1463 1422 1483 esse
1433 1463 1538 1491 prope,
1554 1462 1607 1482 non
1625 1454 1690 1491 quia
1708 1454 1829 1483 liberum
1844 1454 1993 1483 arbitrium
2009 1455 2096 1492 possit

1246 1503 1272 1531 in
1297 1503 1368 1531 illud
1394 1510 1444 1540 per
1466 1510 1495 1531 se
1521 1502 1580 1531 sine
1602 1502 1674 1531 dono
1699 1502 1820 1539 gratiae,
1846 1502 1894 1531 sed
1916 1502 1982 1540 quia
2007 1503 2096 1539 gratia

1244 1550 1293 1579 Dei
1315 1553 1426 1587 praesto
1447 1553 1489 1578 est
1511 1549 1678 1586 unicuique;
1700 1557 1750 1578 nec
1772 1549 1872 1586 aliquis
1894 1552 1970 1578 caret
1991 1549 2095 1586 gratia,

1244 1597 1310 1634 quia
1332 1597 1421 1634 gratia
1442 1596 1514 1625 desit
1535 1596 1606 1631 sibi,
1628 1596 1677 1625 sed
1699 1596 1765 1634 quia
1786 1597 1845 1633 ipse
1866 1596 1944 1625 deest
1958 1596 2063 1633 gratiae
2076 1597 2094 1625 ⁶.

1325 1646 1350 1672 Q.
1372 1644 1410 1673 Ad
1433 1643 1503 1672 illud
1526 1644 1602 1681 quod
1628 1643 1774 1678 obiicitur,
1796 1644 1872 1681 quod
1895 1644 2025 1673 mandata
2046 1644 2093 1673 Dei

1245 1691 1317 1720 levia
1337 1694 1402 1720 sunt
1424 1694 1450 1719 et
1472 1690 1570 1719 suavia
1578 1701 1585 1724 ;
1608 1690 1776 1725 dicendum,
1798 1691 1874 1728 quod
1896 1691 1948 1720 hoc
1970 1691 2096 1730 iutelligi-

1245 1741 1291 1767 tur
1314 1738 1341 1766 in
1358 1738 1366 1751 ⁷
1394 1740 1524 1774 respectu
1550 1737 1678 1766 habentis
1700 1738 1860 1772 caritatem3
1889 1738 1994 1767 homini
2020 1740 2093 1769 enim

1245 1785 1360 1814 habenti
1382 1785 1526 1814 caritatem
1548 1788 1590 1814 est
1618 1785 1697 1813 facile
1719 1785 1835 1822 diligere
1863 1785 2024 1821 inimicum,
2047 1788 2095 1817 sed

1244 1840 1300 1861 non
1323 1832 1434 1861 habenti
1457 1835 1498 1860 est
1519 1831 1601 1860 valde
1624 1831 1737 1861 difficile
1758 1835 1785 1860 et
1813 1832 1892 1869 quasi
1915 1833 2095 1870 impossibile.

1246 1879 1276 1908 Et
1304 1882 1346 1907 est
1374 1878 1539 1916 exemplum
1568 1879 1594 1907 in
1617 1878 1733 1913 avibus,
1762 1887 1834 1916 quae
1864 1879 1939 1908 leves
1968 1882 2033 1908 sunt
2060 1880 2095 1909 ad
2109 1889 2212 1914 Exemplum

1245 1926 1414 1961 volandum,
1436 1926 1549 1963 quando
1570 1926 1675 1954 habent
1696 1934 1853 1963 pennarum
1875 1926 2096 1961 abundantiam;

1245 1973 1357 2011 quando
1374 1981 1439 2002 vero
1459 1973 1557 2010 pennis
1571 1973 1732 2010 privantur.
1754 1981 1854 2010 graves
1869 1976 1934 2002 sunt
1955 1976 1982 2002 et
2002 1974 2097 2003 volare

1244 2029 1299 2049 non
1321 2023 1446 2057 possunt.
1468 2020 1531 2049 Ideo
1553 2020 1688 2049 Dominus
1710 2020 1788 2055 dicit,
1810 2020 1943 2049 mandata
1963 2029 2015 2050 sua
2036 2029 2096 2050 esse

1245 2067 1329 2102 levia,
1352 2067 1483 2104 quoniam
1506 2067 1665 2095 volentibus
1680 2067 1727 2095 illa
1749 2075 1862 2096 servare
1877 2070 1904 2096 et
1919 2068 2043 2097 converti
2061 2069 2094 2097 ad

1245 2123 1274 2144 se
1296 2115 1343 2143 dat
1364 2114 1507 2143 caritatem
1528 2117 1555 2143 et
1576 2122 1681 2151 pennas
1704 2114 1853 2149 virtutum,
1875 2122 1926 2151 per
1945 2122 2015 2152 quas
2037 2123 2097 2152 pos-

1245 2165 1310 2191 sunt
1333 2161 1426 2190 volare
1448 2164 1475 2190 et
1496 2169 1525 2190 se
1547 2168 1633 2198 super
1655 2168 1684 2189 se
1707 2161 1782 2198 ipsos
1804 2161 1921 2190 faciliter
1942 2161 2061 2191 elevare.

1325 2208 1350 2236 3.
1373 2208 1411 2237 Ad
1435 2208 1504 2236 illud
1526 2208 1601 2245 quod
1627 2208 1769 2242 obiicitur,
1793 2208 1868 2245 quod
1894 2208 1978 2237 homo
2006 2211 2096 2246 potest

1245 2256 1362 2293 implere
1385 2255 1517 2284 mandata
1536 2255 1657 2284 hominis
1679 2258 1744 2289 etc.;
1763 2255 1927 2290 dicendum,
1950 2256 2025 2293 quod
2041 2264 2094 2285 non

1245 2306 1286 2332 est
1307 2302 1413 2337 simile,
1434 2302 1501 2339 quia
1522 2303 1606 2331 homo
1628 2302 1732 2339 indiget
1753 2302 1888 2340 obsequio
1920 2303 2041 2332 hominis
2069 2307 2097 2338 et

1244 2350 1309 2388 plus
1330 2350 1488 2379 considerat
1502 2353 1596 2379 actum
1618 2350 1789 2379 exteriorem
1807 2358 1893 2387 quam
1915 2350 2095 2380 intentionem

1245 2397 1415 2427 interiorem.
1443 2397 1518 2426 Deus
1543 2400 1653 2432 autem,
1679 2397 1725 2434 qui
1757 2396 1900 2425 honoriam
1924 2400 2094 2427 nostrorum

1244 2454 1302 2474 11011
1317 2444 1427 2482 indiget
1438 2444 1458 2477 Β,
1474 2447 1501 2473 et
1515 2444 1612 2482 mayis
1630 2444 1762 2472 imitetur
1777 2444 1869 2472 eorda
1885 2452 1975 2482 quam
1986 2443 2095 2481 facies,

1244 2500 1315 2530 opus
1337 2492 1458 2520 hominis
1480 2500 1534 2520 non
1563 2494 1703 2529 acceptat,
1732 2491 1784 2520 nisi
1814 2491 1892 2529 prius
1917 2492 2095 2529 acceptabilis
2109 2501 2215 2521 Notandum.

1245 2539 1279 2568 sit
1300 2539 1324 2568 ei
1350 2539 1472 2567 hominis
1494 2539 1636 2574 voluntas,
1658 2547 1709 2576 per
1731 2546 1816 2576 quam
1838 2538 1909 2567 fiunt
1930 2538 1978 2567 illa
2000 2546 2094 2576 opera.
2221 2539 2222 2544 ’

1245 2697 1327 2721 bertam
1344 2697 1473 2721 arbitrium
1490 2698 1592 2725 tantum,
1612 2696 1679 2720 codd.
1698 2696 1729 2719 bb
1742 2703 1769 2719 ee
1782 2695 1882 2719 libertem
1894 2695 2024 2719 arbitrium
2037 2697 2094 2719 -sim-

1244 2738 1332 2765 pliciter
1350 2738 1398 2760 sine
1416 2738 1516 2759 suillum.
1536 2737 1604 2759 Paulo
1627 2739 1678 2759 ante
1700 2742 1742 2764 pro
1763 2735 1926 2765 Mziltzplfcz'ter
1948 2735 2022 2765 z'yitztr
2044 2736 2093 2759 Vai.

1243 2782 1296 2799 cum
1314 2776 1367 2798 edd.
1387 2776 1411 2804 2,
1431 2776 1454 2804 3,
1474 2775 1486 2798 4
1504 2778 1526 2798 et
1543 2775 1649 2803 pluribus
1666 2774 1733 2797 codd.
1751 2774 1913 2804 Multc'ple'citer
1930 2773 1998 2797 enim.

1306 2814 1315 2829 5
1333 2815 1383 2837 Van.
1402 2817 1423 2837 ct
1440 2814 1493 2836 cdd.
1512 2814 1536 2842 3,
1556 2813 1568 2835 li
1587 2813 1717 2842 adiungunt
1734 2814 1820 2836 tamen.

1306 2854 1314 2868 ὓ
1332 2854 1376 2876 cfr.
1395 2860 1464 2882 supra
1484 2859 1536 2881 pag.
1559 2853 1613 2881 123,
1632 2856 1684 2876 notu
1703 2853 1724 2875 6.

1307 2892 1314 2904 ⁷
1333 2893 1443 2915 Particula
1461 2892 1485 2915 in
1503 2892 1568 2915 abest
1584 2899 1595 2915 u
1614 2892 1682 2915 codd.
1695 2892 1710 2914 L
1723 2898 1757 2914 aa.
1771 2904 1801 2907 —
1813 2891 1845 2914 De
1858 2892 1900 2914 hac
1916 2891 2027 2914 solutione
2040 2891 2093 2913 vide

1243 2933 1350 2960 August,
1369 2933 1469 2955 Enarrat.
1488 2933 1509 2954 in
1528 2932 1562 2955 Ps.
1581 2932 1618 2955 67.
1637 2938 1658 2954 n.
1678 2932 1713 2954 r18.

1305 2971 1314 2985 3
1333 2972 1413 2994 i‘snlm.
1435 2971 1472 2996 15,
1491 2972 1511 2993 2.
1529 2983 1560 2987 —
1578 2972 1630 3000 ch.
1648 2973 1722 2993 textus
1739 2974 1773 2994 cst
1796 2971 1810 2994 Ι.
1833 2971 1889 2999 Reg.
1916 2971 1952 2999 16,
1971 2970 1999 2993 7;
2018 2970 2092 2993 Homo

1242 3011 1303 3034 enim
1321 3011 1384 3033 videt
1401 3018 1426 3033 ea
1445 3017 1504 3040 quac
1522 3014 1614 3039 parent,
1632 3010 1744 3033 Dominus
1762 3014 1839 3033 autem
1856 3012 1957 3033 intuetur
1974 3016 2019 3032 cor.
