2243 3425
209 649 279 675 Solutio
293 654 324 672 op*

208 674 317 696 posntorum.

216 789 321 807 Distinctio.

196 1117 282 1136 Numida
295 1122 323 1135 so-

206 1141 259 1159 lutto.

340 193 396 221 868

197 270 503 303 coronariumvoluntatiffl
526 270 564 298 sic
585 269 756 305 compositio,
777 267 821 296 cui
845 267 938 295 iuncta
959 270 1000 294 est
1021 265 1183 294 deformitas

338 323 364 348 et
384 318 566 353 inordinatio,
590 317 628 345 sic
650 318 691 344 est
712 324 728 343 a
750 315 815 348 Deo,
838 313 913 351 quod
943 313 990 341 illa
1022 312 1183 340 deformitas

339 368 396 396 sive
418 364 606 394 deordinatio.
629 370 700 400 quae
722 369 788 390 vere
814 361 939 389 defectus
961 364 1017 394 θεῖ,
1039 363 1081 388 θεῖ
1102 367 1118 387 a
1140 359 1184 387 de-

339 414 411 442 fectu
433 412 551 441 alicuius
572 418 672 439 causae
695 408 886 445 componentis
902 411 1020 441 creatae,
1043 407 1087 435 vel
1109 415 1125 434 a
1140 406 1184 435 de-

337 461 410 488 fectu
432 459 556 496 ipsorum
579 456 817 493 componibilium.
840 471 878 475 ——
899 454 1097 482 Concedendae
1119 456 1184 482 sunt

338 506 422 543 igitur
444 505 564 533 rationes
586 502 778 536 ostendentes,
805 501 880 538 quod
909 500 999 529 omnis
1022 500 1184 537 compositio

337 556 378 582 est
398 561 413 580 a
436 552 499 580 Deo.

418 600 441 626 l.
463 598 501 626 Ad
524 597 594 626 illud
615 604 681 633 ergo
703 595 778 633 quod
798 595 889 632 primo
904 594 1035 623 obiicitur
1056 594 1091 623 de
1113 602 1184 623 coni—

337 646 487 684 positione,
502 652 573 681 quae
589 647 630 672 est
646 644 672 671 in
692 642 782 676 idoto;
799 641 960 676 dicendum,
976 641 1051 678 quod
1067 641 1183 676 idolum,

338 693 492 722 secundum
516 691 590 729 quod
620 689 796 724 huiusmodi,
818 689 942 717 nominat
964 688 1079 726 aliquod
1100 688 1184 717 artifi-

336 741 455 773 ciatum,
477 739 620 768 continens
641 738 668 765 in
697 745 726 765 se
748 736 854 773 aliquid
876 736 1000 764 numinis
1022 736 1066 765 vel
1088 735 1185 764 divini-

336 787 415 820 tatis;
446 790 473 815 et
506 785 662 814 secundum
694 785 746 812 hoc
779 783 928 820 dupliciter
960 783 1125 820 intelligitur
1147 782 1183 810 ibi

337 834 514 871 compositio,
536 832 665 861 videlicet
686 832 792 860 formae
814 830 890 859 cti-tis
912 830 948 859 ad
973 830 1135 864 materiam,
1158 833 1185 858 et

336 881 500 910 diuinitatis
521 880 556 908 ad
579 879 746 911 artificium;
762 882 789 906 et
804 878 895 915 prima
917 877 1031 914 quidem
1051 877 1185 914 composi-

336 930 373 958 tio
388 933 430 958 est
444 936 481 957 ex
502 930 580 964 parte
605 926 659 959 rei,
676 925 799 954 secunda
814 933 881 953 vero
897 928 938 953 est
954 924 1131 953 solummodo
1146 931 1185 952 se-

338 976 462 1005 cundum
484 973 715 1003 aestimationem
731 971 902 1000 idololatrae.
920 971 1061 1008 Quantum
1080 971 1115 999 ad
1131 970 1185 1008 pri-

339 1031 411 1052 mam
440 1021 668 1059 compositionem
697 1019 804 1048 idolum
827 1018 942 1057 aliquid
967 1022 1024 1052 est,
1047 1021 1184 1055 quantum

337 1078 404 1099 vero
425 1069 459 1097 ad
481 1068 632 1097 secundam
656 1065 729 1095 uiliii
750 1069 790 1094 est
813 1065 968 1094 innuendo
990 1065 1018 1093 in
1034 1072 1074 1099 re,
1089 1072 1185 1101 quam—

338 1118 379 1145 vis
400 1116 506 1153 aliquid
528 1115 699 1143 aestimetur.
721 1130 759 1133 ——
781 1112 907 1141 Concedo
929 1120 1004 1149 ergo,
1027 1112 1101 1149 quod
1125 1119 1185 1140 con-

338 1165 439 1193 iunctio
455 1163 517 1192 talis
532 1162 637 1191 l'ormae
660 1169 724 1190 cum
740 1161 791 1189 hac
808 1160 941 1195 materia,
964 1168 1027 1189 cum
1050 1160 1085 1188 sit
1106 1159 1186 1187 reali-

337 1215 378 1240 ter
393 1219 451 1244 ens„
467 1210 561 1247 quod¹
584 1217 600 1238 a
615 1209 671 1237 Deo
687 1212 735 1237 est.
752 1207 967 1237 Concedendum
991 1210 1032 1235 est
1046 1206 1186 1235 nihilomi-

337 1266 398 1292 nus,
421 1257 495 1294 quod
519 1256 566 1285 illa
587 1255 751 1286 aestimatio,
773 1255 800 1283 in
822 1257 960 1291 quantum
982 1253 1091 1282 animae
1106 1256 1185 1281 actus

336 1309 392 1340 θεῖ,
414 1313 430 1333 a
452 1305 507 1333 Deo
536 1307 592 1338 est;
616 1303 664 1331 sed
691 1302 854 1339 compositio
876 1301 1029 1330 divinitatis
1050 1300 1085 1329 ad
1116 1299 1185 1328 illud

336 1352 496 1385 artificium,
511 1358 583 1388 quae
598 1350 762 1378 aestimatur
777 1357 846 1381 esse.
870 1349 984 1376 omnino
999 1348 1069 1376 nihil
1085 1351 1142 1381 θεῖς
1158 1351 1185 1376 θῖ

334 1400 403 1428 haec
418 1408 430 1427 a
450 1399 504 1427 Deo
526 1406 580 1426 nou
602 1401 652 1431 est,
670 1397 735 1434 quia
750 1404 804 1424 non
820 1399 862 1424 est
877 1396 939 1424 talis
961 1395 1124 1432 compositio
1147 1403 1185 1423 se-

336 1447 460 1476 cundum
483 1454 551 1474 rein.
574 1444 706 1473 Similiter
722 1443 860 1472 ordinatio
880 1435 1081 1471 illius‘formae
1103 1442 1187 1471 artifi-

336 1494 413 1523 cialis
428 1493 463 1522 ad
485 1492 682 1522 continentiam
704 1491 866 1524 divinitatis„
888 1490 935 1518 illa
957 1490 1070 1527 quidem
1093 1490 1186 1526 potius

335 1544 376 1570 est
391 1539 565 1570 deordinatio
580 1547 665 1576 quam
680 1538 774 1575 aliqua
795 1537 910 1575 positio;
933 1540 959 1565 et
981 1537 1049 1565 haec
1071 1537 1185 1574 quidem

335 1597 351 1617 a
366 1588 422 1617 Deo
445 1595 499 1616 ΠοΠ
521 1589 571 1620 θεῖ,
587 1586 635 1614 sed
651 1594 666 1613 a
682 1585 790 1614 defectu
807 1584 970 1621 cognitionis
985 1587 1012 1612 et
1027 1584 1100 1612 fidei.
1116 1584 1186 1612 Cum

336 1643 403 1672 ergo
425 1634 543 1667 dicitur,
565 1633 639 1670 quod
670 1632 758 1660 forma
784 1631 849 1659 idoli
873 1631 899 1659 in
924 1631 969 1659 tali
993 1631 1110 1659 materia
1131 1638 1185 1658 ΠοΠ

337 1683 372 1710 sit
394 1690 409 1710 a
424 1682 496 1715 Deo,
513 1689 566 1709 non
582 1682 700 1716 negatur
722 1678 884 1715 compositio
900 1678 985 1706 liuius
1000 1678 1105 1706 formae
1121 1685 1186 1706 cum

335 1729 388 1757 hac
410 1728 526 1756 materia
546 1726 673 1755 absolute
694 1734 755 1755 esse
777 1734 793 1753 a
815 1725 887 1759 Deo;
914 1725 961 1754 sed
984 1725 1036 1753 hoc
1058 1727 1186 1761 negatur,

336 1775 411 1813 quod
433 1783 487 1803 non
509 1777 550 1802 est
565 1782 580 1801 a
596 1773 651 1801 Deo
667 1773 702 1802 ad
725 1773 761 1807 id,
783 1770 900 1809 propter
913 1772 987 1809 quod
1004 1772 1087 1799 homo
1110 1771 1185 1799 illam

338 1822 458 1859 effigiem
473 1821 564 1850 efficit.
578 1837 616 1841 —-
629 1821 659 1848 Et
674 1820 713 1849 sic
728 1823 811 1857 patet,
828 1828 878 1856 pro
894 1823 997 1856 quanto
1013 1819 1115 1847 dicitur
1131 1819 1188 1847 icto-

337 1869 397 1898 Zum
420 1868 493 1897 nihil
514 1877 582 1901 esse,
605 1867 709 1896 scilicet
730 1874 782 1904 pro
797 1874 845 1900 eo,
868 1866 943 1903 quod
959 1869 1001 1894 est
1016 1873 1116 1893 nomen
1138 1865 1186 1893 im-

338 1916 459 1953 positum
475 1924 491 1944 a
522 1915 646 1949 fictione,
669 1914 712 1943 cui
736 1914 832 1943 subest
854 1913 967 1942 falsitas.
991 1913 1065 1942 Patet
1086 1913 1185 1946 etiam,

338 1963 413 2000 quod
436 1963 542 1991 idolum
573 1965 709 1999 quantum
742 1961 777 1989 ad
799 1960 921 1998 aliquid,
950 1960 1023 1997 quod
1047 1961 1185 1991 nominat.

336 2010 371 2038 sit
391 2018 407 2037 a
430 2009 498 2042 Deo,
522 2011 548 2037 et
577 2012 713 2045 quantum
735 2007 771 2036 ad
797 2007 918 2044 aliquid,
941 2015 1008 2041 ΠοΠ,
1030 2007 1162 2044 quoniam
1176 2006 1184 2019 2

336 2057 474 2095 quidquid
496 2060 537 2085 θεῖ
555 2055 711 2093 positionis
733 2055 779 2089 ibi,
801 2063 817 2083 a
840 2055 897 2083 Deo
919 2058 975 2088 est;
999 2054 1067 2083 illud
1090 2058 1185 2083 autem

1018 187 1270 216 SENTENTIARUM
1292 187 1351 216 LIB.
1374 187 1402 215 ll.

1241 265 1315 302 quod
1337 269 1379 294 est
1397 265 1576 302 privationis
1598 266 1642 294 vel
1664 266 1825 296 desectionis
1846 275 1900 295 non
1922 270 1964 296 est
1986 274 2002 294 a
2024 266 2088 300 Deo,

1241 313 1290 342 sed
1312 321 1328 341 a
1350 313 1459 342 defectu
1480 317 1583 341 nostro.

1321 361 1347 388 ⁰2.
1363 360 1401 388 Ad
1416 360 1487 388 illud
1503 360 1577 397 quod
1593 359 1740 395 obiicitur,
1755 361 1830 397 quod
1846 361 2004 390 intellectus
2019 369 2090 390 com-

1242 407 1319 445 ponit
1339 407 1449 445 aliqua,
1472 415 1544 444 quae
1565 411 1632 436 sunt
1665 407 1901 445 incompossibilia
1914 407 1922 421 ³
1946 408 2090 445 componi3

1242 454 1402 489 dicendum,
1424 454 1498 491 quod
1521 454 1587 482 talia
1608 454 1792 490 impossibilia
1807 458 1872 483 sunt
1887 455 2013 491 componi
2031 463 2092 491 pro-

1243 504 1305 538 pter
1328 501 1594 537 inseparabilitatem
1610 501 1837 530 deordinationis.
1853 501 2000 538 Nunquam
2017 501 2092 530 enim

1242 551 1332 585 potest
1353 556 1403 576 nec
1425 555 1486 576 esse
1507 556 1558 577 nec
1581 548 1697 585 intelligi
1718 547 1825 585 aliquid
1847 548 1931 577 simul
1953 551 1980 577 et
2005 548 2092 577 semel

1242 595 1295 624 sub
1317 595 1428 623 duobus
1449 595 1598 632 oppositis,
1628 595 1696 632 quin
1725 594 1897 631 intelligatur
1919 595 2044 624 confusio
2066 598 2093 623 et

1242 642 1417 671 inordinatio.
1442 642 1473 670 Et
1494 642 1626 678 quoniam
1648 642 1676 670 iu
1697 642 1805 671 actione
1826 641 1888 676 Dei,
1910 650 1995 679 quarn
2017 642 2092 671 Deus

1242 697 1292 726 per
1314 697 1343 718 se
1364 689 1420 726 agit
1442 692 1473 717 ut
1495 693 1554 717 tota
1576 697 1669 723 causa,
1692 697 1746 717 uon
1768 692 1859 726 potest
1880 696 1940 717 esse
1967 688 2092 717 defectus

1241 736 1363 771 ordinis,
1386 736 1451 773 quia
1473 736 1495 765 si
1511 740 1599 770 esset,
1616 736 1669 764 iam
1687 736 1809 772 potentia
1824 736 1885 765 eius
1900 736 1927 764 in
1950 736 2092 773 operando

1242 783 1390 817 deficerem
1420 783 1484 812 hinc
1512 786 1569 817 est,
1598 783 1674 819 quod
1696 783 1763 811 talia
1784 791 1799 811 a
1821 783 1878 812 Deo
1899 791 1953 811 non
1975 786 2093 820 possunt

1242 830 1379 867 componi.
1395 830 1448 858 Sed
1465 838 1529 859 cum
1544 830 1620 858 Deus
1635 833 1802 867 cooperatur
1816 830 1968 859 intellectui
1988 829 2094 867 potenti

1243 877 1378 912 deficere,
1401 877 1440 906 sic
1461 880 1551 914 potest
1573 885 1649 911 esse,
1665 877 1740 914 quod
1757 877 1826 906 illud
1842 877 1917 914 quod
1939 881 1981 906 est
1996 877 2032 906 ibi
2045 886 2094 915 po—

1242 924 1375 958 sitionis,
1398 925 1433 953 sit
1454 932 1471 952 a
1492 924 1597 953 virtute
1618 924 1682 958 Dei;
1705 924 1780 962 quod
1802 932 1869 953 vero
1891 928 1933 953 est
1952 924 2093 962 privatio-

1242 972 1303 1006 πίε,
1326 972 1361 1001 sit
1382 980 1397 1000 a
1426 971 1537 1000 defectu
1567 971 1723 1000 Intellectus
1752 972 1847 1001 creati.
1869 972 1932 1001 Ideo
1954 972 2024 1000 ratio
2046 972 2093 1000 illa

1242 1027 1296 1047 non
1320 1018 1408 1051 valet,
1430 1018 1531 1056 quodsi
1545 1026 1600 1047 non
1617 1022 1707 1055 potest
1723 1018 1798 1047 Deus
1813 1026 1862 1055 per
1878 1026 1907 1047 se
1924 1018 2001 1047 illam
2022 1026 2094 1048 com-

1243 1066 1407 1103 positionem
1424 1066 1530 1099 facere„
1554 1065 1629 1102 quod
1658 1073 1713 1094 non
1735 1065 1821 1102 possit
1850 1066 1878 1094 in
1899 1065 2025 1095 faciendo
2047 1065 2093 1094 alii

1243 1113 1387 1149 cooperari
1400 1112 1415 1140 ⁴.
1656 1129 1668 1144 s

1323 1159 1349 1188 3.
1371 1160 1409 1188 Ad
1442 1160 1511 1188 illud
1534 1159 1609 1197 quod
1639 1159 1769 1188 obiicitur
1798 1160 1833 1189 de
1861 1160 1905 1189 his
1939 1168 2011 1197 quae
2038 1168 2093 1188 non

1243 1209 1359 1244 possunt
1381 1206 1509 1243 componi
1532 1206 1591 1235 sine
1614 1207 1857 1241 monstruositate3
1880 1207 1934 1235 iam
1957 1209 2032 1244 patet
2053 1214 2094 1235 re-

1244 1254 1355 1291 sponsio
1364 1265 1371 1288 3
1393 1254 1542 1290 quoniam,
1570 1262 1633 1282 cum
1662 1253 1724 1282 dico
1751 1254 1986 1290 compositionem
2018 1262 2095 1282 mon-

1243 1306 1412 1334 struosam,
1428 1301 1484 1329 duo
1500 1301 1576 1330 dico:
1599 1304 1626 1330 et
1641 1301 1703 1329 dico
1718 1301 1967 1338 compositionem,
1990 1305 2017 1330 et
2033 1301 2094 1330 dico

1244 1348 1365 1377 ulterius
1380 1356 1528 1376 annexa-iit
1544 1346 1759 1384 deformitatem
1772 1347 1790 1375 ⁵.
1807 1347 1838 1376 Et
1853 1347 2021 1384 compositio
2036 1347 2095 1385 qui-

1244 1395 1307 1424 dem
1323 1398 1365 1424 θεῖ
1379 1403 1395 1423 a
1412 1395 1476 1429 Deo,
1492 1393 1666 1431 deformitas
1681 1397 1774 1423 autem
1798 1394 2034 1423 monstruositatis
2053 1398 2095 1423 θεῖ

1243 1451 1260 1471 a
1282 1443 1392 1471 defectu
1407 1446 1434 1470 et
1449 1450 1546 1471 errore
1562 1445 1694 1475 naturae,
1710 1449 1781 1479 [piae
1797 1442 1873 1470 venit
1889 1450 1925 1470 ex
1942 1442 2096 1479 impropor-

1244 1490 1317 1518 tione
1332 1489 1445 1517 virtutis
1459 1489 1493 1517 ad
1512 1489 1666 1523 materiam,
1682 1497 1768 1525 supra
1786 1497 1871 1526 quam
1886 1489 1951 1526 agit,
1967 1489 2024 1518 sive
2044 1497 2095 1526 pro

1244 1545 1290 1571 eo,
1312 1537 1387 1574 quod
1412 1537 1528 1565 materia
1549 1536 1790 1573 superabundat,
1807 1536 1865 1565 sive
1880 1545 1931 1573 pro
1952 1544 1998 1571 eo,
2019 1536 2095 1574 quod

1244 1583 1354 1621 delicit,-
1370 1587 1396 1612 et
1412 1584 1561 1620 utrobique
1576 1588 1617 1612 est
1633 1584 1757 1612 defectus
1773 1583 1883 1612 debitae
1898 1584 2095 1621 proportionis.

1323 1631 1348 1659 lt.
1372 1631 1409 1659 Ad
1433 1630 1503 1659 illud
1527 1630 1603 1668 quod
1625 1631 1771 1665 obiicitur,
1793 1631 1868 1668 quod
1890 1630 2030 1668 quaedam
2054 1634 2096 1660 est

1244 1678 1422 1714 compositio,
1445 1685 1516 1714 quae
1538 1686 1591 1706 non
1616 1681 1705 1714 potest
1727 1685 1787 1707 esse
1809 1686 1859 1707 nec
1881 1677 1996 1715 intelligi
2018 1686 2096 1715 prae-

1244 1729 1285 1754 ter
1309 1725 1558 1759 inordinationem,
1585 1728 1681 1761 utpote
1710 1726 1731 1753 si
1757 1733 1806 1762 pes
1828 1728 1981 1762 poneretur
2002 1725 2030 1754 in
2052 1733 2096 1762 pe-

1244 1775 1335 1807 ctore,
1357 1772 1377 1800 si
1402 1772 1485 1800 homo
1506 1772 1592 1800 coiret
1616 1779 1680 1800 cuni
1704 1772 1843 1807 iumento3
1865 1772 2016 1801 dicendum
2038 1776 2095 1807 θεῖ,

1243 1819 1318 1856 quod
1341 1819 1391 1848 etsi
1413 1826 1501 1847 unum
1524 1819 1681 1847 necessario
1706 1822 1893 1856 consequatur
1915 1819 1950 1848 ad
1966 1819 2052 1854 aliud,
2069 1822 2096 1848 et

1244 1866 1401 1895 intellectus
1428 1866 1512 1894 unius
1543 1865 1767 1902 inseparabiliter
1789 1869 1978 1903 consequatur
2000 1874 2036 1895 ex
2058 1866 2097 1895 in-

1246 1913 1357 1941 tellectu
1379 1912 1508 1947 alterius;
1531 1913 1714 1941 nihilominus
1730 1916 1822 1941 tamen
1838 1913 2030 1942 diversitatem
2047 1913 2096 1942 ha-

1244 1960 1317 1991 bent,
1340 1961 1406 1997 quia
1428 1968 1516 1989 unum
1546 1960 1612 1989 dicit
1638 1960 1854 1997 privationem,
1877 1963 1903 1989 et
1929 1960 2007 1989 aliud
2029 1960 2096 1989 dicit

1241 2007 1432 2044 positionem,-
1446 2011 1474 2036 et
1490 2007 1551 2036 ideo
1566 2011 1656 2044 potest
1671 2015 1760 2036 unum
1776 2007 1832 2036 Deo
1847 2007 1978 2043 attribui,
2000 2015 2096 2045 quam-

1244 2054 1286 2083 vis
1308 2054 1428 2083 alterum
1451 2062 1504 2083 non
1527 2055 1699 2083 attribuatur
1711 2054 1727 2082 ⁶.

1065 2166 1300 2199 ARTICULUS
1327 2166 1364 2198 ll.

851 2272 955 2300 Utrum
978 2272 1054 2300 aetio
1076 2270 1218 2308 defectivav
1239 2271 1278 2299 sit
1300 2272 1357 2300 Deo
1386 2271 1586 2300 attribuenda.

415 2396 622 2433 Consequenter
645 2395 791 2432 quaeritur
812 2395 886 2423 circa
908 2394 1063 2422 secundum
1086 2393 1187 2422 articu-

338 2444 395 2471 luni
412 2444 446 2471 de
461 2444 567 2472 actione
594 2443 738 2476 defectiva,
759 2445 855 2471 utrum
877 2443 911 2470 sit
927 2442 982 2470 Deo
997 2441 1184 2470 attribuenda.

339 2491 370 2519 Et
391 2491 464 2519 circa
486 2491 538 2518 boc
560 2492 736 2527 quaeruntur
758 2489 819 2517 tria.

417 2537 507 2565 Primo
529 2537 683 2573 quaeritur.
704 2541 802 2565 utrum
824 2544 840 2564 a
861 2536 918 2565 Deo
940 2536 974 2564 sit
989 2536 1059 2564 actio
1075 2534 1186 2569 iniusta,

339 2584 494 2612 secundum
517 2584 590 2621 quod
615 2584 725 2612 iniusta.

403 2755 409 2769 1
429 2756 478 2777 Yat.
496 2757 603 2783 expunxit
621 2757 663 2778 boc
680 2756 809 2778 secundum
827 2756 896 2785 quod.

401 2794 411 2808 2
429 2794 497 2822 Edd..
516 2800 609 2823 excepta
632 2796 653 2822 1,
673 2802 725 2817 cuin
745 2796 858 2818 nonnullis
876 2796 943 2818 codd.
963 2795 1034 2818 Unde.

403 2832 412 2846 3
430 2834 478 2855 Vnt.
497 2840 549 2855 cuin
567 2834 619 2856 edd,
638 2835 664 2862 3,
683 2834 695 2856 lt
715 2841 756 2856 nec
782 2841 826 2856 uon
853 2835 920 2857 codd.
948 2835 962 2856 F
983 2841 1008 2857 et·
1026 2838 1048 2857 et
1065 2835 1133 2862 pauci
1150 2834 1186 2856 alii

340 2870 510 2900 impossilu'liu;
528 2877 619 2895 econtra
637 2873 687 2895 cont.
706 2873 737 2895 bb
755 2875 822 2896 etiam
841 2874 897 2896 intra
917 2872 1122 2903 incompossibilia.

405 2909 413 2923 ⁴¹
430 2910 474 2932 etr.
494 2912 507 2933 Ι,
525 2912 585 2933 Sent.
604 2912 625 2933 d.
645 2912 681 2934 ll-l.
699 2919 719 2934 a.
738 2913 758 2934 2.
777 2920 798 2941 q.
822 2913 838 2934 1.

405 2948 414 2962 ⁵
431 2949 473 2970 l‘ro
490 2955 610 2972 [willemum
636 2950 820 2979 deffirvnitutem„
849 2958 919 2980 quani
942 2952 1061 2974 lectionem
1079 2952 1100 2973 in
1119 2951 1186 2973 codd.

343 2986 361 3008 A
371 2987 386 3008 Ε
397 2987 414 3007 ti
425 2987 440 3007 L
451 2987 468 3008 M
480 2987 497 3014 Q
509 2988 536 3008 W
548 2988 567 3009 x
578 2989 595 3009 Y
614 2989 645 3010 bb
658 2993 679 3011 et
691 2990 739 3011 aliis
756 2991 899 3017 invenimus,
916 2990 983 3013 codd.
996 2991 1014 3012 ll
1025 2991 1042 3013 U
1054 2991 1187 3013 monstruo-

1323 2393 1450 2422 Secundo
1471 2393 1633 2430 quaeritur.
1666 2396 1763 2421 utrum
1792 2402 1807 2421 a
1835 2393 1890 2422 Deo
1913 2394 1946 2422 sit
1969 2393 2094 2431 operatio

1244 2441 1372 2470 fortuita.
1395 2441 1551 2469 secundum
1573 2441 1648 2478 quod
1670 2441 1792 2469 fortuita.

1323 2488 1415 2516 Tertio
1437 2488 1598 2525 quaeritur.
1628 2492 1724 2516 utrum
1754 2496 1770 2516 a
1799 2488 1855 2516 Deo
1876 2488 1911 2516 sit
1939 2487 2093 2516 enuntiatio

1243 2534 1321 2568 falsu.
1344 2534 1499 2563 secundum
1522 2534 1595 2571 quod
1619 2534 1696 2563 falsa.

1243 2754 1319 2777 sitatis
1336 2754 1522 2783 deformitatem,
1540 2754 1591 2777 cod.
1609 2754 1627 2776 D
1646 2753 1773 2777 tumui-[am
1784 2755 1807 2777 et
1817 2753 2003 2783 deformitatem,
2024 2754 2093 2776 codd.

1244 2793 1260 2816 C
1270 2794 1284 2815 S
1295 2794 1312 2815 T
1332 2793 1458 2816 lusurifflii
1476 2792 1646 2822 deformitatem
1658 2794 1688 2821 (J)
1698 2812 1704 2821 ,
1719 2793 1770 2816 cod.
1784 2800 1810 2815 ee
1823 2792 1946 2816 hammum
1960 2792 2094 2821 deforman-

1244 2834 1302 2860 tem,
1322 2833 1375 2855 edd.
1394 2836 1484 2860 praeter
1506 2833 1510 2854 1
1533 2832 1659 2855 [muriam
1682 2831 1876 2859 deorclinuittent,
1896 2832 1932 2854 ed.
1956 2833 1960 2853 1
1984 2831 2094 2861 deformi-

1244 2873 1315 2894 tatem
1333 2876 1428 2894 tantum.
1447 2872 1516 2894 Paulo
1534 2872 1627 2893 interius
1652 2878 1694 2899 pro
1718 2877 1778 2901 quae
1796 2871 1856 2894 reni!
1875 2871 1930 2897 (scil.
1949 2871 2093 2900 deformitas)

1245 2911 1294 2933 Vm.
1312 2911 1353 2940 qui
1371 2910 1438 2934 venit
1456 2910 1500 2933 Cl'r.
1519 2912 1620 2938 Aristot,
1640 2910 1675 2932 lV.
1694 2910 1722 2932 de
1739 2911 1843 2933 Generat.
1862 2911 1953 2932 animal.
1971 2916 1990 2932 c.
2009 2909 2029 2932 έιΔ

1307 2951 1316 2964 ⁶
1335 2950 1392 2973 Vide
1410 2950 1511 2972 scholion
1529 2950 1557 2972 ad
1576 2950 1753 2978 praecedentem
1772 2953 1859 2978 quaest.
