2243 3425
719 229 802 257 DIST.
825 229 924 258 xxvii.
946 229 1019 257 ΛΒΤ.
1042 229 1059 257 l.
1082 230 1218 266 QUAEST.
1240 230 1280 258 111.

119 308 180 334 tum,
199 307 267 328 etiam
284 306 396 334 caritatis,
415 307 501 328 maiore
515 306 658 329 distinctione
676 307 767 329 differre
786 308 878 335 asserit,
898 314 968 336 quam

119 344 261 367 distinctione
273 344 375 368 rationis
393 345 442 373 (cfr.
461 345 492 367 111.
511 346 571 368 Sent.
590 345 612 368 d.
635 345 667 368 17.
686 352 705 368 a.
729 346 745 368 l.
764 353 786 374 q.
805 346 844 373 3.).

184 384 289 406 Dissentit
314 391 370 406 vero
393 385 532 412 Seraphicus
550 391 561 406 a
579 385 680 407 secunda
704 386 812 413 opinione
833 386 854 407 in
878 385 967 408 tribus:

119 425 194 452 primo
207 424 284 453 quoad
296 425 411 447 naturam
423 424 495 447 liuius
507 423 677 447 distinctionis:
691 424 747 446 dum
761 425 822 446 enim
832 424 854 446 S.
866 425 968 447 Thomas

117 464 182 492 vult,
201 463 263 492 quod
277 465 348 491 gratia
362 470 374 486 a
386 463 516 492 virtutibus,
535 470 619 492 nempe
632 464 718 492 infusis,
732 463 822 486 disserat
838 463 936 487 realiter
948 465 971 487 et

115 509 160 532 per
174 502 312 530 essentiam,
333 504 354 524 S.
374 503 458 525 Bonav.
477 503 556 530 docet⁷
570 503 633 531 quod
648 508 693 525 non
706 509 748 530 per
770 504 893 525 essentiam
907 503 968 526 diffe-

118 545 158 570 rat,
171 542 211 564 sed
228 541 280 564 sola
297 541 474 571 comparatione
492 544 513 564 et
529 541 661 564 secundam
678 547 733 564 esse.

181 581 287 603 Secundo
306 581 378 609 docet,
397 581 461 610 quod
478 582 550 609 gratia
568 581 621 603 insit
638 581 727 603 animae
745 581 820 608 primo
838 581 968 604 secundum

117 619 249 643 libertatem
266 619 362 643 arbitrii
373 620 451 648 (supra
465 619 487 641 d.
501 620 537 641 -26,
557 626 578 648 (1.
592 619 636 648 5.);
650 619 691 641 sed
703 620 725 642 S.
739 620 822 642 Thom.
835 620 891 648 vult,
904 620 968 649 quod

117 660 192 687 primo
210 660 262 681 insit
278 659 406 681 secundum
420 658 550 681 essentiam.
570 659 693 687 Quomodo
711 659 732 681 S.
751 659 837 681 Bonai'.
856 660 916 681 illam
935 666 968 682 as-

116 699 239 720 sertionem
257 698 377 726 intelligat,
396 698 482 721 dictum
501 701 535 720 est
557 705 627 726 supra
644 698 666 721 d.
690 699 726 720 26.
750 705 771 727 q.
790 699 815 726 5,
838 701 860 721 01
881 700 968 727 perspi-

116 744 158 760 cue
177 738 304 760 declaratur
323 738 359 759 iv.
377 738 437 760 Sent.
456 737 477 760 d.
497 737 532 760 49.
547 744 568 765 p.
583 738 595 759 1.
609 745 631 766 q.
650 737 670 760 4.
689 738 711 760 in
729 744 800 766 corp.y
824 738 863 760 ubi
882 738 967 767 duplex

115 777 199 799 modus
217 777 376 805 distinguitur,
395 783 441 806 quo
459 777 547 806 aliquid
565 778 636 805 possit
653 783 704 799 esso
722 778 744 799 in
762 778 875 805 potentia,
893 780 916 800 et
934 784 967 800 as-

115 817 213 844 seritur,
237 816 300 844 quod
322 817 396 838 anima
416 823 459 838 non
482 817 509 838 sit
526 822 599 844 capax
618 817 703 844 gratiae
721 819 743 838 et
760 817 846 844 gloriae
865 817 906 839 nisi
925 823 967 845 per

113 856 223 883 mentem,
244 861 315 884 quam
333 861 418 877 vocare
436 856 493 877 solet
510 855 596 885 faciem
613 855 717 878 animae.

179 894 263 922 Tertio,
276 894 340 923 quod
355 895 434 922 gratia,
453 895 620 922 superveniens
637 895 714 916 virtuti
732 896 798 923 quasi
817 901 900 917 causae
918 901 967 917 ma-

114 934 202 962 teriali,
225 940 276 956 eam
300 934 397 961 formet,
420 934 479 956 sicut
500 934 538 956 lux
559 934 661 956 colorem
675 952 680 962 ‚
702 940 746 956 non
771 934 882 962 probatur
903 941 915 957 a
941 936 965 958 S.

115 974 198 996 Thom.
216 975 237 995 in
256 973 384 996 Comment.
411 973 463 999 (loc.
482 974 543 1001 cit.);
566 974 605 1002 qui
623 976 699 995 tamen
718 974 760 995 hoc
778 974 882 1002 intelligit
898 975 920 996 in
938 981 966 997 eo

114 1019 182 1036 sensu
191 1031 196 1041 ⁷
220 1013 283 1041 quod
300 1013 412 1035 efficiatur
423 1019 449 1035 ex
462 1013 534 1040 gratia
552 1016 574 1035 et
590 1013 674 1035 virtute
690 1019 770 1041 unum,
783 1013 841 1036 sieut
853 1019 879 1035 ex
892 1013 966 1036 forma

114 1054 136 1074 et
152 1058 180 1074 eo
198 1053 263 1074 cuius
288 1054 322 1074 est
347 1052 428 1074 forma.
442 1052 467 1074 Et
492 1052 587 1074 sortasse
604 1053 633 1074 ita
651 1058 701 1074 rem
720 1052 855 1075 intellexisse
873 1053 966 1075 videtur

113 1092 175 1114 Alex.
198 1091 246 1113 Hal.
271 1092 302 1117 (S.
320 1097 342 1119 p.
361 1091 384 1112 11.
403 1098 424 1120 (1.
443 1091 480 1113 61.
498 1097 528 1113 m.
548 1092 568 1113 2.
591 1097 610 1113 a.
634 1091 672 1119 4.),

117 1138 127 1150 ει
138 1131 210 1159 gratia
223 1133 245 1153 et
256 1131 330 1153 virtus
342 1133 395 1152 sunt
411 1130 473 1153 idem
490 1129 693 1158 substantialiter,
713 1133 735 1153 et
752 1137 797 1153 non
814 1130 963 1160 formaliter,

114 1170 172 1192 sicut.
189 1170 275 1192 ferrum
293 1172 315 1192 et
333 1170 437 1192 cultellus
454 1169 633 1192 substantialiter
650 1170 712 1192 idem
730 1173 793 1198 sunt⁷
812 1171 853 1193 sed
866 1171 966 1193 11011101-

113 1210 217 1237 mantem
236 1213 258 1232 et
275 1210 307 1232 sic
325 1210 398 1237 gratia
416 1215 461 1232 non
479 1212 514 1232 est
530 1210 604 1231 virtus
621 1210 715 1232 omnino
733 1210 862 1232 secundum
880 1216 929 1233 esse
945 1213 967 1233 et

113 1249 242 1277 rationem„
263 1249 304 1271 sed
321 1249 450 1271 secundum
467 1248 625 1272 substantiam
636 1258 656 1271 n.
674 1249 719 1271 Sed
737 1250 758 1271 S.
777 1250 862 1272 Bonax‘.
882 1251 928 1277 (hic
945 1251 966 1272 in

695 1092 735 1120 qui
758 1092 883 1119 concludit,
903 1093 966 1121 quod

1821 231 1876 259 659

1026 308 1070 330 fine
1089 309 1162 337 corp.)
1180 309 1285 337 explicite
1302 309 1368 337 (licit⁷
1387 309 1450 338 quod
1468 310 1539 337 gratia
1553 310 1720 337 superveniens
1733 315 1785 331 cum
1799 309 1876 331 habitu

1027 348 1128 375 virtutis,
1141 354 1211 376 quem
1228 348 1327 370 formare
1346 348 1441 375 dicitur,
1459 353 1508 371 non
1525 347 1584 376 facit
1599 354 1675 370 imam
1685 354 1730 377 per
1741 347 1874 376 essentiam,

1026 386 1067 408 sed
1085 387 1136 409 ideo
1160 387 1253 415 format,
1276 387 1332 417 qaia
1357 387 1389 410 act
1409 387 1480 418 finem
1498 393 1570 410 suam
1587 386 1683 410 ordinat
1701 387 1782 416 (quare
1805 388 1876 415 gratia

1026 426 1102 453 magis
1119 425 1164 448 tusc
1180 426 1269 448 dicatur
1287 432 1357 455 quam
1374 427 1448 454 calor,
1467 426 1562 449 docetur
1581 427 1616 449 lV.
1635 427 1695 449 Sent.
1714 426 1736 449 d.
1759 427 1792 449 18.
1813 433 1835 454 p.
1853 427 1876 448 11.

1027 464 1082 486 dub.
1102 465 1141 492 3.).
1158 477 1190 481 -
1206 465 1307 487 Conseri-i
1326 466 1394 488 etiam
1413 465 1482 488 debet
1500 466 1613 495 Breviloq.
1632 472 1654 494 p.
1672 466 1700 488 V.
1719 472 1738 488 c.
1757 465 1783 494 4,
1802 465 1841 488 ubi
1854 466 1877 487 S.

1026 503 1112 525 Bonav.
1131 504 1177 526 scre
1195 504 1278 526 eodem
1292 504 1362 527 modo
1380 505 1481 534 loquitur
1498 512 1524 527 ac
1537 506 1559 527 S.
1573 505 1685 533 Thomas,
1701 508 1725 528 ut
1738 506 1782 527 iani
1801 505 1877 528 obser-

1026 543 1090 564 vavit
1107 542 1200 570 Dionys.
1219 542 1294 565 Carth.
1314 544 1346 571 (11.
1364 544 1425 566 Seni.
1444 544 1465 566 d.
1486 545 1522 566 26.
1541 551 1562 573 q.
1586 545 1602 566 l.
1615 545 1674 567 circa
1688 545 1765 573 finem)
1780 546 1815 567 his
1828 551 1877 567 ver-

1026 580 1077 603 bis:
1099 589 1109 601 α
1123 581 1208 604 Bonav.
1226 583 1248 603 in
1267 582 1413 611 Breviloquio
1439 589 1481 605 suo
1507 590 1577 611 super
1603 584 1637 606 his
1662 584 1732 606 inulta
1755 584 1877 606 conscribit

1026 620 1160 648 perpulcre,
1178 624 1201 642 et
1218 624 1293 643 tamen
1312 627 1371 649 peno
1389 623 1478 650 omnia,
1498 629 1557 650 quae
1575 624 1674 646 affirmat
1691 623 1720 646 de
1733 625 1812 651 gratia,
1826 630 1877 646 con-

1026 660 1122 681 veniunt
1139 660 1237 687 caritati,
1256 661 1299 682 nisi
1317 661 1380 689 quod
1398 663 1477 689 postea
1501 662 1580 684 scribit
1597 662 1626 684 (le
1644 662 1807 684 ramificatione
1825 669 1877 690 gra—

1026 698 1069 720 tiae
1088 698 1116 726 [c.
1136 697 1166 726 4.]
1180 701 1201 720 01
1216 698 1307 721 habitus
1324 700 1437 722 virtutum
1454 703 1476 722 et
1494 700 1616 728 donorum,
1629 705 1650 723 et
1666 701 1754 729 probat,
1771 701 1877 731 qratiam

1025 743 1074 760 esse
1091 737 1226 761 distinctam
1239 747 1260 760 ».
1272 739 1344 761 —De
1361 739 1482 767 relatione,
1496 746 1566 768 quam
1585 741 1656 768 gratia
1670 740 1738 763 nabot
1750 741 1779 763 ad
1797 747 1877 764 omnes

1026 776 1081 799 alias
1093 777 1190 799 virtutes
1201 778 1294 805 inl'usnsy
1308 778 1348 800 cfr.
1366 778 1397 800 Ill.
1411 778 1471 800 Seni.
1485 778 1506 801 d.
1526 778 1562 801 27.
1575 786 1594 801 a.
1615 780 1634 801 rl.
1647 786 1669 808 (1.
1687 781 1703 807 1,
1717 780 1756 802 ubi
1773 780 1876 802 fundam.

1026 815 1046 837 4.
1060 816 1082 837 in
1096 822 1118 844 (1.
1135 816 1151 837 l.
1165 817 1266 844 positum
1279 817 1311 839 sic
1329 818 1480 844 exprimitur:
1498 826 1507 837 a
1522 817 1628 840 Consistit
1640 819 1717 847 imago
1730 820 1877 841 recreationis

1025 855 1046 876 in
1071 854 1145 877 tribus
1166 855 1290 878 virtutibus
1308 857 1442 884 theologicis
1459 860 1481 879 et
1501 858 1586 880 unitate
1606 859 1704 886 gratiae,
1725 859 1783 881 sicut
1799 859 1877 886 imago

1024 895 1145 917 creationis
1162 896 1184 916 in
1203 895 1276 917 tribus
1294 896 1402 923 potentiis
1419 898 1441 918 et
1459 897 1544 919 unitate
1561 896 1702 919 substantiae
1716 905 1735 918 u.

1088 934 1120 956 lll.
1131 934 1376 957 Auctoribuslatidatis
1385 935 1550 963 subiungimus
1559 936 1683 958 chricum
1697 937 1769 959 Gand.
1784 937 1876 965 (Quodl.

1024 972 1044 995 4.
1063 980 1084 1002 (1.
1107 974 1164 1002 10.),
1182 975 1233 1002 (1111,
1252 980 1305 996 cuni
1324 975 1381 996 inter
1398 976 1520 997 essentiam
1538 976 1628 998 animae
1646 979 1668 998 et
1694 977 1806 1004 potentias
1831 983 1875 999 non

1025 1013 1148 1041 distinguat
1162 1013 1204 1035 nisi
1222 1013 1351 1035 secundum
1369 1013 1500 1042 rationem,
1521 1014 1563 1037 sibi
1577 1017 1683 1037 constans
1695 1015 1764 1038 dicit:
1779 1024 1788 1035 α
1801 1016 1875 1038 Gratia

1024 1055 1046 1075 et
1063 1054 1144 1075 cantas
1163 1059 1207 1075 non
1226 1052 1334 1076 disserunt
1351 1059 1388 1081 rc,
1407 1054 1478 1076 immo
1497 1054 1519 1076 id
1540 1055 1625 1082 ipsum,
1649 1055 1712 1083 quod
1734 1056 1755 1077 in
1777 1056 1827 1083 ipsa
1845 1061 1876 1079 es-

1024 1091 1099 1114 sentia
1116 1094 1151 1114 est
1166 1091 1260 1121 qratia,
1284 1093 1306 1113 in
1328 1095 1440 1121 quantum
1458 1093 1618 1115 consideratur
1642 1093 1746 1116 absolute
1772 1094 1808 1115 vcl
1832 1093 1876 1116 sub

1024 1132 1111 1154 ratione
1128 1132 1251 1159 essentiae,
1270 1131 1292 1154 id
1311 1133 1387 1160 ipsum
1405 1134 1440 1154 est
1456 1132 1545 1155 caritas
1563 1133 1585 1154 in
1603 1139 1641 1160 ea,
1660 1134 1681 1155 in
1700 1137 1812 1162 quantum
1825 1140 1876 1156 con-

1024 1171 1138 1194 sideratur
1154 1170 1198 1193 sub
1216 1172 1303 1193 ratione
1319 1171 1436 1201 potentiae
1451 1180 1472 1194 υ.
1490 1172 1536 1194 lam
1555 1173 1607 1195 hinc
1624 1176 1698 1201 patet,
1716 1173 1807 1196 Henrici
1827 1180 1876 1196 sen-

1024 1211 1117 1233 tentiam
1135 1211 1157 1232 in
1175 1217 1200 1233 re
1218 1211 1338 1239 principali
1356 1211 1448 1234 differre
1465 1218 1478 1233 a
1495 1213 1606 1235 sententia
1624 1213 1691 1235 Scoii.

879 1342 1045 1378 QUAESTIO
1067 1342 1108 1370 111.

484 1427 589 1455 Uti‘am
601 1427 706 1465 yrcttz'a
719 1431 843 1465 matum
857 1427 972 1465 faciens
988 1432 1014 1456 et
1026 1428 1126 1466 ytort'a
1148 1429 1340 1457 essentialiter
1355 1428 1502 1467 differant.

190 1527 282 1556 Tertio
294 1526 440 1564 quaeritur
452 1526 487 1555 de
502 1526 591 1563 gratia
603 1527 629 1555 in
643 1527 850 1564 comparatione
861 1527 896 1556 ad
909 1527 964 1564 glo-

110 1574 197 1608 riam,
219 1577 246 1602 et
260 1576 302 1602 est
317 1573 455 1610 quaestio,
472 1577 569 1601 utrum
592 1573 722 1602 differant
737 1581 788 1611 per
803 1575 962 1603 essentiam.

112 1621 141 1650 Et
156 1620 230 1658 quod
247 1621 298 1655 sic,
314 1620 436 1649 videtur.

192 1669 215 1696 1.
231 1668 323 1696 Gratia
336 1671 447 1704 gratum
464 1668 575 1702 faciens,
591 1669 641 1697 etsi
657 1676 710 1697 non
723 1669 758 1697 sit
773 1668 856 1703 fides,
868 1672 961 1697 tamen

1 1720 97 1763 dt⁰uffi³⁰⁵i'
109 1722 254 1752 nunquam
270 1717 312 1743 est
327 1715 386 1743 sine
402 1714 469 1748 fide,
484 1715 551 1751 quia
571 1715 634 1743 stne
647 1714 703 1751 sicle
726 1715 903 1752 impossibile
921 1719 963 1743 est

58 1758 62 1762 ’
106 1761 224 1799 placere
245 1762 303 1790 Deo
318 1761 341 1795 1;
360 1761 448 1799 gloria
470 1764 564 1790 autem
586 1762 664 1791 nullo
687 1762 770 1791 modo
793 1763 962 1800 compatitur

110 1817 204 1838 secum
220 1808 318 1837 fidem:
332 1817 398 1846 ergo
412 1817 525 1838 necesse
537 1812 591 1844 est,
608 1810 726 1847 gratiam
743 1813 769 1838 et
781 1810 898 1847 gloriam
912 1818 961 1847 per

110 1856 257 1886 essentiam
274 1856 396 1885 differre.

189 1905 214 1932 ⁹2.
238 1904 318 1938 Item,
336 1904 425 1941 gratia
445 1907 556 1940 gratum
581 1904 683 1933 faciens
702 1912 731 1933 se
750 1904 834 1933 habet
852 1904 886 1933 ad
907 1905 962 1942 glo-

108 1951 193 1986 riam,
209 1952 281 1980 sicut
297 1951 339 1979 via
354 1951 390 1980 ad
406 1951 572 1984 terminum,
587 1954 614 1980 et
636 1951 708 1980 sicut
723 1952 751 1980 id
774 1952 848 1989 quod
865 1955 906 1981 est
925 1952 960 1981 ad

108 1998 212 2033 finem,
234 1998 270 2027 ad
292 1997 377 2027 finem
390 1997 408 2025 ².
431 1998 458 2026 Si
480 1998 564 2035 igitur
584 1998 722 2027 terminus
740 1999 897 2028 necessario
923 1999 961 2028 di-

108 2045 260 2082 stinguitur
283 2054 299 2074 a
321 2045 378 2079 via,
400 2048 427 2074 et
448 2045 511 2074 finis
533 2046 568 2074 ab
590 2053 622 2074 eo
642 2046 717 2083 quod
740 2049 781 2075 est
805 2046 840 2075 ad
861 2046 959 2081 finem,

107 2092 285 2122 distinctione
300 2092 453 2126 essentiali;
469 2093 528 2130 pari
545 2093 652 2122 ratione
669 2093 790 2127 videtur,
805 2093 881 2130 quod
901 2102 961 2130 gra-

106 2141 144 2170 tia
159 2144 186 2169 et
201 2140 297 2177 gloria.

185 2187 211 2216 3.
233 2187 313 2221 item,
336 2187 408 2216 sicut
423 2194 451 2216 se
467 2187 551 2215 habet
573 2187 655 2225 culpa
670 2187 705 2216 ad
721 2187 905 2225 supplicium,
922 2189 960 2217 ita

106 2242 136 2263 se
150 2234 236 2263 habet
250 2234 340 2271 gratia
355 2234 389 2263 ad
406 2235 580 2271 praemiiiui;
595 2235 644 2263 sed
660 2235 743 2272 culpa
765 2237 792 2263 et
813 2243 902 2272 poena
917 2243 960 2265 ae-

106 2283 186 2310 terna
207 2281 341 2310 differunt
362 2281 560 2310 essentialiter:
583 2289 650 2318 ergo
671 2281 732 2318 pari
748 2281 854 2311 ratione
870 2282 956 2319 gratia

105 2331 132 2357 et
154 2328 250 2365 gloria.

184 2376 216 2404 li..
234 2375 317 2410 110111,
340 2375 522 2412 corruptibile
545 2379 571 2404 et
593 2376 806 2413 incorruptibile
825 2376 959 2405 differunt

105 2430 156 2460 per
177 2423 345 2456 essentiam;
365 2422 414 2451 sed
430 2422 517 2459 gratia
533 2425 575 2451 est
590 2422 783 2459 corruptibilis
805 2426 831 2451 et
852 2423 959 2451 amissi—

105 2469 185 2504 bilis,
207 2469 279 2498 sicut
294 2477 381 2506 supra
394 2469 403 2482 ³
419 2473 561 2498 ostensum
577 2469 643 2504 fuit.
660 2469 749 2506 gloria
764 2477 830 2498 vero
845 2470 959 2498 omnino

105 2520 147 2546 est
168 2517 407 2554 incorruptibilis:
431 2524 498 2553 ergo
519 2520 570 2545 etc.

187 2565 211 2593 5.
234 2564 317 2598 item,
339 2564 413 2601 quod
437 2567 478 2593 est
500 2563 685 2601 cognoscibile
707 2564 742 2592 ab
764 2564 884 2593 habente
909 2564 959 2593 dif-

105 2611 158 2640 fert
179 2619 230 2648 per
251 2612 401 2640 essentiam
423 2611 458 2640 ab
477 2619 509 2640 eo
525 2611 600 2648 quod
615 2619 669 2639 non
693 2615 735 2640 est
756 2611 957 2649 cognoscibile3

105 2658 154 2687 sed
176 2658 265 2695 gloria
285 2658 320 2687 ab
335 2659 410 2687 omni
425 2666 457 2687 eo
473 2658 520 2696 (1111
536 2658 620 2687 habet
635 2666 712 2693 eam,
729 2660 905 2695 cognoscitur
920 2676 958 2679 —

106 2705 201 2734 nullus
223 2706 296 2734 enim
313 2708 354 2735 est
372 2705 527 2743 gloriosus,
542 2706 590 2743 qui
607 2706 719 2740 nesciat,
735 2714 764 2735 se
779 2714 840 2735 esse
860 2706 958 2743 glorio-

169 2839 175 2853 ¹
194 2839 262 2862 Hebr.
285 2841 318 2868 ll,
337 2840 357 2862 6.
371 2853 400 2856 —
416 2840 448 2863 De
466 2847 559 2869 propos.
578 2847 626 2870 seq.
644 2841 698 2863 vide
716 2842 747 2864 111.
761 2842 821 2864 Sent.
841 2842 862 2864 d.
882 2842 918 2864 31.
936 2848 956 2865 a.

105 2878 126 2900 2.
144 2885 166 2907 q.
186 2879 205 2907 t,
224 2879 263 2901 ubi
282 2879 419 2907 ostenditur,
437 2880 501 2908 quod
518 2880 575 2902 fides
592 2881 614 2902 in
632 2880 704 2908 gloria
722 2884 855 2903 evacuetur.

167 2918 177 2932 ²
194 2918 224 2940 Ex
242 2918 293 2941 cod.
312 2925 337 2941 cc
354 2922 376 2941 et
393 2919 429 2942 ed.
448 2920 456 2941 ·l
478 2920 641 2947 supplevimus
657 2919 690 2942 act
705 2920 784 2950 finem.

166 2956 176 2971 ³
193 2957 247 2979 Dist.
266 2958 302 2979 26.
321 2965 343 2986 q.
362 2957 382 2980 4.
400 2960 423 2980 et
439 2965 461 2987 q.
479 2958 586 2986 praeced.
605 2960 626 2981 in
645 2965 709 2987 corp.

168 2995 176 3010 ⁴
194 2997 256 3019 Sicut
274 3000 390 3020 ostensum
409 3002 443 3020 est
460 2998 474 3020 1.
493 2998 553 3020 Sent.
572 2998 593 3020 d.
614 2998 648 3021 17.
667 3005 690 3026 p.
710 2998 724 3020 l.
742 3005 763 3027 (1.
783 2999 804 3021 3.

168 3035 177 3049 ⁵
194 3036 258 3058 Vers.
277 3036 298 3058 8.

1021 1535 1085 1556 sum
1106 1545 1146 1548 —
1167 1529 1256 1565 gratia
1278 1528 1374 1557 non&

1020 1575 1117 1611 gloria.

1100 1622 1152 1650 SED
1174 1630 1302 1651 comm:
1329 1624 1352 1651 1.
1375 1623 1450 1652 Sicut
1472 1631 1501 1652 se
1523 1623 1607 1652 habet
1629 1624 1730 1653 caritas
1752 1625 1812 1653 viae
1834 1626 2012 1658 adfflucimmnm⁴

1020 1669 1163 1698 caritatem
1180 1669 1303 1706 patriae,
1319 1669 1357 1698 sic
1373 1677 1402 1698 se
1418 1670 1502 1699 habet
1517 1671 1607 1707 gratia
1622 1671 1656 1699 ad
1674 1671 1808 1708 gloriam,
1824 1672 1872 1701 sed

1020 1717 1121 1745 caritas
1143 1716 1204 1745 viae
1226 1725 1281 1745 non
1304 1717 1397 1745 differt
1418 1725 1468 1754 per
1490 1718 1639 1746 essentiam
1661 1727 1677 1746 a
1699 1719 1813 1748 caritate
1828 1728 1873 1757 pa-

1020 1764 1105 1799 triae,
1128 1764 1199 1793 sicut
1221 1764 1295 1793 enim
1318 1764 1422 1793 dicitur
1443 1765 1551 1802 primae
1572 1765 1607 1794 ad
1630 1766 1788 1795 Corinthios
1803 1767 1873 1796 deci-

1021 1820 1066 1840 mo
1081 1812 1163 1840 tertio
1177 1812 1202 1845 5,
1218 1812 1332 1840 carita-s
1347 1821 1502 1850 nunquam
1517 1813 1641 1842 exeam.-
1661 1822 1728 1851 ergo
1750 1815 1809 1851 pari
1832 1824 1872 1844 ra-

1020 1859 1093 1888 tione
1116 1859 1206 1895 gratia
1227 1867 1244 1887 a
1265 1859 1362 1896 gloria.

1100 1907 1125 1934 i).
1148 1906 1232 1939 item,
1254 1906 1383 1935 Christus
1404 1906 1440 1935 ab
1462 1907 1574 1935 instanti
1597 1915 1664 1937 suae
1686 1909 1873 1946 conceptionis

1019 1953 1119 1981 habuit
1140 1953 1256 1990 gloriam
1280 1957 1307 1982 et
1329 1953 1428 1982 habuit
1457 1954 1592 1991 gratiam3
1621 1955 1668 1983 sed
1699 1956 1788 1992 gratia
1810 1956 1872 1991 iila,

1019 2008 1103 2037 quam
1128 2000 1241 2034 habuit.
1264 2000 1316 2029 fuit
1345 2001 1380 2030 ad
1409 2002 1632 2038 cognoscendum
1663 2006 1690 2031 et
1718 2003 1870 2032 amandum

1020 2047 1107 2075 Deum
1126 2064 1163 2067 ——
1182 2047 1275 2076 statim
1299 2048 1372 2076 enim
1395 2056 1459 2077 cum
1483 2052 1633 2086 conceptus
1655 2049 1722 2084 fuit,
1745 2051 1873 2087 cognovit

1018 2098 1045 2123 et
1066 2095 1171 2123 amavit
1193 2095 1348 2132 cognitione
1371 2099 1398 2124 et
1420 2095 1590 2125 dilectioneG
1613 2097 1871 2134 comprehensionis

1018 2143 1157 2179 -igitur
1179 2142 1206 2170 in
1229 2143 1289 2180 ipso
1311 2143 1400 2179 gratia
1421 2151 1475 2171 non
1498 2143 1646 2172 differebat
1667 2152 1683 2172 a
1704 2144 1801 2181 gloria..

1099 2189 1124 2218 3.
1147 2190 1230 2223 Item,
1252 2190 1408 2227 perfectum
1431 2193 1458 2218 et
1481 2190 1673 2227 imperfectum
1691 2199 1744 2219 non
1761 2192 1868 2220 variant

1017 2245 1077 2265 rem
1101 2237 1258 2265 secundum
1281 2237 1429 2265 essentiam
1441 2238 1465 2271 ⁷3
1488 2238 1537 2266 sed
1553 2238 1641 2274 gratia
1656 2238 1722 2267 dicit
1736 2239 1870 2267 assimila-

1017 2283 1121 2312 tionem
1143 2283 1253 2312 animae
1274 2283 1309 2311 ad
1332 2283 1420 2312 Deum
1437 2284 1593 2313 secundum
1616 2288 1718 2313 statum
1742 2285 1870 2322 imperse-

1017 2330 1131 2364 ctionis‚
1161 2330 1249 2367 gloria
1278 2338 1345 2359 vero
1367 2331 1522 2359 secundum
1546 2334 1648 2360 statum
1672 2332 1867 2368 perfectionis:

1016 2385 1083 2414 ergo
1104 2381 1155 2406 etc.

1096 2425 1122 2453 li.
1145 2425 1229 2459 110111,
1251 2428 1300 2453 aut
1322 2425 1407 2462 gloria
1436 2425 1534 2453 restitit
1557 2429 1703 2462 acceptum
1724 2426 1796 2461 Deo,
1819 2431 1869 2456 aut

1015 2480 1082 2500 11011.
1105 2471 1131 2499 Si
1153 2480 1232 2499 non:
1259 2480 1326 2508 ergo
1352 2480 1406 2500 non
1433 2474 1540 2500 tantum
1570 2472 1660 2509 placet
1681 2473 1738 2502 Deo
1759 2474 1868 2511 gloria,

1016 2521 1153 2555 quantum
1180 2518 1289 2555 gratia,
1311 2526 1378 2555 ergo
1399 2526 1449 2547 nec
1471 2522 1560 2548 status
1582 2520 1707 2556 patriae,
1729 2524 1866 2558 quantum

1016 2568 1106 2593 status
1128 2564 1204 2597 viae;
1227 2565 1302 2602 quod
1318 2568 1359 2593 est
1375 2565 1580 2595 inconveniens.
1596 2566 1622 2594 Si
1637 2566 1696 2595 ste:
1719 2575 1785 2604 ergo
1801 2576 1864 2596 cum

1016 2611 1067 2641 iste
1088 2611 1123 2640 sit
1145 2612 1278 2649 proprius
1299 2615 1379 2641 actus
1400 2613 1521 2649 gratiae,
1543 2621 1656 2642 necesse
1678 2617 1731 2649 est,
1747 2615 1863 2652 gloriam

1015 2667 1076 2688 esse
1098 2659 1226 2696 gratiam.

1096 2708 1120 2735 5.
1143 2707 1209 2735 110111
1220 2730 1227 2741 ,
1249 2707 1362 2744 quando
1377 2707 1478 2744 aliquis
1494 2708 1528 2736 de
1543 2708 1633 2745 gratia
1647 2709 1746 2737 transit
1761 2710 1795 2738 ad
1811 2710 1866 2747 glo-

1399 1537 1465 1565 ergo
1487 1529 1580 1558 differt
1606 1537 1656 1567 per
1682 1530 1830 1559 essentiam
1858 1538 1874 1559 a

1077 2842 1086 2856 ὃ
1104 2842 1172 2870 Ε(1(1.,
1191 2845 1285 2870 excepta
1307 2842 1324 2869 l,
1342 2840 1500 2865 delectatione.

1076 2881 1086 2895 ⁷
1103 2880 1147 2903 Csr.
1166 2881 1269 2908 Aristot.‚
1287 2881 1318 2902 111.
1337 2881 1403 2909 Phys.
1422 2884 1473 2904 text.
1492 2881 1513 2904 5.
1532 2881 1564 2910 (c.
1588 2883 1615 2912 l.)
1633 2885 1655 2905 et
1672 2883 1709 2905 Xl.
1728 2884 1825 2912 Metaph.
1844 2890 1863 2907 c.

1014 2920 1035 2942 8,
1050 2920 1087 2945 (X.
1101 2926 1120 2942 c.
1134 2920 1173 2947 9.),
1185 2919 1223 2941 ubi
1236 2919 1301 2947 dicit,
1315 2920 1500 2949 unumquodque
1513 2920 1634 2949 dupliciter
1645 2922 1776 2946 secandum
1788 2930 1864 2953 quan-

1014 2959 1102 2982 titatem
1116 2959 1184 2987 [quae
1196 2959 1307 2986 supponit
1323 2959 1355 2981 rei
1373 2960 1496 2982 essentiam
1508 2960 1616 2988 illamque
1634 2967 1678 2983 non
1696 2962 1777 2990 mutat]
1795 2969 1863 2991 posse

1013 3000 1097 3026 inesse,
1117 2998 1216 3026 perfecte
1234 3000 1255 3020 et
1271 2998 1409 3026 imperfecte.
1428 2997 1472 3020 Csr.
1490 2999 1558 3021 etiam
1575 3006 1644 3028 supra
1663 3007 1716 3029 pag.
1735 3001 1791 3030 358,
1811 3004 1861 3025 nota

1014 3039 1034 3060 2.
1053 3038 1073 3060 in
1092 3037 1144 3059 fine..
