2243 3425
19 496 73 520 Quoad
91 498 127 515 ter-

19 525 41 538 im
57 519 127 538 hierar-

20 543 57 561 iam
66 543 127 566 dupli-

18 600 56 614 iues
69 596 126 621 actio-

17 624 58 637 nem
72 624 126 637 mim<

17 642 116 661 sterialem.

9 1159 51 1180 enes
65 1154 122 1173 vitam

16 1180 43 1196 ἢῦἰ
47 1183 93 1196 Nam
97 1192 100 1195 .

724 180 807 208 DIST.
832 181 871 209 ΙΧ.
896 181 967 209 ΑΒΤ.
990 181 1107 210 UNICUS
1130 182 1265 218 QUAEST.
1287 182 1304 210 Ι.

141 256 261 294 Angelis
281 265 366 293 quam
382 255 565 292 hominihus,
581 261 608 287 et
624 258 705 286 bonis
720 257 886 287 nominihus
902 267 987 296 quam

141 303 353 337 claenzonibus;
384 304 447 333 ideo
478 305 570 341 primo
602 305 831 339 Dominationes,
864 306 987 334 secundo

140 351 314 388 Principatus
335 353 362 379 et
383 351 465 379 tertio
487 351 637 380 potestates
659 355 862 380 enumerantur
887 360 902 380 a
924 352 988 381 Gre-

141 397 218 434 gorio
240 401 267 427 et
287 406 303 426 a
326 398 476 426 Bernardo.

217 444 322 473 Divisio
337 444 420 473 etiam
441 445 542 473 tertiae
563 445 738 474 hierarchiae
760 453 796 474 ex
819 445 924 482 duplic-i
946 453 988 474 ra-

140 491 214 519 tione
234 491 444 529 praeassignata
466 492 604 529 dependet
617 493 632 520 ¹.
655 493 679 521 Si
697 493 770 521 enim
786 493 868 522 tertia
883 493 988 522 hierar-

140 539 202 568 chia
234 542 363 568 sumatur
394 547 480 576 penes
511 539 647 568 actionem
678 539 919 573 ministerialem,
949 540 987 569 sic

138 586 243 623 triplex
265 589 307 615 est
327 586 397 615 ordo
418 586 573 623 angelicus,
595 587 751 615 secundum
774 587 849 624 quod
875 587 988 624 triplici-

139 635 181 661 ter
203 633 335 670 contingit
357 633 485 670 deputari
517 633 553 662 ad
584 633 708 670 regimen
734 633 851 662 alterius
872 634 917 663 vel
940 634 988 662 ini—

135 679 290 708 nisterium.
324 679 444 716 Quidam
476 680 550 708 enim
579 683 645 709 sunt
676 680 771 718 Angeli
803 681 923 710 ordinati
950 682 986 710 ad

136 727 260 764 regimen
279 727 466 763 principum,
493 730 519 755 et
535 727 562 756 hi
578 727 752 764 Principatus
767 731 848 762 sunt;
870 728 985 765 quidam

134 782 201 802 vero
223 774 258 803 ad
281 774 405 811 regimen
426 774 636 808 multitudinis,
658 778 685 803 et
700 775 728 803 hi
751 775 884 804 dicuntur
904 776 986 804 Arch-

134 821 241 858 angeli3
263 821 378 858 quidam
400 822 435 850 ad
457 822 614 851 custodiam
632 830 777 859 personae
801 822 984 860 sinynlaris,

134 871 161 896 et
182 868 211 896 hi
233 868 367 897 dicuntur
395 868 498 905 Angeli.
532 869 562 897 Et
593 869 632 898 sic
663 872 739 906 patet
761 869 844 898 etiam
867 869 936 898 ordo
958 872 985 898 et

134 914 300 944 sufficientia
321 915 435 944 illorum
457 916 603 950 ordinum,
625 916 690 953 quia
718 916 783 953 plns
809 919 850 945 est
882 916 984 953 praesi-

134 963 201 993 dere
230 963 364 1000 principi
394 971 480 1000 quam
511 963 566 991 nni
594 963 715 1001 qemi&
746 964 877 1001 princeps
908 964 981 992 enim

133 1014 244 1048 praeest
263 1011 313 1040 toti
328 1011 418 1048 genti3
433 1014 460 1039 et
474 1011 539 1048 plus
561 1014 603 1040 est
617 1011 746 1048 deputari
769 1011 804 1040 ad
826 1011 983 1040 custodiam

133 1057 332 1086 multitudinis
354 1066 438 1095 quam
461 1058 496 1086 ad
519 1059 674 1087 custodiam
688 1066 832 1095 personae
853 1058 983 1096 singyidct-

133 1105 185 1133 ris.
210 1106 240 1134 Et
262 1113 312 1142 per
333 1105 417 1134 istum
440 1105 556 1134 modum
579 1105 725 1142 distinguit
746 1108 772 1134 et
790 1105 902 1134 ordinat
923 1105 984 1133 Dio-

135 1152 239 1189 nysius.
262 1169 301 1172 —
322 1153 347 1180 Si
371 1160 437 1181 vero
458 1153 612 1189 accipiatur
634 1160 718 1189 penes
733 1153 922 1189 operationem
946 1153 982 1180 vi-

134 1203 178 1229 tae
200 1200 326 1233 (tonnae,
350 1200 387 1229 sic
410 1199 492 1228 etiam
522 1199 625 1236 triplex
648 1202 689 1228 est
717 1199 802 1233 ordo,
825 1199 980 1228 secundum

134 1247 208 1284 quod
230 1247 334 1284 triplex
357 1250 398 1275 est
412 1246 612 1275 ministeriumt
635 1250 683 1274 aut
704 1246 777 1275 enim
795 1246 980 1275 ministerium

133 1294 258 1323 consistit
278 1294 306 1322 in
326 1294 494 1330 operando,
516 1297 566 1322 aut
588 1294 615 1321 in
638 1293 781 1327 docendo,
804 1293 852 1322 et³
876 1293 903 1322 in
935 1294 981 1322 do-

133 1342 220 1371 cendo
241 1344 290 1370 aut
310 1341 445 1374 maiora,
468 1344 516 1369 aut
539 1341 664 1369 minora.
682 1341 805 1369 Primum
828 1344 869 1369 est
892 1341 981 1369 Virtu-

132 1392 208 1419 tum.
230 1388 385 1417 secundum
409 1387 646 1424 Archangelorum
668 1390 695 1415 et
721 1387 835 1415 tertium
867 1387 980 1424 Angelo-

131 1444 203 1464 rum.
221 1436 251 1464 Et
266 1438 341 1472 patet
356 1435 433 1465 ordo,
449 1435 515 1471 quia
530 1434 594 1471 plus
609 1437 651 1462 est
665 1432 764 1470 facere
779 1442 863 1471 quam
880 1434 980 1462 [locere

131 1483 189 1511 sive
211 1483 316 1514 (licere,
335 1485 362 1510 et
383 1482 509 1510 revelare
525 1481 644 1509 vmaiora
659 1481 751 1509 maius
772 1484 813 1509 est
832 1489 916 1518 quam
940 1489 980 1509 re-

132 1529 224 1558 velare
259 1529 387 1557 minoret.
428 1529 458 1557 lit
499 1536 583 1566 penes
616 1528 691 1557 hunc
728 1528 843 1557 modum
880 1528 980 1557 sumsit

1841 187 1893 215 941

1046 259 1253 288 distinctionem
1283 261 1381 289 tertiae
1407 261 1581 290 hierarchiae
1607 262 1758 299 Gregorius
1783 268 1810 292 et
1834 264 1896 293 Ber-

1048 306 1162 335 nardus.

1125 354 1165 381 Ex
1189 354 1232 382 his
1254 358 1370 391 apparet
1393 355 1463 383 ratio
1485 355 1587 384 harum
1620 356 1816 391 divisionum,
1848 366 1894 396 ap·
1909 366 2026 386 Dissentiunt

1045 403 1126 436 paret
1146 399 1229 428 etiam
1253 401 1451 430 diversificatio
1483 402 1554 431 inter
1581 402 1744 440 Gregorium
1778 407 1804 433 et
1835 405 1895 433 Dio·
1908 390 1985 437 ῧῖἕὲζῗὲἷ
2008 393 2026 409 ²*

1045 447 1165 483 nysium.
1189 448 1259 484 Quia
1281 449 1354 477 enim
1381 448 1570 478 diversimode
1602 450 1807 480 distinctionem
1841 451 1895 480 liic-

1045 492 1243 522 rcircltictrmn
1265 496 1530 531 consideraverunt,
1553 497 1614 526 ideo
1636 501 1663 526 et
1686 498 1836 528 divisiones
1851 508 1895 527 or-

1045 540 1149 568 dimini
1171 541 1199 569 in
1220 541 1288 577 ipsis
1303 542 1491 571 diversimode
1513 544 1737 581 assignaverunt.

1124 588 1178 616 Sed
1200 596 1262 617 cum
1299 592 1450 626 utrumque
1483 590 1583 619 horum
1616 592 1701 620 simul
1732 600 1787 621 non
1808 593 1896 630 possit

1045 641 1106 663 esse
1127 642 1243 669 verum,
1265 635 1370 664 scilicet
1391 637 1466 673 quod
1488 637 1662 674 Principatus
1688 639 1722 668 sit
1745 640 1779 668 de
1801 641 1893 669 media

1045 682 1204 710 hierarchia
1225 685 1251 710 et
1273 682 1384 717 infima,
1400 686 1427 711 et
1442 684 1569 713 similiter
1592 685 1728 721 Virtutes,
1751 687 1817 724 quin
1833 696 1895 716 con—

1043 728 1199 757 fundantur
1231 729 1405 758 hierarchiae
1427 733 1454 759 et
1485 731 1614 766 ordines,
1636 734 1799 769 quaeritur,
1821 735 1889 771 quid
1914 741 2023 768 Praefertur
2043 729 2047 732 ’

1044 775 1162 804 istorum
1185 776 1219 805 sit
1241 777 1348 811 verius,
1371 780 1397 806 et
1419 778 1464 806 cui
1486 779 1574 815 magis
1597 779 1772 809 innitendum
1795 781 1837 810 sit.
1862 765 2023 811 Et¹=³1ov⁵s¹itis⁰⁰¹⁰'

1043 823 1194 852 dicendum
1216 824 1251 851 ad
1273 823 1341 858 hoc,
1364 825 1438 862 quod
1461 826 1550 862 magis
1565 826 1741 855 innitendum
1763 833 1805 857 est
1819 829 1892 858 dicto

1042 870 1181 907 Dionysii,
1210 873 1270 899 tum
1302 871 1368 908 quia
1399 872 1458 909 ipse
1493 873 1605 907 didicit,
1637 874 1709 903 sicut
1737 874 1855 910 dicitur,
1876 884 1893 904 a

1043 917 1144 952 Paulo,
1170 920 1197 946 et
1218 918 1256 946 ita
1279 918 1410 952 tradidit,
1432 919 1504 948 sicut
1525 920 1647 954 audivit;
1664 924 1723 949 tuni
1746 922 1812 958 quia
1826 922 1890 951 Gre-

1042 963 1156 1000 gorius·1
1179 964 1205 992 in
1228 964 1467 994 confirmationem
1491 973 1588 994 eorum
1611 974 1683 1003 quae
1706 967 1741 996 de
1762 967 1814 996 hac
1836 976 1890 996 ma-

1040 1011 1111 1040 teria
1132 1012 1212 1046 dicit,
1244 1012 1333 1049 ipsius
1357 1012 1552 1041 auctoritatem
1578 1013 1702 1048 inducit3
1724 1017 1785 1042 tum
1807 1015 1890 1043 etiam

1040 1059 1121 1096 quia,
1144 1059 1215 1088 sicut
1236 1067 1272 1087 ex
1295 1059 1444 1095 praedictis
1466 1063 1557 1096 patet,
1575 1060 1721 1097 Dionysius
1743 1061 1892 1090 distinctio-

1040 1114 1103 1134 nem
1126 1106 1351 1135 hierarchiarum
1367 1107 1467 1136 sumsit
1482 1115 1567 1143 penes
1588 1116 1620 1135 ea
1640 1116 1711 1144 quae
1733 1112 1798 1137 sunt
1823 1109 1891 1146 ipsis

1039 1153 1171 1189 angelicis
1193 1153 1338 1189 spiritibus
1360 1153 1521 1181 intrinseca
1536 1157 1563 1182 et
1578 1154 1764 1188 excentrica,-
1786 1158 1812 1183 et
1828 1155 1890 1184 ideo

1040 1200 1078 1229 sic
1100 1200 1212 1228 ordines
1234 1200 1377 1231 distinxit,
1403 1201 1475 1229 sicut
1500 1201 1603 1230 hahent
1628 1201 1756 1230 collocari
1784 1202 1808 1230 in
1832 1210 1890 1231 cae-

1039 1247 1080 1275 lis.
1103 1247 1254 1284 Gregorius
1280 1255 1346 1275 vero
1371 1247 1435 1284 plus
1460 1248 1587 1284 pensavit
1613 1257 1703 1285 opera
1727 1252 1754 1277 et
1776 1249 1889 1287 officiam

1038 1297 1065 1322 et
1087 1294 1149 1323 ideo
1171 1294 1210 1323 sic
1232 1294 1374 1327 distinxit,
1390 1295 1545 1323 secundum
1562 1296 1637 1332 qnod
1653 1296 1717 1332 plus
1738 1299 1829 1333 potest
1844 1304 1888 1325 va-

1039 1340 1095 1369 lere
1110 1341 1144 1368 ad
1161 1340 1347 1369 eruditionem
1366 1344 1496 1369 nostram.
1514 1341 1567 1370 Nec
1582 1350 1657 1370 unus
1672 1343 1837 1372 contradicit
1851 1343 1887 1371 al-

1039 1388 1088 1416 teri
1108 1396 1159 1416 nec
1174 1388 1293 1416 verbum
1313 1388 1430 1417 alterius
1445 1392 1592 1423 retraetat;
1608 1389 1656 1418 sed
1672 1389 1758 1418 alium
1771 1390 1887 1419 modum

1038 1435 1226 1471 distinguendi
1249 1435 1384 1471 assignat,
1401 1439 1458 1464 tum
1475 1440 1589 1472 propter
1612 1436 1803 1465 diversitatem
1826 1446 1887 1465 con-

1038 1482 1214 1511 siderationis
1236 1482 1263 1510 in
1283 1482 1450 1519 principio,
1475 1487 1533 1511 tum
1556 1476 1670 1520 propter
1693 1484 1885 1513 diversitatem

1037 1529 1267 1557 considerationis
1290 1529 1315 1557 in
1338 1528 1402 1565 sine.

783 1615 802 1642 T
807 1614 968 1643 RACTATIO
990 1614 1232 1651 QUAESTIONUM.

208 1702 247 1731 §.d
270 1701 478 1738 intelligentiam
502 1701 710 1738 praedictorum
737 1704 763 1729 et
785 1709 882 1729 eorum
906 1709 978 1738 quae

128 1749 257 1786 Magister
279 1749 345 1778 dicit
367 1749 394 1777 in
417 1749 524 1781 littera,
547 1751 577 1776 ut
600 1748 644 1776 via
665 1748 826 1785 inquisitiva
848 1748 979 1784 proceda-

129 1805 207 1831 mus,
230 1797 303 1826 circa
324 1796 437 1825 ordines
459 1795 626 1832 Angelorum
649 1799 826 1832 quaeruntur
848 1803 956 1824 novem.

208 1844 298 1872 Primo
320 1843 465 1880 quaeritur
487 1843 521 1871 de
543 1842 690 1871 ordinibus
713 1842 740 1870 in
769 1842 976 1879 comparatione

127 1892 163 1920 ad
185 1894 314 1919 naturam
337 1890 516 1919 substratam.

207 1937 333 1967 Secundo
363 1937 388 1965 in
422 1937 629 1973 comparatione
657 1936 692 1964 ad
721 1944 834 1964 causam
858 1936 976 1973 comple-

126 1987 221 2015 tivam.

205 2032 297 2061 Tertio
319 2032 346 2060 in
368 2031 575 2068 comparatione
596 2031 631 2059 ad
664 2030 871 2067 dispositionem
899 2038 976 2067 prae-

1727 1678 1739 1688 ›

1035 1701 1188 1729 amhnlam.

1115 1749 1220 1784 Quarto
1242 1748 1387 1785 quaeritur
1410 1752 1545 1785 quantum
1567 1749 1600 1777 ad
1624 1750 1849 1779 nominationem.

1115 1795 1215 1831 Quinto
1237 1799 1375 1832 quantum
1397 1796 1432 1823 ad
1455 1796 1669 1832 reparationem.

1113 1842 1197 1871 Sexto
1219 1846 1355 1880 quantum
1378 1843 1413 1871 ad
1436 1843 1855 1879 praelationisevacuationem.

1113 1890 1235 1926 Septimo
1257 1893 1393 1926 qnantum
1416 1889 1451 1918 ad
1474 1898 1635 1918 numerum.

1113 1936 1216 1965 Octavo
1238 1937 1384 1974 [macritur
1407 1937 1432 1964 in
1455 1937 1661 1974 comparatione
1683 1938 1717 1966 ad
1740 1946 1823 1966 suum
1839 1947 1884 1976 op-

1032 1984 1164 2021 positum.

1111 2031 1186 2059 Nono
1208 2035 1234 2060 et
1257 2031 1355 2060 ultimo
1377 2031 1403 2059 in
1426 2031 1631 2068 comparatione
1647 2032 1682 2059 ad
1698 2032 1881 2069 disparatum.

793 2128 1028 2162 ARTICULUs
1048 2129 1208 2162 UNICUS.

754 2234 817 2262 'Dc
849 2234 1003 2262 ordinibus
1036 2234 1224 2271 Anyclornni.

902 2319 1065 2356 Qusxsssrio
1087 2320 1105 2348 1.

340 2408 443 2436 Utrum
465 2407 571 2444 :lnqeli
591 2406 777 2435 (diversorium
798 2406 938 2434 ordiiinin
960 2406 1020 2434 sint
1042 2406 1232 2434 diversarum
1253 2406 1415 2442 specierum
1436 2414 1490 2442 pei*
1514 2410 1664 2434 naturum.

204 2506 293 2535 Primo
316 2506 400 2542 igitur
421 2509 462 2534 est
484 2505 608 2542 quaestio
631 2504 664 2532 de
686 2504 832 2532 ordinibus
861 2503 972 2540 ⁴xngelo-

123 2562 187 2582 rum
210 2554 237 2581 in
259 2553 465 2590 comparatione
480 2553 514 2580 ad
532 2555 660 2580 naturam
683 2551 867 2584 substratam,
889 2554 914 2578 et
930 2553 971 2578 est

124 2600 257 2637 quaestio,
280 2604 377 2628 utrum
399 2599 492 2636 ,tngeh
516 2599 692 2627 ‹tliversoruin
711 2598 846 2626 ordinum
865 2597 917 2625 sint
933 2596 971 2625 di-

124 2655 271 2675 versarum
294 2647 451 2682 specierum
474 2654 523 2682 per
545 2648 683 2674 naturam.
707 2645 737 2673 Et
759 2644 832 2681 quod
857 2644 911 2676 sic,
934 2643 970 2671 vi-

123 2694 214 2722 detur.

1113 2504 1134 2530 Ι.
1157 2503 1347 2539 Multiplicatio
1379 2503 1546 2540 Angelorum
1575 2504 1696 2532 maxime
1719 2504 1876 2533 manifestat
1889 2517 1918 2535 ,xci
1931 2517 2005 2541 opposi-

1028 2550 1150 2577 divinam
1185 2550 1334 2586 potentiim
1363 2553 1390 2578 et
1419 2550 1580 2586 sapientiam
1611 2555 1637 2579 et
1660 2551 1826 2582 ljioiiitatein,
1848 2555 1875 2580 et
1924 2543 1969 2559 ”¹¹⁰⁴

1029 2597 1116 2624 maior
1138 2596 1333 2633 multiplicatio
1365 2597 1400 2625 ad
1432 2597 1567 2625 maiorem
1594 2601 1699 2634 spectat
1722 2598 1876 2627 manifesta-

1029 2643 1146 2677 tioneing
1168 2643 1216 2671 sed
1239 2643 1327 2671 maior
1349 2647 1390 2672 est
1413 2644 1614 2680 multiplicatio,
1630 2652 1702 2681 quae
1717 2648 1759 2673 est
1780 2653 1876 2673 secun-

1027 2690 1094 2717 dum
1118 2697 1268 2718 numerum
1301 2693 1328 2718 et
1359 2690 1496 2727 speciem,
1518 2698 1602 2727 <piam
1625 2698 1696 2728 quae
1718 2695 1760 2720 est
1782 2692 1873 2720 solnm

186 2825 192 2839 ¹
212 2825 251 2847 Ed.
274 2825 278 2846 1
292 2843 296 2853 ,
314 2825 398 2847 omissa
411 2825 521 2852 particula
534 2830 580 2851 cce,
594 2823 711 2846 substituit
727 2823 869 2852 deprehendi
886 2824 966 2853 polest.

186 2864 195 2878 ‘²
212 2864 266 2887 Cod.
286 2870 311 2886 aa
330 2870 402 2893 qusint
420 2863 573 2886 multitudini.
765 2862 775 2877 3
791 2862 862 2885 Codri,
881 2863 895 2884 F
906 2863 923 2884 H
941 2862 967 2885 si.

186 2902 194 2916 ⁴
212 2903 321 2930 (Ji-egon,
340 2903 361 2924 in
380 2902 466 2929 Evang.
485 2902 546 2923 nom.
560 2901 596 2923 34,
609 2908 630 2923 n.
653 2901 700 2923 112.
715 2901 735 2922 ln
750 2901 826 2923 medio
838 2907 896 2922 aevo
918 2901 967 2923 libri

121 2941 164 2964 sub
182 2942 274 2963 nomine
292 2941 392 2968 Dionysii
410 2941 497 2968 vulgati
516 2939 698 2962 attribuebantur
721 2941 742 2962 S.
770 2940 876 2968 Dionysio
900 2941 966 2962 Areo-

122 2981 225 3008 pagitae,
245 2980 356 3007 discipulo
373 2980 395 3002 S,
414 2980 486 3003 Pauli:
505 2979 567 3007 quod
585 2980 633 3007 ipse
656 2982 735 3001 auctor
757 2979 842 3006 pluries
864 2985 966 3001 asserere

247 3030 271 3053 S.
289 3031 377 3053 Bonae.
394 3042 426 3046 —
443 3030 509 3052 Tem.
530 3030 552 3051 lt.

1026 2823 1124 2845 videtur.
1150 2823 1195 2845 sed
1221 2829 1282 2845 nnnc
1307 2822 1337 2845 ol)
1361 2824 1510 2851 gravissimas
1532 2824 1630 2845 rationes
1652 2823 1698 2845 sere
1722 2824 1874 2846 communiter

1025 2865 1120 2889 tenetur,
1139 2857 1255 2883 auctorem
1273 2868 1353 2883 eorum
1372 2868 1422 2883 csse
1440 2863 1517 2884 aetatis
1531 2862 1602 2883 inulto
1616 2863 1755 2889 posterioris.
1768 2862 1875 2884 Defendi-

1025 2904 1060 2923 tnr
1073 2904 1148 2923 nutem
1163 2908 1173 2922 a
1187 2901 1214 2923 cl.
1228 2901 1304 2929 ilipler
1316 2902 1337 2923 in
1351 2901 1417 2923 docto
1430 2901 1487 2923 libro
1501 2908 1511 2923 a
1525 2908 1534 2922 x
1544 2902 1617 2929 migma
1631 2902 1775 2923 :recusatione
1787 2901 1874 2924 fraudis

1023 2944 1043 2962 vt
1062 2941 1187 2963 haereticae
1206 2941 1321 2963 doctrinae
1340 2941 1388 2963 (eir.
1408 2941 1488 2968 Alzog,
1512 2941 1529 2962 11
1539 2941 1640 2963 indonet]
1665 2941 1706 2963 der
1728 2941 1872 2969 Patrologie,

1023 2979 1059 3000 ed.
1079 2979 1099 3001 3.
1119 2986 1171 3007 pag.
1190 2978 1234 3000 >ii-3
1253 2984 1334 3008 setim).

1717 3030 1740 3052 31
