2243 3425
210 852 273 871 Gratia
292 852 338 870 assi-

221 876 296 902 milatur
311 876 337 893 lu-

222 905 274 917 mini.

224 1555 336 1574 Notandum.

226 2023 296 2050 Solutio
310 2029 342 2047 np-

226 2049 336 2070 positorum.

355 210 410 238 636
1041 205 1294 234 SENTENTIARUM
1314 205 1375 234 LIB.
1398 205 1426 233 11.

354 288 420 324 0010
444 287 498 315 sint
519 286 553 314 ab
568 286 661 322 aliquo
677 285 748 313 sicut
763 283 911 322 efficiente,
927 286 954 311 et
968 283 1004 311 ab
1019 282 1114 319 aliquo
1129 282 1201 311 sicut

355 332 541 370 informante.
564 331 709 368 Quomodo
730 331 803 359 enim
819 333 898 359 actus
917 337 1002 358 verus
1029 328 1201 357 reformatio-

354 379 417 408 nis¹
440 382 467 408 et
487 378 679 407 vivificationis
705 377 758 406 erit
784 377 811 404 in
837 376 945 410 anima.
972 376 1025 404 nisi
1051 375 1086 404 sit
1107 375 1201 412 aliqua

354 426 443 454 forma
464 425 621 461 complens,
643 432 659 452 a
681 431 736 460 qua
757 423 851 451 anima
872 422 1064 450 informetur?
1086 422 1117 450 Et
1138 422 1200 450 ideo

353 472 506 501 secundum
529 471 600 499 hanc
620 470 784 506 positionem
811 472 991 506 comparatur
1012 469 1072 506 ipsa
1097 469 1202 506 pratia

353 522 453 547 ereata
475 517 635 546 influentiae
657 516 785 550 luminis,
809 519 836 544 et
848 515 1033 553 principiam
1048 516 1108 544 eius
1130 523 1201 544 com-

352 568 468 602 paratur
490 564 548 593 soli.
571 563 647 592 Unde
678 566 705 592 et
726 562 890 600 Scriptura²
916 566 996 591 vocat
1021 563 1110 592 Deum
1143 563 1201 592 sive

353 612 494 640 Christum
515 611 602 638 solem
625 609 775 643 iustitiae,
802 610 886 647 quia,
913 609 985 638 sicut
1006 610 1041 638 ab
1062 610 1115 639 isto
1143 610 1200 639 sole

351 657 486 686 materiali
510 657 600 686 inssuit
621 657 717 685 lumen
739 656 885 693 corporale
906 657 933 685 in
955 658 1036 692 aera,
1058 665 1109 694 per
1124 657 1200 694 quod

350 706 398 734 aer
420 704 575 733 formaliter
590 704 785 737 illuminatur;
808 704 846 733 sic
868 712 884 732 a
905 703 962 732 sole
984 703 1136 741 spirituali,
1152 704 1200 740 qui

350 753 425 781 Deus
446 754 502 785 est.
525 751 616 780 influit
638 751 731 779 lumen
755 751 900 787 spirituale
916 751 943 779 iu
959 751 1097 785 animam,
1113 759 1129 779 a
1144 759 1200 788 quo

349 800 442 828 anima
463 799 616 827 formaliter
639 798 814 827 illuminatur
829 802 856 827 et
871 798 1041 827 reformatur
1056 801 1082 827 et
1097 798 1200 835 gratifi-

352 849 431 875 catur
446 848 473 874 et
487 845 653 874 vivificatur.
676 845 753 873 Unde
775 845 846 873 inter
865 845 958 873 omnia
974 844 1130 881 corporalia
1145 853 1200 873 ma-

350 893 426 921 xime
448 892 618 921 assimilatur
640 891 745 928 gratiae
761 890 808 919 Dei
826 891 939 919 luminis
956 891 1106 919 influentia.
1124 891 1200 920 Sicut

350 940 422 968 enim
439 940 507 968 haec
521 942 563 967 est
577 938 715 976 quaedam
732 937 888 972 influentia,
905 946 977 975 quae
992 938 1127 967 assimilat
1143 946 1200 967 cor-

351 995 420 1024 pora
441 987 532 1023 ipsum
559 985 737 1022 suscipientia
758 985 811 1022 ipsi
832 985 899 1014 fonti
922 985 1036 1014 luminis
1061 989 1198 1022 quantum

351 1034 385 1062 ad
408 1033 622 1070 proprietatem3
645 1032 683 1061 sic
705 1032 795 1069 gratia
816 1035 857 1061 est
872 1032 1027 1069 spiritualis
1042 1031 1199 1067 influentia,

351 1088 422 1118 quae
435 1080 444 1093 ³
467 1083 573 1108 mentes
588 1079 738 1108 rationales
759 1079 826 1107 fonti
849 1079 919 1107 lucis
941 1078 1076 1107 assimilat
1097 1082 1124 1107 et
1139 1087 1200 1107 con-

351 1128 459 1156 format.
482 1127 551 1155 Haec
573 1129 667 1155 autem
689 1125 834 1154 influentia
855 1129 930 1154 recte
953 1126 1055 1154 dicitur
1074 1126 1198 1163 pratia,

350 1178 410 1203 tum
432 1174 498 1211 quia
519 1174 602 1202 datur
623 1181 660 1202 ex
683 1181 760 1201 mera
778 1173 960 1207 liberalitate,
983 1173 1061 1201 nulla
1082 1176 1200 1202 naturae

351 1224 464 1259 cogente
486 1221 649 1250 necessitate
665 1237 703 1241 —
718 1228 773 1248 nou
789 1220 863 1249 enim
885 1220 975 1248 oritur
998 1228 1034 1249 ex
1055 1220 1199 1257 principiis

350 1269 476 1302 subiecti,
491 1276 541 1296 nec
560 1276 574 1296 a
598 1268 654 1296 Deo
673 1268 732 1296 exit
747 1267 781 1296 de
797 1267 976 1299 necessitate,
991 1267 1039 1296 sed
1056 1275 1107 1296 sua
1122 1275 1200 1296 mera

350 1315 519 1352 benignitate
533 1332 571 1335 ——
586 1318 646 1343 tum
668 1315 767 1348 etiam,
791 1315 856 1352 quia
871 1318 981 1351 gratum
999 1314 1063 1343 facit
1078 1331 1116 1334 —-
1131 1314 1199 1343 dum

350 1363 423 1391 enim
450 1362 590 1390 hominem
616 1362 672 1391 Deo
698 1362 853 1390 conformat
878 1364 905 1390 et
930 1361 1081 1396 assimilat,
1107 1361 1200 1390 reddit

350 1409 443 1446 ipsum
465 1409 521 1438 Deo
541 1409 663 1437 amicum
685 1412 712 1437 et
733 1409 798 1437 facit
812 1409 869 1437 Deo
884 1416 945 1437 esse
967 1409 1101 1446 placitum
1117 1412 1145 1437 et
1159 1416 1201 1437 ac-

351 1460 463 1494 ceptum
485 1473 517 1477 —
533 1459 592 1484 tum
614 1456 712 1490 etiam,
728 1456 794 1493 quia
814 1455 886 1489 facit,
906 1455 1047 1484 hominem
1063 1455 1150 1493 gratis
1165 1455 1201 1484 fa-

351 1512 413 1533 cere
434 1512 466 1532 ea
487 1511 559 1540 quae
580 1503 651 1531 facit.
674 1503 793 1531 Affectus
818 1503 893 1532 enim
919 1503 1040 1531 hominis
1062 1510 1200 1531 recurvus

351 1555 393 1581 est
407 1555 434 1581 et
449 1551 649 1585 mercenarius,
665 1553 802 1587 quantum
817 1554 859 1579 est
874 1550 908 1579 de
924 1558 953 1579 se
965 1550 989 1584 ⁴;
1005 1550 1079 1579 unde
1095 1550 1117 1578 si
1132 1550 1201 1587 quid

352 1599 430 1633 facit,
460 1597 629 1627 intendendo
657 1597 803 1634 proprium
833 1597 1012 1626 commodum
1042 1597 1122 1631 facit3
1151 1596 1200 1625 sed

353 1653 416 1675 cum
438 1645 533 1673 divina
559 1645 648 1681 gratia
674 1644 853 1681 supervenit⁷
880 1644 919 1673 sic
941 1644 1081 1672 hominem
1111 1646 1201 1672 totum

353 1696 464 1730 gratum
485 1692 565 1725 facit,
587 1695 618 1720 ut
640 1691 698 1720 sive
719 1692 753 1719 ad
776 1691 925 1720 utilitatem
947 1691 1070 1728 proximi
1092 1690 1151 1719 sive
1165 1690 1201 1719 ad

354 1739 487 1767 honorem
510 1738 557 1767 Dei
574 1738 640 1766 velit
655 1741 744 1766 totum
760 1738 846 1774 gratis
859 1737 867 1750 ⁵
884 1738 1054 1774 impendere.
1066 1754 1105 1757 —
1118 1737 1148 1765 Et
1163 1737 1201 1765 sic

353 1789 443 1823 patet,
465 1785 539 1822 quod
562 1785 624 1813 talis
640 1784 784 1813 influentia
799 1785 881 1813 valde
896 1784 1098 1813 rationabiliter
1113 1785 1202 1821 gratia

354 1835 541 1869 nuncupatur.
564 1832 637 1860 Hanc
658 1831 743 1868 igitur
769 1831 933 1868 positionem
961 1831 1124 1860 sustinendo
1146 1835 1203 1859 tan-

354 1887 438 1916 quam
461 1879 631 1908 securiorem
654 1881 681 1907 et
707 1878 959 1911 rationabiliorem,
986 1878 1021 1907 ad
1046 1877 1153 1907 obiecta
1174 1878 1201 1906 in

355 1926 526 1955 contrarium
549 1925 628 1954 facile
649 1929 691 1954 est
712 1925 891 1962 respondere.

436 1974 458 2000 1.
481 1972 552 2001 lllud
573 1972 646 2001 enim
668 1972 743 2009 quod
759 1972 825 2001 dicit
843 1972 995 2009 Didymus,
1017 1971 1201 2001 substantiam

355 2020 492 2048 donorum
515 2019 562 2047 Dei
582 2026 643 2048 esse
658 2019 791 2056 Spiritum
807 2022 950 2053 sanctum,
966 2022 993 2048 et
1008 2019 1029 2048 si
1046 2026 1117 2056 quae
1133 2018 1203 2047 aliae

354 2067 532 2095 auctoritates
555 2066 751 2100 inveniuntur,
774 2066 971 2103 intelligendae
990 2069 1056 2094 sunt
1067 2074 1121 2102 per
1136 2074 1204 2093 caat-

1257 291 1324 311 sam
1344 286 1371 311 et
1392 283 1683 320 appropriationem,
1706 285 1772 321 quia
1793 285 1912 322 Spiritus
1933 288 2047 314 sanctus
2068 289 2109 314 est

1258 329 1380 364 donum,
1402 330 1429 358 in
1451 338 1508 367 quo
1528 331 1621 359 omnia
1636 331 1690 359 alia
1706 331 1778 359 dona
1793 331 1948 365 donantur,
1963 335 1990 360 et
2005 332 2053 369 qui
2068 335 2110 361 est

1258 375 1319 404 fons
1341 376 1467 405 omnium
1490 377 1666 412 donorum⁶;
1687 386 1741 406 non
1763 381 1857 407 autem
1879 378 2043 407 excluditur
2064 379 2110 407 do-

1258 430 1327 451 num
1349 426 1474 452 creatum
1496 431 1547 460 per
1572 423 1643 453 illud
1669 424 1797 453 verbum.
1824 425 1900 454 Sicut
1926 425 2016 459 enim,
2043 433 2107 455 cum
2120 417 2225 455 Exempludff

1260 469 1323 506 quis
1345 472 1419 498 tenet
1434 478 1539 507 equum
1556 478 1606 508 per
1621 471 1733 500 frenum
1743 494 1750 506 ‚
1765 471 1868 500 dicitur
1884 475 1979 501 tenere
1994 480 2109 509 equum,

1258 523 1309 545 nec
1325 516 1364 545 sic
1379 517 1541 546 excluditur
1558 518 1642 546 tentio
1656 518 1744 552 freni,
1766 519 1832 555 quia
1853 518 1973 547 tenendo
1997 519 2109 548 frenum

1258 565 1333 591 tenet
1354 571 1477 600 equum:
1501 564 1555 599 sic,
1578 572 1642 593 cum
1665 564 1785 601 Spiritus
1800 569 1913 594 sanctus
1928 565 2031 594 dicitur
2047 566 2110 595 sub-

1258 610 1358 639 stantia
1385 611 1540 646 donorum,
1566 620 1622 640 non
1648 612 1813 641 excluditur
1835 613 1940 641 donum
1962 615 2108 647 creatum,

1257 657 1344 685 immo
1366 657 1528 687 includitur.
1556 658 1613 687 Non
1641 659 1713 688 enim
1740 659 1776 687 ob
1801 659 1879 688 aliud
1905 659 2008 688 dicitur
2029 660 2109 689 nobis

1257 704 1319 733 dari
1341 704 1461 741 Spiritus
1483 709 1596 734 sanctus
1618 706 1670 735 nisi
1693 714 1729 735 ex
1744 714 1791 741 eo.
1808 707 1883 743 quod
1906 707 1944 735 sic
1966 707 2049 735 estin
2064 715 2110 736 no-

1257 751 1299 780 bis
1314 759 1330 779 a
1345 751 1416 785 Deo,
1440 755 1471 780 ut
1492 752 1630 780 habeatur
1645 760 1661 781 a
1677 753 1764 781 nobis.
1780 753 1857 782 Tunc
1871 757 1965 782 autem
1989 754 2109 783 habetur

1256 805 1273 825 a
1293 797 1387 830 nobis.
1410 798 1523 835 quando
1539 798 1666 827 habitum
1681 799 1835 834 habemus,
1851 808 1906 836 quo
1920 800 2062 836 possimus
2077 808 2109 829 eo

1256 844 1328 877 frui;
1350 848 1377 873 et
1399 845 1451 874 hoc
1472 848 1514 874 est
1536 845 1641 873 donum
1664 846 1769 882 gratiae
1784 849 1918 875 creatum.
1936 847 1966 875 Et
1981 847 2020 876 sic
2034 850 2110 884 patet

1257 891 1402 928 responsio
1424 892 1459 920 ad
1482 891 1558 920 illam
1580 892 1774 921 auctoritatem
1797 896 1824 922 et
1845 893 1880 922 ad
1902 894 2067 923 consimiles.

1337 940 1354 966 ⁹2
1370 955 1408 959 —-
1428 940 1470 967 10.
1494 939 1533 967 Ad
1556 939 1626 968 illud
1649 947 1716 968 vero
1738 940 1813 977 quod
1835 940 1966 969 obiicitur
1988 941 2022 970 de
2044 944 2110 971 actu

1257 985 1316 1014 sive
1338 985 1439 1014 effectu
1461 985 1657 1020 recreationis,
1683 986 1757 1023 quod
1779 989 1821 1015 est
1848 995 1865 1015 a
1886 987 1945 1016 solo
1970 987 2043 1022 De0;
2071 988 2110 1017 di-

1257 1032 1394 1067 cendum,
1410 1032 1485 1070 quod
1500 1040 1601 1061 verum
1616 1036 1673 1067 est,
1689 1033 1764 1070 quod
1786 1036 1828 1062 est
1849 1041 1865 1062 a
1886 1033 1944 1062 solo
1966 1034 2023 1063 Deo
2038 1035 2109 1064 sicut

1257 1088 1273 1108 a
1287 1079 1425 1116 principio
1440 1078 1581 1116 effectivo,-
1597 1079 1780 1108 nihilominus
1795 1083 1901 1115 tamen,
1917 1081 1983 1118 quia
1997 1090 2110 1110 recrea-

1258 1125 1295 1154 tz'o
1318 1129 1359 1154 est
1375 1126 1413 1154 rei
1430 1126 1485 1154 iam
1507 1125 1668 1161 existentis,
1687 1134 1738 1163 per
1759 1127 1882 1164 aliquam
1899 1128 2109 1165 dispositionem

1256 1176 1337 1201 natae
1347 1173 1356 1188 ⁷
1369 1173 1515 1202 reformari
1527 1173 1649 1202 —idem
1672 1174 1747 1202 enim
1762 1177 1803 1203 est
1818 1175 1961 1204 recreatio
1977 1179 2004 1204 et
2017 1174 2110 1213 refor-

1256 1220 1395 1248 1001ῑό-
1406 1223 1433 1249 et
1448 1223 1597 1257 propterea
1613 1229 1666 1249 non
1685 1223 1794 1249 tantum
1810 1222 1924 1258 respicit
1938 1222 2109 1259 principium

1257 1265 1433 1304 effectivam,
1449 1267 1498 1296 sed
1514 1267 1596 1295 etiam
1613 1267 1781 1304 principium
1799 1267 2036 1304 informativam.
2050 1269 2109 1298 Non

1257 1314 1296 1343 sic
1311 1317 1352 1342 est
1368 1314 1403 1342 de
1418 1314 1573 1348 creatione,
1589 1322 1661 1351 quae
1683 1315 1848 1352 simpliciter
1863 1320 1905 1345 est
1919 1316 1954 1345 de
1969 1320 2108 1351 non-ente,

1257 1361 1284 1389 in
1307 1369 1362 1398 qua
1384 1361 1547 1398 simpliciter
1569 1365 1611 1390 est
1632 1361 1781 1398 productio
1802 1362 1859 1397 rei,
1881 1370 1935 1391 non
1952 1363 2108 1392 secundum

1257 1408 1420 1445 qualitatem
1436 1408 1572 1437 alteratio.
1588 1425 1627 1428 —
1642 1408 1692 1437 Per
1707 1409 1780 1438 hanc
1795 1409 1868 1438 viam
1884 1410 2049 1447 responderi
2064 1419 2110 1448 po-

1257 1458 1311 1484 test
1332 1455 1367 1483 ad
1390 1463 1487 1484 omnes
1509 1455 1631 1484 rationes
1653 1459 1811 1493 sequentes.
1834 1456 1937 1485 Omnes
1952 1457 2026 1485 enim
2049 1465 2111 1494 pro-

1258 1502 1377 1536 cedunt,
1404 1502 1559 1530 secundum
1586 1502 1662 1539 quod
1684 1506 1763 1531 actus
1785 1503 1823 1531 illi
1846 1506 2046 1540 comparantur
2073 1504 2109 1533 ad

1258 1549 1389 1586 gratiam,
1413 1549 1484 1577 sicut
1505 1549 1541 1577 ad
1562 1549 1733 1586 principium
1755 1549 1924 1588 effectivum.
1946 1550 2000 1579 Hoc
2015 1554 2108 1580 autem

1258 1595 1341 1624 modo
1363 1603 1417 1624 000
1440 1599 1505 1624 sunt
1526 1604 1542 1624 a
1563 1596 1652 1633 gratia
1674 1599 1783 1631 creata,
1805 1597 1877 1626 sleut
1898 1597 1977 1634 prius
2002 1598 2110 1627 dictum

1258 1646 1319 1677 est3
1341 1645 1367 1671 et
1389 1643 1464 1671 istud
1488 1643 1588 1672 melius
1607 1646 1698 1681 patet,
1721 1643 1741 1672 si
1765 1644 1828 1681 quis
1844 1644 1991 1681 diligenter
2005 1648 2110 1682 pertra-

1258 1692 1334 1718 ctare
1363 1689 1503 1724 voluerit3
1532 1689 1766 1726 praetermittitur
1795 1693 1887 1719 tamen
1916 1691 1950 1719 ad
1977 1698 2110 1727 praesens

1258 1744 1343 1764 causa
1364 1736 1494 1765 vitandae
1516 1736 1692 1773 prolixitatis.

1339 1784 1366 1811 7.
1388 1783 1427 1811 Ad
1454 1783 1524 1811 illud
1550 1786 1643 1812 tamen
1669 1783 1745 1820 quod
1770 1784 1900 1813 obiicitur
1929 1785 1963 1813 de
1992 1785 2110 1819 unione,

1259 1830 1427 1864 dicendum,
1453 1830 1528 1867 quod
1554 1831 1644 1867 gratia
1667 1838 1722 1859 nou
1748 1832 1809 1860 unit
1833 1835 1970 1868 quantum
1995 1832 2031 1861 ad
2052 1840 2112 1860 esse

1256 1877 1408 1914 primam,
1431 1881 1568 1915 quantum
1590 1878 1625 1907 ad
1648 1878 1723 1915 quod
1746 1878 1821 1907 Deus
1841 1883 1882 1907 est
1903 1879 2019 1908 cuilibet
2038 1887 2111 1908 crea-

1259 1928 1340 1953 turae
1373 1925 1487 1953 intimus
1517 1925 1724 1959 essentialiter,
1750 1925 1947 1962 potentialiter
1975 1929 2002 1955 et
2026 1935 2112 1963 prae-

1258 1971 1442 2005 senti'aliter;
1464 1972 1512 2000 sed
1534 1972 1624 2009 gratia
1645 1975 1687 2001 est
1701 1972 1827 2001 medium
1843 1972 1956 2001 uniendi
1973 1976 2111 2010 quantum

1259 2018 1292 2047 ad
1318 2018 1510 2055 cognitionem
1532 2023 1557 2047 et
1575 2027 1718 2052 ainorem,
1740 2022 1878 2056 quantum
1899 2019 1935 2048 ad
1957 2027 2041 2056 quem
2057 2028 2113 2048 mo-

1260 2065 1328 2094 dum
1351 2065 1474 2094 multum
1496 2065 1580 2094 distat
1603 2066 1677 2095 Deus
1698 2074 1715 2094 a
1736 2066 1958 2103 peccatoribus&

1102 2167 1363 2203 SCHOLION.

418 2270 432 2291 1.
450 2269 536 2291 Solutio
554 2270 621 2291 huius
643 2269 781 2298 quaestionis
798 2268 915 2296 improbat
935 2274 1038 2290 errorem
1056 2268 1114 2290 Petri
1136 2268 1204 2290 Lom-

355 2309 433 2336 bnrdi,
451 2309 496 2330 iam
515 2308 528 2330 1.
547 2309 607 2330 Sont.
620 2308 642 2331 d.
664 2308 697 2330 17.
712 2314 734 2336 p.
754 2308 768 2330 1.
781 2314 803 2336 q.
827 2308 842 2330 1.
862 2308 983 2330 refutatum
1003 2311 1023 2329 et
1040 2307 1071 2329 ibi
1083 2308 1104 2329 10
1118 2307 1204 2329 scholio

355 2348 456 2370 breviter
472 2347 604 2369 indicatum.
622 2347 666 2370 Sed
684 2347 766 2369 cadem
789 2347 868 2369 militat
886 2348 953 2369 etiam
975 2350 1052 2369 contra
1071 2346 1204 2369 tundamen-

356 2387 423 2409 talem
440 2393 542 2409 errorem
559 2387 663 2414 Lutheri,
681 2387 720 2415 qui
739 2387 826 2415 docuit,
852 2387 956 2409 homines
979 2386 1103 2408 formaliter
1126 2385 1206 2408 iustifi-

356 2427 401 2448 cari
418 2427 466 2449 sive
483 2427 554 2449 iustos
572 2433 622 2449 csse
639 2426 691 2449 sola
713 2425 867 2456 iniputatz'one
885 2426 981 2448 iustitiae
999 2424 1092 2453 Christi,
1117 2425 1205 2447 seclusa

1261 2268 1368 2290 interiore
1391 2269 1463 2296 gratia
1481 2271 1502 2290 et
1525 2269 1624 2290 caritate.
1648 2269 1708 2291 Haec
1733 2269 1835 2291 doctrina
1859 2269 2009 2292 condemnata
2033 2273 2067 2293 est
2088 2273 2114 2293 ut

1261 2308 1373 2329 haeretica
1391 2314 1401 2329 a
1421 2306 1520 2329 Concilio
1539 2307 1673 2330 Tridentino
1691 2308 1765 2335 (Sess.
1785 2308 1820 2330 Vl.
1840 2314 1888 2331 can.
1909 2309 1944 2330 10.
1967 2309 1999 2330 11.
2027 2309 2078 2337 12.);
2100 2315 2113 2331 e

1261 2347 1375 2369 contrario
1388 2346 1456 2374 (ibid.
1469 2352 1518 2374 cap.
1532 2347 1563 2374 7.)
1582 2350 1606 2369 ut
1618 2347 1728 2369 catholica
1745 2347 1847 2369 doctrina
1861 2349 1979 2375 proposita
1992 2352 2036 2375 est,
2049 2348 2113 2377 quod

1262 2385 1390 2408 iustificatio
1418 2394 1428 2406 α
1441 2392 1486 2408 000
1509 2390 1543 2408 est
1559 2386 1606 2408 sola
1625 2389 1773 2414 peccatorum
1798 2387 1914 2414 remissio,
1933 2387 1974 2409 sed
1996 2391 2017 2410 et
2034 2387 2114 2410 iustifi-

1262 2426 1320 2447 catio
1338 2428 1359 2447 et
1377 2425 1497 2448 renouatio
1511 2425 1631 2448 interioris
1643 2425 1745 2449 homitias
1762 2432 1803 2454 per
1816 2426 1969 2448 voluntarIam
1986 2427 2114 2454 susceptio-

420 2570 426 2584 1
446 2570 495 2592 Vat,
514 2569 697 2599 [affirmationis.
717 2570 784 2592 Paulo
802 2571 896 2592 inferitis
914 2576 956 2598 pro
973 2569 1117 2599 informetur
1135 2569 1202 2592 codd.

358 2609 375 2630 ΙΙ
386 2609 392 2630 1
409 2608 559 2637 reforiizrlur.

418 2647 429 2661 2
447 2648 494 2669 Mal.
512 2647 531 2675 li,
545 2648 570 2669 2:
591 2648 614 2669 Et
631 2649 716 2670 orietur
734 2648 801 2670 vohis
819 2648 951 2670 timentibus
970 2654 1053 2670 nomen
1072 2654 1151 2670 meum
1169 2649 1202 2671 sol

358 2687 461 2708 iustitiae.
479 2699 509 2702 —
527 2687 595 2708 Paulo
614 2687 706 2709 interius
724 2687 774 2709 Vat.
792 2687 828 2709 bis
845 2686 956 2716 r'uflw'litr
973 2694 1015 2715 pro
1033 2687 1119 2716 influit.

420 2725 430 2739 ³
448 2726 476 2747 lta
494 2726 560 2747 codd.
579 2725 644 2748 CFL
662 2732 700 2753 aa;
728 2726 777 2748 Vnt.
805 2727 929 2754 transponit
956 2732 1016 2755 quae
1037 2729 1089 2754 post
1105 2726 1184 2756 qratia
1196 2735 1204 2754 ,-

360 2770 403 2785 non
422 2765 488 2791 pauci
506 2765 573 2786 codd.
592 2771 714 2793 perperam
740 2765 775 2787 bis
800 2765 907 2787 exhibent
925 2771 997 2795 quae,
1018 2770 1039 2788 et
1056 2769 1109 2794 post
1125 2765 1205 2795 qratia

360 2804 381 2823 et
398 2804 558 2825 {inte-mentes.

423 2840 432 2854 ⁴¹
448 2839 492 2863 Cir.
511 2841 625 2870 Beriiai·d.,
644 2842 711 2869 Ernst.
735 2843 767 2864 ll.
787 2849 807 2864 n.
826 2842 846 2864 5.
865 2848 945 2871 seqq,
964 2849 990 2864 cx
1009 2849 1053 2871 qua
1072 2844 1117 2864 iam
1134 2849 1204 2870 supra

362 2884 414 2905 pag.
436 2879 483 2906 tat,
502 2884 552 2902 nota
579 2880 599 2902 3.
627 2881 701 2909 aliqua
727 2881 850 2903 attulimus.
868 2893 900 2897 —
917 2881 1020 2904 Subinde
1046 2888 1088 2910 pro
1108 2881 1168 2904 uncle
1185 2881 1206 2904 si

362 2915 418 2944 quiet
435 2917 484 2939 Vnt.
503 2924 554 2940 cum
573 2919 625 2941 cdd.
644 2919 664 2946 3,
683 2919 695 2941 4
714 2919 774 2942 unde
791 2919 859 2949 quod.

426 2954 435 2968 5
452 2955 502 2977 Vat.
515 2956 589 2978 adiicit
601 2956 664 2985 facit.
677 2957 732 2979 Cod.
745 2964 771 2979 aa
792 2958 846 2986 legit
867 2958 921 2981 velit
937 2965 961 2981 sc
974 2960 1047 2982 lotum
1065 2958 1205 2988 impendere.

425 2992 435 3007 θ
452 2993 509 3015 Vide
528 2994 542 3015 l.
560 2995 620 3017 Sent.
637 2995 659 3017 d.
679 2996 713 3017 «ts.
732 3003 754 3024 q.
776 2997 792 3018 1.
810 3009 842 3013 -
865 2997 914 3019 Mox
933 3004 974 3025 pro
992 2997 1061 3021 Sz'cat
1076 2997 1139 3020 enim
1156 2997 1205 3019 Vm.

1262 2576 1316 2592 cum
1333 2570 1386 2592 edd.
1405 2570 1425 2597 3,
1446 2569 1458 2592 4
1477 2569 1515 2593 Sic·
1532 2569 1610 2593 etiam.
1633 2570 1701 2592 Paulo
1720 2570 1814 2592 iuferius
1827 2576 1869 2598 pro
1881 2569 1922 2598 sic,
1944 2575 1999 2593 cum
2017 2570 2067 2592 cod.
2086 2576 2113 2592 aa

1261 2608 1294 2632 sic
1311 2610 1332 2632 et
1349 2615 1411 2632 cuin.

1324 2648 1333 2662 ⁷
1351 2648 1406 2670 Cod.
1425 2654 1451 2670 aa
1469 2654 1529 2678 quae
1546 2649 1603 2670 unta
1621 2650 1669 2676 esst·
1688 2648 1716 2670 ed
1736 2649 1744 2670 11
1767 2647 1826 2674 (cod.
1846 2647 1864 2669 T
1882 2654 1894 2670 a
1913 2647 2014 2670 secunda
2032 2648 2112 2676 manu)

1262 2688 1305 2709 sic:
1323 2692 1365 2716 per
1390 2693 1463 2717 quum
1486 2686 1660 2716 dispositionem
1681 2688 1738 2710 nata
1759 2686 1891 2716 reformari
1907 2688 1947 2709 est.
1969 2686 2112 2710 Constructio

1263 2726 1332 2748 huius
1349 2727 1513 2754 propositionis
1530 2731 1564 2748 est
1585 2726 1728 2755 aliquatenus
1752 2727 1886 2754 incongrua.
1905 2726 1954 2748 Mox
1974 2730 2027 2754 post
2049 2725 2113 2749 Idem

1262 2765 1284 2786 in
1303 2765 1352 2787 Yat.
1371 2768 1391 2787 et
1409 2765 1462 2787 edd.
1480 2765 1500 2792 3,
1520 2764 1532 2786 4
1551 2765 1694 2788 desideratur
1712 2764 1781 2788 enim.

1325 2802 1335 2817 5
1352 2803 1396 2825 Cir.
1415 2804 1429 2826 1.
1447 2804 1508 2826 Sem.
1527 2804 1548 2826 d.
1567 2804 1603 2826 37.
1622 2810 1644 2832 p.
1663 2804 1677 2825 1.
1701 2810 1721 2826 a.
1740 2804 1760 2825 3.
1780 2810 1801 2832 q.
1825 2804 1841 2825 l.
1859 2809 1907 2832 seq.
1925 2815 1956 2819 —
1974 2803 2043 2825 Paulo
2061 2806 2114 2825 ante

1263 2848 1305 2869 pro
1323 2843 1441 2871 quantum
1457 2842 1489 2865 ad
1505 2849 1575 2872 quem
1591 2842 1690 2865 modum
1708 2843 1757 2865 Vnt.
1785 2848 1838 2864 cum
1860 2842 1912 2864 edd.
1931 2842 1952 2870 3,
1972 2841 1983 2864 t
2002 2843 2025 2865 et
2041 2847 2113 2872 quan-

1263 2882 1314 2904 tum
1331 2881 1363 2904 ad
1379 2881 1442 2905 ltiwtc
1459 2881 1570 2910 niodum,
1590 2885 1612 2904 et
1629 2882 1745 2911 aliquanto
1763 2882 1870 2910 superius
1887 2887 1929 2909 pro
1949 2881 2066 2910 quantiam
2083 2879 2114 2903 ad

1264 2920 1326 2950 quod
1344 2921 1415 2949 Deus,
1435 2925 1486 2949 post
1503 2928 1562 2950 quae
1580 2921 1652 2944 verba
1675 2920 1725 2944 cod.
1745 2921 1763 2942 M
1782 2921 1863 2949 repetit
1880 2926 1941 2947 esse,
1962 2919 2044 2942 eadem
2061 2918 2113 2941 501)-

1264 2959 1335 2981 stituit
1352 2965 1398 2989 quo
1416 2959 1486 2982 Deus.
