2243 3425
335 178 390 232 613
1019 199 1273 228 SENTENTIARUM
1294 199 1353 227 Llss.
1376 199 1405 227 Il.

325 281 444 304 arbitrium
464 286 545 310 coqere
563 286 605 302 nec
623 279 751 302 immutare
768 280 854 306 potcst3
873 278 934 300 Deus
946 280 1023 299 autem
1036 279 1112 305 potest
1128 277 1176 305 qui-

328 320 383 342 dem
400 319 540 347 iiiiiitttture,
560 318 601 341 sed
618 324 663 340 non
681 323 783 346 cogyere»
806 317 855 345 (cfr.
882 316 911 338 de
930 316 1000 338 Verit.
1018 322 1040 344 q.
1059 316 1096 338 22.
1115 322 1134 338 a.
1153 315 1174 337 5.

329 359 353 387 83
371 359 393 381 S.
410 359 425 380 1.
444 365 465 387 q.
484 358 534 380 1105.
554 364 573 379 a.
592 357 612 379 4.
632 357 657 385 5,
671 360 693 379 et
711 363 732 385 q.
753 357 803 378 111.
822 363 841 378 a.
860 355 900 384 2.).

387 398 408 419 Si
427 400 502 419 nutem
521 397 622 418 intimius
645 396 767 424 inquiritur
790 395 819 417 cle
836 394 917 422 modo,
944 400 991 423 quo
1014 394 1075 416 Deus
1092 393 1175 416 volun-

325 438 401 464 tatem,
419 436 481 457 salva
499 436 548 457 eius
566 434 680 461 libertato,
699 435 817 461 immutet;
836 439 881 455 non
900 433 998 455 eandem
1015 433 1078 455 viam
1096 433 1175 455 ineunt

325 475 415 497 scholae
433 475 566 502 catholicae,
586 476 610 496 ut
635 475 697 501 patet
721 479 748 495 ex
766 474 931 495 controversiis
953 473 982 495 de
999 473 1087 495 auxiliis
1105 474 1127 495 et
1145 472 1178 495 de‘

324 520 437 536 concursu
455 513 555 541 generali
573 512 602 534 ad
620 513 721 534 actiones
739 511 829 534 liberas.

385 552 490 574 Richard.
508 558 521 573 a
539 551 596 573 Med.
615 550 663 579 (bic
680 557 699 573 a.
718 550 739 573 4.
758 557 780 580 q.
799 551 829 579 2.)
848 552 989 574 mentionem
1002 552 1054 574 facit
1071 557 1172 580 quorun-

323 592 388 619 dam7
407 592 445 619 qui
464 593 517 613 tunc
535 590 657 618 docebant,
685 590 749 619 quod
766 590 827 612 Deus
847 598 857 611 a
869 594 947 618 posset
965 591 1047 619 facere,
1067 590 1130 619 quod
1148 590 1171 612 li-

319 630 402 652 berum
420 629 538 652 arbitrium
557 635 609 657 posi
626 629 806 652 consiliationem
825 630 846 651 in
865 630 978 652 intellectu
997 632 1131 652 moveretur
1143 629 1173 652 ad

318 669 403 698 aliquid
421 669 547 691 volendum
556 669 585 691 de
595 670 735 697 necessitate,
747 675 792 691 non
803 675 815 690 a
829 675 860 697 se,
873 669 913 691 sed
928 675 939 691 a
958 669 1076 692 voluntate
1094 669 1172 691 divina

321 708 422 730 eliciente
440 708 503 730 illum
521 711 610 730 motum
627 709 649 729 in
667 707 798 736 voluntate,
816 709 845 730 ita
864 708 928 737 quod
946 708 983 730 illo
1001 710 1065 730 motu
1088 708 1172 730 volun-

320 750 354 769 tas
370 753 419 770 non
436 748 494 770 esset
510 752 620 775 movens,
648 746 690 770 sed
714 746 879 770 tantummodo
896 748 977 776 mota;
994 750 1016 770 et
1033 748 1077 769 hoe
1094 749 1172 775 posset

1234 277 1316 305 facere,
1335 276 1403 300 salva
1421 278 1511 300 natio-a
1527 277 1648 307 potestatis
1667 276 1733 301 liberi
1749 277 1873 301 arbitrii».
1891 279 1924 301 De
1945 280 1988 301 hac
2005 282 2083 302 autem

1234 316 1342 343 opinione
1364 316 1425 338 idem
1451 319 1512 339 recte
1536 317 1602 339 dicit:
1632 317 1712 339 «Haec
1729 318 1807 345 opinio
1826 317 1919 340 videtur
1936 324 1985 340 esse
2004 322 2082 340 contra

1234 361 1382 378 communem
1408 356 1540 383 opinionon]
1567 355 1689 378 doctorum
1714 359 1736 378 et
1761 356 1829 378 etiam
1855 358 1932 378 contra
1962 358 2083 380 auctorita-

1233 396 1300 416 tem»
1320 397 1361 417 etc.
1380 394 1449 416 Addit
1466 396 1535 417 etiam
1553 394 1629 423 idem,
1652 395 1715 424 quod
1738 395 1800 417 Deus
1821 395 1897 417 «bene
1915 398 1989 424 potest
2007 397 2084 424 ipsum

1234 433 1343 462 [liberum
1360 433 1490 462 arbitrium]
1508 433 1634 464 efficaciter
1651 433 1767 457 inclinare
1794 438 1815 457 et
1841 435 1923 463 facere,
1943 438 1967 457 ut
1985 435 2083 458 liberum

1233 472 1354 495 arbitrium
1371 474 1465 495 moveat
1476 479 1500 495 se
1512 474 1589 501 ipsum
1601 473 1673 496 libere
1686 473 1715 495 ad
1733 480 1907 503 quamcumque
1920 478 2009 502 partem
2022 476 2084 499 Deus

1232 512 1350 534 voluerit»
1373 512 1422 539 (cfr.
1435 512 1457 535 S.
1471 512 1566 541 Tliom.,
1585 512 1599 534 1.
1619 513 1642 534 11.
1661 519 1683 541 q.
1703 513 1710 534 l
1718 513 1738 535 0,
1757 519 1776 535 a.
1796 513 1816 541 4,
1835 520 1857 542 q.
1876 514 1913 536 21.
1931 520 1950 536 a.
1969 513 1990 536 4.
2004 514 2032 536 ad
2045 516 2084 543 2.).

1297 551 1319 573 ll.
1337 551 1398 573 Alex.
1417 551 1472 580 Hal,
1490 552 1512 573 S.
1530 558 1552 580 p.
1570 551 1593 574 Il.
1613 558 1634 580 q.
1647 552 1684 574 72.
1704 558 1734 574 m.
1753 551 1774 574 4.
1787 552 1800 581 ¹3
1813 553 1833 574 ¹l.
1845 552 1956 580 -Scot.,
1974 553 2010 575 IV.
2024 554 2084 576 Sent.

1233 589 1254 612 d.
1273 590 1310 612 29.
1329 596 1350 612 η.
1376 590 1402 618 ὃς
1429 590 1522 619 Report.
1540 590 1595 613 ibid.
1614 597 1635 612 n.
1655 591 1676 613 9.
1701 603 1732 607 -—
1757 591 1779 613 S.
1805 591 1896 619 Tliom.y
1915 595 2005 620 praeter
2022 592 2085 615 locos

1232 629 1277 651 citt.
1296 629 1317 651 S.
1337 629 1350 651 l.
1369 629 1392 651 ll.
1411 636 1432 658 q.
1451 630 1472 651 6.
1496 636 1515 651 a.
1540 629 1564 658 45
1583 630 1604 651 S.
1623 636 1642 652 c.
1666 630 1730 652 Gent.
1755 630 1785 652 111.
1809 629 1845 652 85.
1864 636 1928 659 seqq.
1947 642 1979 647 —
1996 631 2053 653 Petr.
2072 637 2084 653 a

1232 668 1293 696 Tar..
1311 668 1347 690 bic
1365 674 1386 697 q.
1406 668 1426 690 3.
1445 675 1464 691 a.
1485 669 1504 690 l.
1524 669 1544 691 2.
1563 681 1594 684 ——
1610 668 1716 691 menard.
1735 675 1747 691 a
1760 668 1826 697 Med,
1844 670 1881 691 liic
1898 676 1918 691 a.
1938 669 1958 692 4.
1977 676 1999 698 q.
2024 670 2044 692 1.
2063 670 2084 692 2.

1231 720 1262 723 —
1278 707 1352 735 [Egid.
1371 707 1410 735 R.‚
1430 708 1465 730 liic
1482 714 1504 736 q.
1525 709 1544 730 l.
1562 714 1582 730 a.
1601 708 1621 730 3.
1641 710 1662 730 et
1684 707 1739 730 dul).
1758 708 1794 730 lat.
1827 708 1843 730 1.
1862 721 1892 724 -
1919 708 2028 735 Β111’3η(1.,
2047 709 2084 732 hic

1232 753 1253 775 q.
1273 746 1293 769 4.
1310 758 1341 763 —
1358 746 1452 774 Dionys.
1471 746 1554 774 Carth.⁷
1573 747 1610 769 liic
1628 753 1650 776 q.
1672 747 1692 769 2.

1094 837 1258 874 QUAESTIO
1280 838 1310 866 V.

818 924 921 952 [simitu
945 923 1070 952 liberum
1091 923 1254 952 arbitrium
1275 932 1295 952 ct
1316 924 1374 952 Deo
1397 924 1463 961 coyi
1478 924 1581 961 possit.

397 1024 498 1060 Quinto
520 1024 667 1060 quaeritur
682 1023 717 1052 de
733 1023 822 1052 libero
841 1022 958 1051 arbitrio
980 1023 1008 1050 in
1031 1030 1174 1060 compara-

320 1072 393 1100 tione
415 1071 450 1099 ad
471 1079 587 1100 movens
610 1070 751 1107 primum,
775 1069 880 1099 scilicet
901 1070 935 1098 ad
958 1070 1051 1107 ipsum
1073 1069 1173 1104 Deum,

320 1122 347 1148 et
372 1122 413 1147 est
434 1117 575 1155 quaestio,
601 1120 699 1145 utrum
725 1116 847 1145 liberum
872 1116 1022 1144 arbitrium
1048 1116 1136 1153 possit
1157 1124 1173 1145 a

320 1166 377 1195 Deo
399 1165 467 1203 cogi.
491 1165 521 1193 Et
543 1164 618 1202 quod
640 1164 695 1198 sic,
718 1163 839 1192 videtur.

402 1215 425 1241 1.
448 1213 537 1241 Lucae
559 1212 667 1240 decimo
689 1211 828 1248 quart012
851 1210 910 1239 Em·
923 1210 952 1238 in
968 1210 1034 1238 vicis
1055 1213 1081 1238 et
1094 1218 1174 1247 sepes

191 1263 308 1304 Adtorrosi-
322 1264 348 1288 et
368 1259 501 1296 compelle
523 1259 655 1292 intrare,
678 1262 711 1286 iit
733 1258 892 1295 impleatur
914 1258 1018 1285 (lomus
1039 1266 1124 1285 mest:
1151 1257 1172 1286 si

235 1292 272 1305 um.

320 1315 387 1344 ergo
408 1307 434 1335 in
458 1307 573 1335 domum
602 1305 651 1334 Dei
680 1313 735 1333 non
758 1305 892 1341 contingit
914 1305 1020 1333 intrare
1042 1304 1095 1333 nisi
1123 1312 1173 1341 per

320 1362 405 1383 usum
427 1353 506 1382 liberi
529 1353 653 1386 arbitrii,
675 1356 702 1381 et
726 1353 862 1381 Dominus
883 1352 989 1380 intrare
1011 1351 1172 1389 compellit,

320 1402 447 1436 videtur,
469 1400 544 1438 quod
567 1400 688 1429 liberum
711 1399 860 1428 arbitrium
883 1399 962 1436 cogit.

399 1450 424 1477 ⁶2.
448 1448 531 1482 item,
561 1447 669 1476 Ioannis
699 1447 819 1475 sextoss:
844 1446 933 1475 Nemo
955 1447 1033 1475 veuit
1053 1446 1094 1475 cisi
1113 1454 1172 1480 me,

320 1496 380 1525 uisi
401 1497 492 1524 Pater
515 1495 643 1524 traxerit
670 1494 775 1528 illum;
804 1494 852 1523 sed
881 1494 917 1522 ad
946 1494 1089 1522 Christum
1118 1501 1173 1521 non

322 1544 378 1572 itur
399 1543 451 1571 nisi
473 1550 523 1580 per
547 1542 626 1571 liberi
650 1541 758 1570 arbitrii
782 1544 895 1570 actum:
912 1541 933 1569 si
950 1541 1036 1578 igitur
1051 1540 1173 1569 liberum

321 1590 471 1619 arbitrium
486 1598 539 1617 non
555 1589 631 1618 venit
645 1589 681 1617 ad
697 1588 810 1623 Filium,
832 1587 885 1616 uisi
908 1588 1038 1616 trahatur
1053 1595 1069 1616 a
1084 1587 1172 1621 Patre,

321 1641 348 1666 et
368 1640 476 1665 tractus
497 1639 538 1665 est
568 1639 659 1664 motus
688 1636 843 1669 violentus,
871 1636 943 1664 sicut
965 1635 1032 1664 dicit
1054 1634 1174 1663 Philoso-

323 1685 410 1722 phus3
422 1684 543 1712 liberum
558 1683 708 1712 arbitrium
723 1691 739 1711 a
754 1683 811 1711 Deo
827 1682 998 1711 violentatur
1013 1685 1040 1710 et
1055 1682 1172 1719 cogitur.

401 1731 427 1759 3.
450 1731 534 1765 item,
553 1730 769 1759 Proverbiorum
786 1730 920 1767 vigesimo
936 1730 1027 1767 primo
1041 1729 1068 1757 ³:
1091 1729 1174 1757 Sicut

324 1779 481 1807 divisiones
510 1786 678 1815 aquarium,
708 1777 751 1805 ita
772 1785 823 1805 coi·
846 1777 924 1814 regis
947 1776 976 1804 iit
998 1785 1092 1804 mauu
1123 1776 1174 1804 Do-

322 1825 414 1859 mini,-
436 1833 617 1863 quocumque
637 1824 772 1858 voluerit,
789 1823 944 1852 inclinabit
958 1823 1052 1852 illud.-
1068 1831 1135 1860 ergo
1151 1823 1172 1852 si

323 1872 443 1901 liberum
466 1871 616 1900 arbitrium
644 1871 794 1899 inclinatur
815 1871 850 1899 ad
872 1879 958 1899 unam
980 1875 1089 1908 partem
1113 1879 1173 1899 con-

323 1919 512 1953 tradictionis3
544 1922 805 1956 quantumcumque
833 1918 869 1947 ad
897 1918 975 1946 illam
1004 1918 1172 1952 inclinetur,

322 1967 397 1995 Deus
422 1970 512 2004 potest
538 1965 659 2003 perfecte
680 1965 786 1998 facere.
808 1965 884 2002 quod
906 1965 972 1994 velit
994 1965 1171 2003 oppositum:

322 2021 389 2050 ergo
410 2016 501 2050 potest
523 2020 622 2049 cogere
644 2012 764 2040 liberum
780 2012 930 2040 arbitrium
952 2012 988 2041 ad
1011 2012 1172 2041 volendum.

400 2061 427 2088 lt.
450 2060 530 2094 ltem,
552 2059 642 2088 omnis
664 2062 794 2087 creatura
809 2059 893 2087 estin
908 2059 1030 2096 perfecta
1045 2059 1174 2087 obedien-

321 2108 359 2137 tia
381 2110 512 2144 respectu
533 2106 686 2135 Creatoris:
703 2114 769 2143 ergo
785 2106 806 2135 si
824 2106 945 2134 liberum
961 2106 1111 2134 arbitrium
1127 2105 1174 2134 ali-

321 2155 389 2193 quid
411 2158 537 2184 creatum
559 2162 575 2182 a
596 2154 653 2182 Deo
668 2157 725 2187 est,
741 2161 853 2182 necesse
875 2157 931 2187 est,
954 2153 1046 2190 ipsum
1069 2160 1130 2182 esse
1145 2153 1173 2181 in

321 2202 444 2238 perfecta
465 2201 623 2230 obedientia
646 2203 776 2237 respectu
798 2200 865 2229 Dei:
888 2208 955 2237 ergo
974 2200 996 2228 si
1011 2200 1106 2237 aliqua
1121 2200 1174 2227 vir-

322 2252 367 2278 tus
388 2252 479 2286 potest
500 2256 515 2276 a
537 2248 594 2277 Deo
615 2247 760 2285 compelli,
783 2250 875 2284 potest
889 2250 916 2276 et
931 2247 1021 2275 virtus
1036 2247 1116 2275 liberi
1132 2254 1174 2275 ar-

322 2296 406 2324 bitrii.
423 2296 476 2325 Sed
492 2296 567 2324 Deus
582 2295 616 2323 de
631 2294 693 2323 aliis
710 2294 848 2323 creaturis
863 2297 953 2331 potest
968 2294 1059 2323 facere
1077 2297 1173 2322 contra

321 2343 465 2380 propriam
487 2346 636 2371 naturam:
659 2349 726 2379 ergo
741 2344 768 2370 et
783 2341 817 2370 de
841 2341 929 2370 libero
951 2341 1068 2369 arbitrio
1084 2343 1174 2377 potest

320 2391 411 2419 facere
427 2393 524 2418 contra
538 2389 683 2427 propriam
699 2389 856 2417 libertatem
870 2399 875 2416 :
892 2396 959 2426 ergo
973 2391 1064 2425 potest
1079 2388 1172 2425 ipsum

321 2437 496 2474 compellere.

401 2485 426 2512 5.
448 2484 531 2518 Item,
553 2483 617 2521 plus
646 2485 736 2521 potest
764 2483 856 2512 faeere
880 2482 1001 2512 liberum
1022 2482 1173 2511 arbitrium

321 2531 447 2560 divinum
471 2539 557 2568 super
578 2531 749 2565 humanum,
772 2537 857 2567 quam
879 2530 966 2566 possit
988 2529 1109 2559 liberum
1131 2537 1174 2558 ar-

386 2687 392 2701 1
412 2688 477 2709 Vcrs.
496 2688 532 2709 23.

385 2726 394 2740 ἵ
412 2727 476 2749 Vct-s.
496 2726 536 2749 44:
550 2727 620 2749 Nemo
634 2730 706 2755 potest
720 2729 798 2749 venire
811 2727 840 2749 ad
853 2733 903 2755 me,
917 2728 957 2749 uisi
972 2727 1042 2755 Pater,
1060 2728 1099 2756 qui
1112 2728 1173 2750 misit

324 2771 367 2793 mo,
386 2767 476 2787 traxerit
493 2766 750 2788 011111.—Desemcntia
770 2767 899 2794 Philosophi
918 2767 957 2788 cfr.
974 2766 1020 2788 Vll.
1040 2766 1106 2794 Phys.
1120 2770 1171 2788 text.

326 2804 360 2825 10.
378 2804 406 2829 (c.
425 2806 463 2832 2.),
477 2804 515 2827 ubi
529 2805 612 2828 tractio
631 2806 700 2834 (qime
717 2805 746 2828 ab
764 2806 806 2827 alio
824 2806 852 2828 ud
865 2812 889 2827 sc
903 2807 991 2833 ipsum,
1005 2808 1045 2827 aut
1057 2805 1086 2827 acl
1099 2805 1171 2834 aliud)

324 2847 501 2866 connumeratur
527 2845 584 2866 inter
610 2847 697 2872 motus⁷
724 2846 763 2873 qui
781 2848 834 2867 sunt
852 2844 881 2867 al)
899 2846 955 2873 alio⁷
974 2849 996 2867 et
1014 2848 1038 2867 ut
1056 2845 1172 2867 tractionis

324 2882 412 2909 species
429 2883 554 2905 atteruntur
571 2884 700 2912 compulsio
718 2887 739 2906 et
756 2884 869 2913 depulsio.

387 2919 397 2934 3
414 2921 478 2943 Vers.
499 2922 518 2943 l.

386 2958 394 2972 ⁴
413 2959 471 2981 Libr.
491 2960 526 2982 Vl.
545 2967 563 2982 c.
586 2962 618 2983 18.
637 2968 657 2983 11.
676 2963 712 2984 20.
732 2962 805 2984 Verba
826 2964 873 2990 ipsa
892 2963 946 2986 vide
967 2970 1037 2991 supra
1051 2969 1104 2991 pag.
1119 2961 1170 2990 435,

325 3002 376 3021 nota
395 2999 415 3020 1.

1232 1022 1348 1051 bitrium
1370 1022 1528 1050 humanum
1547 1029 1632 1058 super
1654 1021 1769 1059 aliquod
1790 1022 1920 1057 brutum3
1936 1023 1984 1052 sed
2000 1023 2084 1052 homo

1231 1072 1322 1106 potest
1343 1068 1458 1105 aliquod
1479 1068 1597 1097 brutum
1619 1076 1718 1106 cogere
1740 1069 1776 1098 ad
1797 1069 1919 1106 aliquam
1950 1070 2084 1107 operatio-

1231 1123 1295 1144 nem
1317 1115 1462 1144 inferendo
1488 1115 1539 1144 sibi
1569 1115 1748 1144 violentiam:
1779 1124 1845 1153 ergo
1875 1116 1964 1145 multo
1985 1117 2085 1146 fortius

1232 1163 1323 1191 virtus
1344 1163 1469 1191 increata
1489 1166 1580 1200 potest
1602 1171 1700 1200 cogere
1722 1163 1896 1192 voluntatem
1917 1167 2052 1193 nostram.

1312 1210 1364 1238 SED
1386 1217 1510 1238 CONTRA:
1537 1211 1559 1238 1.
1583 1210 1756 1247 Augustinus
1784 1218 1870 1247 super
1892 1210 2019 1239 Genesim
2048 1202 2243 1244 adFundameutaJ.

1232 1257 1393 1286 litteram⁴:
1419 1268 1432 1281 «
1447 1257 1513 1285 Tam
1530 1265 1584 1285 11οη
1606 1260 1697 1294 potest
1718 1257 1793 1286 Deus
1814 1257 1906 1286 facere
1929 1261 2026 1287 contra
2040 1266 2087 1287 na-

1232 1307 1343 1339 turam,
1365 1312 1450 1341 quam
1472 1304 1575 1333 bonam
1598 1305 1733 1339 instituit,
1756 1312 1841 1342 quam
1862 1313 1917 1333 uon
1938 1308 2029 1342 potest
2049 1305 2086 1334 fa-

1232 1359 1295 1380 cere
1317 1354 1414 1380 contra
1440 1351 1614 1380 voluntatem
1641 1360 1720 1381 suam
1736 1362 1770 1379 »:
1793 1352 1815 1381 si
1838 1352 1923 1389 igitur
1944 1352 2019 1381 Deus
2041 1360 2086 1381 vo-

1232 1399 1353 1427 luntarie
1375 1398 1496 1427 liberum
1513 1399 1663 1427 arbitrium
1678 1399 1756 1428 dedit
1771 1399 1892 1434 homini,
1913 1399 2085 1436 impossibile

1231 1448 1289 1480 est,
1312 1454 1376 1474 eum
1399 1446 1433 1474 de
1462 1446 1551 1474 libero
1579 1446 1696 1474 arbitrio
1723 1446 1815 1475 facere
1844 1449 1940 1475 contra
1968 1446 2086 1475 inditam

1232 1493 1283 1522 sibi
1308 1493 1474 1521 libertatem.
1504 1493 1556 1522 Sed
1579 1493 1601 1522 si
1625 1493 1717 1530 ipsum
1740 1496 1866 1530 cogeret,
1889 1496 1986 1522 contra
2006 1493 2088 1523 liber-

1231 1543 1317 1569 tatem
1339 1540 1399 1569 eius
1421 1540 1542 1569 faceret:
1565 1548 1632 1577 ergo
1661 1540 1784 1569 liberum
1809 1540 1959 1569 arbitrium
1989 1541 2050 1578 cogi
2070 1549 2087 1569 a

1232 1587 1288 1616 Deo
1311 1591 1353 1615 est
1375 1587 1556 1624 impossibile.

1311 1636 1337 1663 ᾖ.
1360 1634 1440 1669 Item,
1462 1635 1634 1672 Augustinus
1657 1634 1791 1671 vigesimo
1814 1635 1905 1672 primo
1919 1634 1928 1648 ⁵
1955 1635 1990 1664 de
2018 1635 2087 1664 Civi-

1232 1684 1287 1710 tate
1308 1682 1374 1710 Dei:
1402 1681 1501 1710 «Illud
1524 1685 1566 1710 est
1593 1682 1747 1719 unicuique
1774 1682 1815 1710 rei
1837 1682 1981 1717 naturale,
2010 1682 2086 1720 quod

1232 1729 1267 1757 de
1289 1729 1349 1766 ipsa
1369 1729 1461 1757 facere
1482 1728 1654 1766 disposuerit
1676 1728 1880 1765 Omnipotentis
1909 1729 2039 1758 voluntas
2053 1739 2084 1757 »:

1232 1784 1298 1813 ergo
1320 1776 1340 1804 si
1364 1776 1476 1805 nullum
1504 1775 1633 1804 naturale
1663 1779 1705 1805 est
1726 1776 1897 1810 violentum,
1918 1776 1986 1805 nihil
2010 1776 2086 1814 quod

1231 1823 1296 1852 facit
1318 1823 1407 1857 Deus,
1424 1826 1465 1852 est
1481 1823 1650 1852 violentum:
1667 1823 1689 1852 si
1712 1823 1798 1860 igitur
1820 1824 1910 1852 omnis
1926 1823 2030 1853 coactio
2045 1827 2087 1853 est

1232 1877 1282 1907 per
1303 1869 1477 1904 violentiam,
1499 1870 1637 1907 quidquid
1660 1870 1735 1898 Deus
1756 1870 1791 1898 de
1807 1870 1895 1899 libero
1918 1870 2035 1899 arbitrio
2049 1870 2086 1899 fa-

1232 1916 1300 1951 ciat,
1322 1917 1401 1945 nulla
1422 1920 1512 1954 potest
1533 1917 1585 1946 sibi
1606 1925 1623 1945 a
1644 1917 1701 1946 Deo
1721 1917 1816 1946 inferri
1834 1917 1973 1952 violentia,
1988 1925 2021 1946 ac
2035 1925 2086 1955 per

1232 1964 1284 1992 hoc
1306 1964 1385 1992 nulla
1406 1964 1519 1992 coactio.

1311 2011 1337 2040 3.
1359 2012 1440 2046 Item,
1470 2012 1599 2040 voluntas
1629 2012 1681 2041 1100
1704 2012 1763 2049 ipso
1786 2012 1873 2041 libere
1902 2011 1979 2047 vult,
2001 2011 2086 2049 quia,

1232 2066 1296 2087 cum
1320 2058 1394 2092 vult,
1418 2058 1478 2087 vult
1500 2066 1529 2087 se
1550 2058 1622 2087 velle
1637 2063 1665 2087 et
1679 2066 1708 2087 se
1724 2059 1813 2096 ipsam
1829 2062 1923 2088 movet
1935 2059 1952 2093 ὃς
1975 2059 2023 2087 sed
2038 2059 2086 2087 im-

1231 2105 1363 2141 possibile
1389 2109 1446 2139 est,
1473 2105 1645 2134 voluntatem
1669 2105 1776 2143 aliquid
1799 2105 1870 2134 velle
1892 2105 1989 2142 plene,
2018 2106 2085 2143 quin

1232 2152 1302 2180 illud
1324 2152 1396 2180 velle
1411 2153 1446 2180 sit
1461 2160 1477 2180 a
1492 2152 1635 2180 voluntate
1658 2160 1686 2181 se
1709 2152 1798 2189 ipsam
1814 2156 1952 2186 movente,
1975 2156 2002 2181 et
2017 2152 2085 2190 quin

1231 2199 1361 2227 voluutas
1376 2199 1443 2227 velit
1465 2206 1493 2227 se
1510 2199 1595 2228 velle:
1612 2207 1678 2236 ergo
1694 2199 1866 2236 impossibile
1888 2203 1938 2231 est,
1962 2199 2085 2228 liberum

1231 2245 1380 2274 arbitrium
1403 2246 1462 2283 cogi
1484 2254 1538 2274 non
1561 2245 1652 2274 solum
1675 2245 1710 2274 ab
1732 2246 1826 2283 aliquo
1852 2250 1960 2281 creato,
1983 2254 2083 2275 verum

1231 2293 1314 2322 etiam
1337 2301 1387 2322 nec
1409 2301 1425 2321 a
1446 2293 1511 2322 Deo.

1310 2341 1336 2368 [1.
1360 2340 1443 2371 Item.
1465 2340 1535 2368 nihil
1558 2340 1635 2369 aliud
1657 2344 1699 2369 est
1721 2341 1824 2375 dicere,
1845 2341 1969 2378 aliquem
1991 2341 2084 2370 facere

1231 2387 1337 2425 aliquid
1358 2395 1394 2416 ex
1416 2388 1569 2422 coactione,
1593 2395 1677 2425 quam
1700 2387 1776 2424 quod
1802 2388 1884 2417 faciat
1913 2388 1983 2417 illud
2016 2388 2084 2417 iuvi-

1231 2436 1310 2464 tus7:
1333 2443 1400 2472 ergo
1427 2435 1547 2464 liberum
1573 2435 1723 2463 arbitrium
1752 2435 1797 2464 vel
1823 2435 1996 2464 voluntatem
2023 2436 2083 2473 cogi

1231 2482 1266 2511 ad
1289 2485 1381 2511 actum
1411 2483 1559 2520 proprium
1582 2491 1635 2511 non
1658 2486 1700 2511 est
1720 2482 1812 2517 aliud,
1835 2491 1918 2520 quam
1942 2482 2017 2520 quod
2039 2490 2084 2511 vo-

1232 2530 1326 2558 luutas
1347 2529 1454 2567 aliquid
1469 2530 1537 2558 velit
1550 2530 1650 2564 invita;
1666 2529 1715 2559 sed
1737 2530 1760 2559 si
1781 2533 1823 2558 est
1845 2530 1931 2558 invita
1954 2533 2084 2567 respectu

1294 2688 1304 2702 ⁵
1321 2687 1375 2716 Cap.
1394 2688 1414 2709 8.
1434 2694 1453 2709 n.
1473 2688 1501 2709 2:
1520 2687 1642 2715 Quomodo
1665 2689 1699 2709 est
1715 2687 1777 2709 enim
1796 2689 1873 2709 contra
1894 2691 1999 2710 naturam
2018 2687 2082 2716 quod

1230 2727 1269 2749 Dei
1287 2727 1311 2749 fit
1328 2727 1456 2754 voluntate,
1475 2732 1528 2748 cum
1547 2727 1652 2749 voluntas
1671 2727 1724 2749 tanti
1736 2727 1816 2755 utique
1829 2726 1959 2749 Conditoris
1977 2726 2082 2750 conditae

1229 2768 1262 2789 rei
1280 2768 1392 2795 cuiusque
1411 2770 1490 2789 natura
1508 2767 1553 2788 sit?
1571 2765 1616 2789 Csr.
1634 2766 1689 2789 ibid.
1709 2772 1727 2788 c.
1746 2766 1767 2788 7.
1787 2773 1807 2788 11.
1831 2767 1847 2788 l.
1864 2779 1896 2782 —
1909 2767 1958 2789 Mox
1971 2767 1993 2788 in
2006 2767 2081 2794 prima

1229 2806 1330 2828 conclus.
1348 2812 1390 2833 pro
1409 2805 1536 2828 rioleiilitm
1553 2805 1619 2833 edd„
1637 2808 1731 2833 excepta
1755 2806 1777 2833 l,
1794 2811 1837 2834 per
1854 2805 2000 2828 violentiam.

1293 2844 1302 2859 ⁶
1320 2845 1364 2867 Csr.
1382 2845 1496 2873 Anselm„
1519 2845 1606 2872 Dialog.
1633 2845 1661 2867 de
1691 2844 1729 2867 lib.
1756 2844 1804 2867 arb.
1828 2851 1847 2867 c.
1866 2845 1894 2867 5:
1920 2845 1982 2867 Velle
2003 2848 2082 2867 autem

1230 2890 1274 2906 non
1293 2887 1367 2912 potest
1384 2885 1481 2911 invitus,
1505 2885 1558 2912 quia
1580 2884 1639 2906 velle
1662 2890 1706 2906 non
1733 2886 1807 2912 potest
1830 2884 1909 2906 nolens
1932 2884 2004 2908 velle:
2027 2889 2080 2906 nam

1229 2924 1304 2945 omnis
1322 2923 1401 2945 volens
1414 2924 1491 2951 ipsum
1503 2929 1572 2945 suum
1585 2923 1643 2945 velle
1661 2923 1716 2945 11111.
1731 2935 1761 2938 —
1773 2922 1828 2945 Cod.
1847 2923 1865 2945 T
1884 2922 1939 2952 qiiia
1958 2928 2012 2946 cum
2030 2921 2082 2945 vult

1228 2968 1253 2985 se
1272 2962 1328 2985 velle
1344 2961 1411 2992 plene
1428 2962 1503 2991 [psum
1522 2963 1604 2985 morel.

1292 3002 1301 3016 7
1319 3002 1374 3025 Cod.
1393 3008 1419 3025 cc
1435 3006 1457 3025 et
1474 3001 1510 3024 ed.
1533 3003 1537 3023 1
1560 3001 1637 3024 iizvite.
