2243 3425
769 185 812 213 AD
835 185 863 213 lt.
885 185 1007 214 LtBRUM
1029 185 1290 214 SENTENTIARUM.
1865 190 1908 219 Vll

222 262 234 290 ’5
253 263 272 284 2.
292 262 374 285 Pauca
395 261 512 291 quaedam
535 264 704 291 proponunto]-
727 262 754 285 de
779 264 844 286 [cartu
862 262 933 285 lucius
952 262 1006 286 libri

159 308 280 332 emendato
298 309 319 331 et
336 308 462 331 illustrato.

221 356 287 378 Omni
301 362 345 384 qua
359 357 478 384 potuimus
499 357 615 384 diligentia
628 357 751 379 editionem
762 356 895 378 Vaticanam
909 358 1004 378 correxi-

158 409 210 424 mus
227 404 359 425 auctoritate
378 403 496 429 codicum,
515 409 615 432 quorum
634 403 722 425 collatio
740 402 816 424 adhuc
834 403 944 424 maiorem
963 403 1005 424 sar-

157 449 260 476 ragin-ni
273 450 411 471 variantium
431 450 552 471 let-tionum
571 449 673 471 exhilmit
690 450 711 471 in
730 450 773 471 hoe
792 449 814 471 11.
828 449 886 471 libro
899 455 968 477 quam
982 450 1004 471 in

157 497 240 523 primo.
260 496 304 517 lam
317 497 338 518 in
356 497 468 524 principio
487 497 508 518 11.
527 496 693 518 distributionis
703 497 716 518 l.
727 496 852 518 voluminis
865 496 927 523 (pag.
942 495 1003 524 417),

156 543 179 565 in
197 544 300 571 apposita
314 545 370 566 nota
382 543 413 566 acl
430 543 547 571 lectorem,
562 544 752 569 observavimus,
766 549 808 565 nos
819 544 913 566 consilio
926 546 947 565 et
964 549 1005 565 au-

157 591 259 613 ctoritate
284 591 384 619 plurium
410 592 514 613 virorum
540 590 684 613 eruditorum
710 592 853 613 restrinxisse
879 597 1003 613 numerum

157 641 263 659 notarum
281 637 420 661 criticorum
430 656 436 665 ,
456 638 590 665 praesertim
609 638 630 659 in
643 644 682 665 eo,
697 638 759 666 quod
773 639 907 666 saepissime
920 638 1002 660 menda

157 687 178 706 et
195 684 297 707 delectus
314 685 418 706 editionis
438 684 557 706 Vaticanae
576 685 596 706 in
616 685 685 706 rebus
703 686 779 712 exigui
796 685 832 707 vei
851 685 897 707 sere
920 686 1004 707 nullius

156 732 265 754 momenti
284 732 463 759 correxerimus,
482 732 536 759 quin
555 732 597 753 hoc
615 732 636 753 in
655 732 713 753 notis
739 731 926 754 indicaverimus.
948 732 1002 754 istae

155 779 263 800 minutiae
281 785 373 806 semper
390 780 522 800 auctoritate
540 778 646 801 codicum
658 779 694 801 vel
708 780 855 808 antiquarum
873 779 1001 802 editionum

155 828 270 847 correctae
281 825 382 854 quidem,
393 828 415 847 at
425 831 468 847 non
480 825 599 851 indicatae,
609 826 630 847 in
641 825 742 854 qualibet
753 827 836 853 pagina
847 826 925 854 plures
934 827 1001 848 etiam

155 873 176 894 in
190 873 232 894 hoe
245 876 307 894 tomo
320 876 450 895 occurrunt.
463 873 513 894 Sola
526 877 603 895 autem
621 874 751 895 coniectura
765 874 845 899 innixi,
860 874 913 896 nihil
931 878 1002 897 muta-

154 920 243 946 vimus,
262 920 302 941 nisi
321 920 404 947 semel,
422 920 458 942 vel
478 919 512 942 bis
531 920 608 948 (quod
626 921 648 942 in
666 920 761 944 adiectis
774 922 833 943 notis
846 921 933 943 dictum
947 923 1002 949 est),

154 967 205 989 licet
222 967 337 995 quaedam
355 967 481 989 locutiones
506 967 542 989 vel
568 968 749 990 constructiones
775 974 857 996 parum
885 974 1002 996 congruae

154 1015 298 1036 occasionem
324 1014 399 1042 aliqua
427 1014 514 1036 minora
541 1014 644 1036 mutandi
670 1015 811 1043 quandoque
842 1015 999 1043 praebuerint.

153 1059 305 1083 Constitutum
318 1061 379 1083 enim
397 1061 464 1083 nobis
481 1065 540 1087 erat,
559 1067 603 1082 non
622 1061 740 1083 sallat-ibus
753 1062 897 1089 coniecturis,
911 1062 952 1084 sed
964 1068 1003 1083 au-

153 1109 254 1131 ctoritate
272 1108 378 1130 codicum
396 1108 560 1135 praecedentes
577 1108 689 1131 editiones
701 1109 824 1137 corrigere.
838 1110 863 1131 Et
875 1110 1002 1132 notandum

152 1159 193 1184 est,
210 1156 273 1185 quod
292 1157 441 1184 plerumque,
460 1162 506 1184 quo
525 1156 663 1179 difficiliores
679 1160 743 1179 erant
760 1158 906 1185 quaestiones
924 1160 1001 1181 tracta-

152 1209 202 1231 tae,
220 1210 247 1226 eo
261 1204 339 1232 plures
356 1207 377 1225 et
395 1204 514 1231 graviores
531 1210 621 1225 errores
639 1204 781 1231 irrepserunt
799 1206 820 1226 in
838 1205 932 1227 easdem
955 1206 1001 1228 edi-

152 1252 225 1274 tiones
251 1269 255 1278 ,
274 1254 295 1273 et
312 1257 339 1273 eo
358 1251 435 1279 plures
453 1254 475 1273 et
493 1251 612 1278 graviores
638 1251 745 1273 lectiones
762 1252 878 1274 variantes
896 1253 918 1274 in
940 1252 1000 1275 codi-

153 1297 218 1320 CIbus
236 1298 341 1319 inventae
359 1300 419 1319 sunt.

214 1344 408 1372 Operosissimum
427 1344 529 1366 studium
547 1344 719 1372 impendimus,
738 1348 762 1367 ut
788 1345 876 1373 fontes,
903 1347 999 1369 auctori-

151 1394 208 1413 tates
226 1395 247 1412 et
265 1391 338 1417 locos,
357 1397 383 1412 ex
401 1390 487 1419 quibus
505 1391 526 1412 S.
546 1391 627 1412 Doctor
652 1397 717 1413 suam
745 1391 872 1414 doctrinam
899 1393 935 1414 vel
958 1399 999 1415 sua

150 1440 286 1465 argumenta
305 1438 386 1465 hausit,
399 1441 609 1465 conquaererentur
626 1440 648 1459 et
659 1440 764 1459 accurate
777 1438 939 1465 indicarentur,
955 1445 999 1461 non

150 1488 237 1507 tantum
249 1489 308 1513 tunc,
321 1485 414 1514 quando
427 1485 476 1513 ipse
490 1485 623 1507 nominatim
634 1485 699 1507 affert
710 1485 809 1514 aliquem
820 1490 945 1513 auctorem,
958 1486 999 1508 sed

150 1532 231 1559 etiam,
249 1531 353 1560 quando,
372 1532 439 1554 tacito
457 1532 549 1553 nomine
567 1532 679 1559 auctoris,
697 1535 721 1554 ut
744 1532 879 1559 saepissime
905 1533 998 1560 evenit,

149 1579 220 1601 variis
237 1580 385 1607 antiquorum
407 1579 490 1606 effatis,
509 1578 680 1601 definitionibus
703 1583 725 1601 et
750 1580 894 1607 argumentis
920 1580 997 1602 utitur.

149 1626 210 1648 Licet
226 1625 306 1649 omnia
325 1627 393 1648 huius
410 1627 501 1654 generis
519 1627 621 1648 invenire
639 1630 661 1648 et
678 1626 759 1649 afferre
784 1627 812 1649 sit
837 1627 997 1655 impossibile,

150 1676 225 1695 tamen
244 1679 268 1695 ea
287 1679 346 1702 quae
363 1673 384 1694 in
403 1673 462 1695 notis
480 1672 635 1695 indicavimus
661 1674 766 1695 sufficere
784 1680 852 1701 posse
872 1678 997 1702 putamus,

150 1723 174 1742 ut
191 1720 341 1742 admiratione
364 1720 476 1743 afficiatur
494 1721 532 1748 qui
551 1720 695 1747 considerat,
722 1724 805 1749 quanta
833 1721 949 1749 diligentia
976 1725 998 1744 et

149 1768 240 1789 scientia
259 1767 398 1795 Sei-aphicus
415 1767 499 1789 Ductor
517 1768 617 1789 hauserit
636 1773 663 1789 ex
683 1767 792 1789 omnibus
812 1769 926 1797 antiquae,
949 1774 996 1791 tum

149 1820 226 1836 sacrae
240 1818 287 1836 tum
301 1814 416 1842 profanae,
430 1814 554 1841 sapientiae
566 1813 681 1841 sontibus,
695 1815 733 1842 qui
747 1815 783 1836 illa
795 1817 868 1837 aetate
880 1815 997 1842 patebant.

149 1861 258 1882 Putamus
275 1865 364 1888 autem,
378 1860 485 1888 improbo
504 1861 524 1882 in
543 1861 686 1889 inquirendis
704 1861 751 1883 istis
770 1865 847 1884 nostro
865 1862 943 1884 labore
956 1862 997 1884 do-

148 1908 243 1929 ctrinam
262 1908 330 1929 huius
347 1907 509 1930 Commentarii
529 1914 572 1930 non
592 1914 674 1935 parum
693 1908 814 1933 illustrari,
841 1910 949 1936 explicari
975 1915 996 1932 et

148 1955 286 1977 confirmari.
305 1955 429 1982 Praeterea,
442 1956 543 1977 inventio
556 1956 651 1977 istorum
671 1956 773 1978 locorum
787 1957 808 1977 in
823 1957 929 1984 plurimis
942 1957 996 1980 locis

147 2002 214 2024 vante
233 2001 299 2024 nobis
318 2003 416 2030 profuit,
436 2007 473 2027 ut,
493 2003 595 2030 inspecto
613 2003 735 2030 originali,
754 2004 812 2026 inter
835 2005 943 2026 lectiones
960 2011 995 2027 co*

147 2049 223 2071 dicum
250 2049 386 2072 dissidentes
409 2050 478 2072 tutius
496 2050 606 2077 genuinas
630 2043 738 2078 seligere'
753 2052 912 2078 potuerimus;
931 2051 995 2080 quod

146 2097 271 2125 praecipue
291 2098 367 2119 evenit
391 2097 412 2118 in
439 2097 494 2119 loeis
516 2097 619 2124 allegatis
639 2103 664 2119 ex
687 2097 832 2119 versionibus
854 2099 993 2126 Aristotelis,

145 2150 204 2172 quae
227 2145 330 2166 terminis
352 2147 373 2166 et
391 2144 544 2166 locutionibus
561 2144 684 2172 obsoletis,
710 2145 838 2172 peregrinis
855 2148 877 2167 et
901 2146 994 2168 exoticis

145 2191 264 2213 abundare
282 2191 360 2213 solent.

208 2238 317 2266 Denique,
335 2238 398 2266 quod
410 2239 489 2260 attinet
505 2241 606 2260 nostram
618 2238 742 2261 editionem
757 2239 806 2261 libri
824 2240 993 2262 Sententiarum

145 2287 202 2309 Petri
226 2286 364 2313 Lombardi,
383 2286 520 2308 remittimus
538 2286 645 2308 lectorem
664 2286 692 2308 ad
711 2287 876 2315 Prolegomena
900 2288 993 2315 saepius

145 2333 234 2355 laudata
253 2339 272 2355 c.
291 2334 311 2355 3.
331 2334 399 2361 (pag.
413 2333 540 2360 Lxxxu).
558 2338 580 2355 et
597 2333 762 2362 adiungimus,
781 2334 845 2362 quod
864 2340 904 2357 eos
931 2335 992 2357 locos

144 2381 258 2408 Magistri,
277 2387 336 2409 quos
352 2381 374 2403 S.
387 2381 545 2402 Eoum-emtum
564 2381 585 2402 in
603 2379 679 2403 dubiis
692 2380 755 2404 circo
769 2380 873 2404 litteram
882 2381 994 2410 Mayistrz·

144 2427 241 2454 explicat
257 2430 279 2448 et
296 2432 365 2454 saepe
379 2427 489 2455 exquisita
507 2426 609 2449 doctrina
629 2427 738 2454 illustrat,
757 2434 800 2454 pro
818 2428 942 2449 commodo
960 2429 993 2450 le-

144 2473 247 2500 gentium
265 2473 433 2500 indicavimus,
452 2473 560 2500 ponendo
578 2473 607 2495 ad
625 2474 755 2500 marginem
774 2477 847 2495 textus
865 2474 989 2496 Lombardi

143 2526 225 2541 vocem
243 2518 341 2541 dubium
358 2525 411 2541 cum
430 2526 471 2541 suo
490 2526 593 2541 numero.
605 2520 796 2547 —Allegavimus
814 2521 836 2541 in
850 2521 908 2543 notis
921 2527 990 2548 saepe

144 2566 247 2589 codicem
265 2567 395 2594 (signatum
408 2566 483 2594 E1·f.),
497 2567 536 2595 qui
553 2569 587 2588 est
605 2567 626 2588 in
644 2567 781 2589 bibliotheca
797 2567 879 2590 nobilis
892 2569 990 2591 civitatis

143 2614 308 2639 Ersordiensis,
327 2615 347 2635 in
367 2614 498 2635 collectione
519 2614 669 2641 Amploniana
683 2614 713 2640 (n.
731 2615 797 2642 tos),
817 2621 870 2637 cum
888 2615 916 2637 ad
931 2622 990 2638 mar-

141 2661 218 2688 ginem
232 2661 342 2688 plurimas
356 2664 420 2683 notas
433 2660 530 2687 habeat,
548 2661 634 2689 quibus
652 2661 737 2683 indicat
750 2661 822 2689 locos,
837 2661 897 2684 unde
911 2662 990 2685 Petrus

142 2708 287 2730 Lombardus
304 2715 344 2730 sua
363 2708 421 2730 dicta
440 2708 574 2735 depromsit.
594 2708 625 2730 De
643 2709 686 2730 hoc
704 2708 783 2731 codice
807 2715 848 2731 nos
875 2711 990 2731 humanis·

141 2756 198 2777 sime
216 2756 324 2778 certiores
346 2756 396 2777 fecit
422 2755 448 2777 cl.
469 2755 490 2777 Ρ.
510 2755 576 2777 Henr.
594 2755 680 2777 Denifle
699 2755 724 2777 Ο.
744 2756 838 2784 praed,
865 2757 900 2778 cui
927 2757 989 2779 hisce

141 2803 228 2824 sincere
246 2806 267 2824 et
285 2801 376 2829 publice
395 2803 479 2829 gratias
497 2803 595 2829 agimus.
614 2802 745 2824 Praedictae
768 2807 849 2831 notae,
869 2803 989 2831 diligenter

141 2855 168 2871 ex
186 2850 228 2871 isto
246 2848 325 2871 codice
343 2850 507 2877 transcriptae,
526 2855 611 2877 niagno
635 2849 701 2871 nobis
727 2850 778 2871 usui
805 2850 910 2878 suerunt,
938 2851 989 2874 licet

141 2897 162 2918 in
181 2896 231 2924 ipso
244 2902 295 2918 raro
313 2896 402 2918 numeri
420 2896 588 2924 capitulorum,
607 2899 629 2918 et
645 2902 714 2924 saepe
732 2898 798 2919 etiam
818 2899 908 2920 numeri
922 2898 988 2920 libro-

143 2949 194 2965 rum
213 2949 257 2965 non
276 2944 413 2966 conveniant
431 2949 484 2966 cum
503 2944 585 2966 nostris
601 2943 747 2966 editionibus.

1073 356 1177 386 Codices
1193 366 1210 386 a
1224 356 1300 387 nobis
1315 366 1377 388 cum
1392 358 1470 388 textu
1485 358 1639 389 Vaticanae
1655 359 1782 390 editionis
1797 360 1898 391 collati.

1130 452 1146 473 1.
1165 452 1250 475 Assisiz*
1266 454 1287 474 in
1306 453 1416 481 Umbria,
1439 453 1576 476 bibliotheca
1595 454 1728 478 Conventus
1753 457 1824 478 sancti
1844 457 1910 479 Fran-

1062 499 1131 526 cisci,
1149 499 1221 521 codex
1240 500 1430 523 membranaceus
1448 502 1470 523 in
1488 502 1541 524 solio
1560 503 1643 524 saeculi
1658 503 1716 525 XlV.
1737 504 1846 532 ineuntis,
1860 505 1909 526 sine

1062 545 1107 567 ullo
1126 551 1230 567 numero.
1249 546 1342 574 incipit:
1360 546 1515 571 Solzunmodo
1534 548 1577 571 boc
1594 548 1680 577 bromii,
1700 549 1764 579 quod
1776 550 1838 573 Deus
1855 549 1911 579 fecit

1061 591 1180 614 bominem
1198 594 1300 620 ret-tam,
1321 595 1341 615 et
1359 594 1406 623 [pse
1423 600 1447 617 se
1464 594 1562 624 infinitis
1580 595 1709 619 immiscuit
1726 596 1908 625 quaestionibus.

1062 638 1166 662 Sollicite
1184 640 1345 663 consideranti
1369 645 1411 663 etc.
1430 641 1530 665 Desinit:
1549 642 1603 665 laus
1619 645 1642 666 et
1657 643 1784 672 [vipereum.
1800 650 1843 673 per
1859 644 1909 675 infi-

1061 686 1111 709 nilo
1128 687 1225 710 saecula
1235 687 1396 711 saecularum.
1410 690 1492 712 Amen.
1506 689 1612 718 Explicit
1623 689 1681 713 leber
1692 690 1812 713 secandus
1823 690 1909 720 fratris

1060 733 1234 756 Beneventum.
1248 734 1334 756 Deinde
1351 735 1472 757 subiicitur
1489 736 1556 758 index
1575 738 1736 765 quaestionum
1750 741 1772 759 et
1787 738 1910 760 distinctio>

1061 786 1123 801 num.
1141 793 1171 796 —
1189 780 1265 803 Codex
1283 781 1373 809 bonus,
1391 782 1432 804 sed
1452 788 1495 804 non
1514 789 1587 810 pauca
1606 784 1684 811 addit,
1711 788 1735 806 ut
1760 785 1908 812 notavimus,

1060 827 1199 856 plerumque
1218 832 1292 850 tamen
1310 828 1339 850 ab
1357 829 1406 851 aliis
1428 830 1527 858 antiquis
1554 830 1673 853 codicibus
1691 837 1735 853 non
1761 831 1865 853 discedit.
1884 833 1906 854 ln

1062 875 1120 896 notis
1138 875 1242 902 signatur
1260 875 1330 898 littera
1349 876 1374 898 Α.

1125 922 1145 943 2.
1164 921 1258 950 Ibidem,
1278 922 1329 944 cod.
1348 923 1446 945 membr.
1465 924 1486 945 in
1504 924 1542 946 sol.
1559 931 1619 947 saec.
1638 925 1694 947 Xlll.
1714 925 1757 948 sub
1779 926 1835 954 fine,
1848 927 1907 954 sign.

1060 974 1082 989 n.
1100 968 1137 990 38.
1156 969 1226 996 lncip.
1245 973 1266 991 et
1284 969 1357 992 desin.
1375 971 1433 992 sicut
1451 971 1599 998 praecedens.
1619 972 1642 993 Ei
1661 978 1755 1001 quoque
1773 973 1866 996 additur
1883 975 1905 996 in

1061 1015 1120 1037 fine:
1138 1015 1242 1045 Eoeplz'cz't
1260 1016 1318 1039 liber
1335 1017 1454 1041 seczmdus
1470 1018 1555 1047 fratris
1573 1019 1739 1043 Boniti-*entare
1750 1039 1756 1047 ,
1784 1025 1806 1043 et
1832 1021 1907 1044 tabula

1061 1064 1328 1092 quaestionum—Non
1347 1068 1380 1087 est
1397 1067 1490 1093 proprie
1507 1072 1518 1088 a
1538 1066 1604 1089 nobis
1622 1067 1717 1090 collatus
1731 1086 1736 1095 ,
1754 1068 1795 1091 sed
1820 1071 1907 1091 tantum

1059 1110 1143 1133 alicubi
1161 1111 1286 1139 inspectus.
1304 1112 1367 1140 Sign.
1386 1113 1411 1134 G.

1123 1157 1144 1178 3.
1162 1156 1262 1185 Ibidem,
1283 1158 1333 1180 cod.
1352 1165 1373 1180 n.
1386 1159 1423 1187 70,
1440 1159 1538 1182 membr.
1552 1161 1573 1182 in
1595 1161 1633 1183 sol.
1650 1167 1709 1184 saec.
1723 1162 1778 1184 Xlll.
1791 1164 1906 1191 exeuntis,

1059 1203 1147 1232 absque
1165 1205 1314 1231 operimentis
1331 1209 1353 1227 et
1370 1206 1471 1228 mutilus.
1489 1206 1576 1229 Desunt
1592 1209 1653 1229 enim
1674 1210 1820 1237 quaestiones
1844 1217 1855 1232 a
1883 1211 1906 1233 d.

1063 1248 1096 1271 15.
1115 1255 1187 1278 usque
1205 1250 1234 1272 ad
1253 1251 1275 1273 d.
1294 1251 1329 1273 24.
1348 1258 1367 1274 a.
1386 1253 1407 1274 ⁴2.
1427 1253 1494 1280 lncip.
1513 1256 1535 1275 et
1552 1253 1633 1282 desim,
1653 1259 1676 1277 ut
1693 1256 1715 1277 in
1730 1255 1803 1278 editis.
1818 1257 1904 1279 Recens

1059 1302 1141 1318 manus
1160 1298 1276 1324 praemisit
1294 1299 1371 1320 initio:
1391 1298 1544 1327 Quaestioaes
1562 1300 1704 1331 tlteoloyicae
1720 1308 1793 1332 super
1804 1304 1832 1326 Il.
1851 1303 1906 1327 Sea.-

1058 1343 1187 1367 tentz'arum
1207 1344 1231 1367 S.
1250 1345 1438 1369 Boiztweiztnrae.
1455 1359 1487 1363 —
1505 1348 1541 1370 Est
1558 1348 1609 1370 cod.
1627 1350 1728 1372 melioris
1746 1353 1811 1372 notae
1822 1369 1827 1379 ,
1845 1358 1856 1373 a
1875 1352 1906 1374 di-

1058 1391 1131 1412 versis
1149 1390 1256 1413 manibus
1273 1391 1302 1414 ad
1321 1393 1450 1420 marginem
1468 1391 1599 1422 correctus,
1618 1402 1678 1424 quae
1701 1398 1855 1420 correctiones
1872 1399 1906 1420 in-

1057 1436 1148 1459 terdum
1166 1439 1308 1460 conveniunt
1324 1445 1377 1461 cum
1396 1440 1531 1463 lectionibus
1549 1442 1655 1464 editionis
1677 1444 1694 1465 1.
1712 1444 1774 1471 sign.
1794 1444 1833 1466 bb.

1121 1483 1140 1506 4.
1154 1484 1314 1508 Autissiozlori
1330 1487 1352 1508 in
1373 1487 1455 1513 Gallia,
1472 1487 1609 1511 bibliotheca
1628 1489 1742 1517 Civitatis,
1761 1491 1812 1513 cod.
1825 1492 1905 1514 distin-

1057 1533 1137 1553 ctusn.
1161 1529 1249 1559 13.bi⁵·,
1261 1532 1360 1554 membr.
1373 1534 1394 1554 in
1414 1533 1439 1561 4,
1457 1540 1516 1556 saec.
1530 1535 1589 1556 XIV.
1607 1541 1697 1558 exeunt.
1711 1537 1793 1565 lncip.:
1812 1537 1905 1561 Solum-

1056 1577 1125 1600 moclo
1143 1577 1186 1601 hoc
1203 1578 1282 1601 iiicenz'
1297 1582 1339 1601 etc.
1359 1580 1441 1608 basin„
1459 1585 1483 1603 ut
1497 1583 1572 1604 ceteri.
1586 1583 1657 1605 Hine:
1670 1584 1734 1606 Laus
1750 1584 1781 1607 sit
1797 1584 1903 1615 tibiXte,

1054 1624 1168 1654 quoniam
1186 1624 1245 1648 liber
1262 1626 1359 1655 aptit-[t
1369 1626 1417 1650 iste.
1431 1629 1541 1656 Sequitur
1559 1630 1626 1652 index
1644 1632 1813 1659 quaestionum.
1834 1633 1904 1656 Vacat

1056 1678 1139 1694 nomen
1157 1674 1265 1695 auctoris.
1282 1686 1313 1689 —
1331 1674 1442 1697 llonvenit
1464 1682 1516 1698 cum
1543 1677 1643 1705 antiquis
1660 1677 1728 1700 codd.
1746 1678 1846 1701 Collatus
1871 1683 1905 1703 est

1054 1725 1065 1741 a
1084 1719 1109 1741 D.
1128 1720 1256 1748 Messager,
1275 1722 1340 1743 cuius
1358 1722 1379 1743 in
1399 1722 1491 1749 syllabo
1504 1723 1611 1746 codicum
1631 1725 1643 1746 l.
1665 1728 1718 1747 tom.
1737 1732 1757 1748 n.
1777 1726 1813 1748 26.
1837 1730 1903 1755 grato

1055 1768 1132 1789 animo
1149 1768 1290 1790 mentionem
1308 1769 1411 1791 fecimus.
1429 1770 1492 1797 Sign.
1510 1770 1535 1792 U.

1118 1814 1138 1835 5.
1158 1814 1236 1837 Cim-is
1258 1814 1346 1844 Aquis,
1366 1816 1387 1837 in
1414 1815 1515 1845 Collegio
1541 1819 1611 1840 sancti
1639 1819 1824 1847 Bonaxcnturae,
1849 1821 1900 1844 cod.

1054 1862 1124 1884 chart.
1142 1868 1201 1884 saec.
1220 1863 1270 1890 XV,
1283 1864 1322 1891 qui
1335 1864 1495 1892 complectitur
1515 1864 1698 1889 Commentarios
1715 1868 1785 1890 sancti
1798 1868 1902 1892 Doctoris

1054 1909 1075 1930 in
1093 1908 1170 1931 libros.
1190 1910 1203 1931 1.
1222 1913 1244 1931 et
1261 1910 1284 1932 ll.
1303 1911 1560 1934 Sententiarum—De
1578 1913 1660 1935 eodem
1679 1915 1724 1936 iam
1740 1915 1807 1938 locuti
1820 1922 1902 1940 sumus

1052 1961 1106 1979 tom.
1125 1957 1138 1978 l.
1158 1963 1210 1984 pag.
1230 1957 1357 1985 LXXVlll,
1377 1964 1398 1980 n.
1417 1958 1454 1980 35.
1472 1959 1495 1981 ln
1522 1960 1565 1982 hoc
1584 1960 1606 1982 ll.
1633 1960 1690 1983 libro
1717 1961 1778 1984 idem
1796 1963 1824 1984 ita
1852 1970 1902 1991 per-

1053 2003 1111 2025 lecto
1129 2007 1150 2025 rt
1169 2010 1264 2031 prorsus
1281 2005 1392 2032 singulari
1411 2006 1481 2028 modo
1499 2012 1552 2028 cum
1571 2007 1607 2029 ed.
1632 2008 1636 2029 1
1659 2010 1773 2036 convenit,
1792 2011 1860 2032 etiam
1879 2012 1900 2033 in

1052 2052 1211 2074 minutissimis
1229 2051 1310 2080 rebus,
1331 2056 1354 2074 ut
1371 2054 1392 2075 in
1413 2056 1457 2075 toto
1476 2054 1533 2076 libro
1552 2055 1588 2077 vix
1607 2056 1682 2084 aliqua
1700 2056 1788 2084 syllaba
1810 2058 1840 2080 ab
1864 2059 1900 2081 illa

1052 2089 1154 2121 <litterae
1167 2099 1237 2122 Etiam
1256 2101 1278 2122 in
1296 2100 1470 2123 incredibilibus
1488 2102 1608 2125 erroribus
1626 2105 1767 2127 concordant
1784 2112 1805 2128 v.
1819 2113 1841 2134 g.
1855 2113 1899 2129 non

1051 2152 1102 2167 raro
1121 2145 1190 2168 ambo
1208 2146 1312 2168 scribunt
1331 2146 1450 2175 Dgsabolus
1468 2147 1523 2170 (licit
1541 2154 1582 2175 pro
1596 2148 1723 2179 Dionysias
1741 2150 1802 2174 dicit.
1821 2151 1898 2174 Codex

1050 2196 1126 2215 autem
1137 2194 1178 2215 iste
1191 2193 1293 2215 abundat
1305 2194 1369 2221 siglis
1381 2195 1560 2223 compendiosis,
1574 2202 1617 2218 non
1630 2203 1687 2218 vero
1699 2197 1775 2220 editio.
1789 2198 1852 2226 Sign.
1865 2205 1898 2222 cc.

1114 2240 1136 2262 6.
1153 2239 1254 2268 Ibidem,
1274 2240 1325 2262 cod.
1350 2240 1448 2262 membr.
1475 2242 1496 2262 in
1523 2241 1559 2263 sol.
1585 2248 1645 2264 saec.
1671 2243 1725 2265 Xlll.
1749 2245 1852 2267 exeuntis
1877 2249 1898 2268 et

1050 2288 1148 2309 ineuntis
1166 2287 1229 2315 XlV,
1248 2294 1259 2309 a
1279 2287 1371 2310 duabus
1397 2287 1504 2310 inanibus
1522 2292 1543 2311 et
1561 2290 1640 2316 parvis
1657 2290 1736 2312 litteris
1753 2296 1859 2314 exaratus
1877 2296 1898 2315 et

1050 2334 1156 2359 mutilus3
1182 2333 1265 2355 desunt
1290 2334 1350 2355 enini
1369 2340 1449 2356 omnes
1467 2334 1622 2357 distinctiones
1639 2342 1651 2357 a
1669 2336 1690 2358 d.
1710 2336 1746 2358 35.
1771 2349 1802 2353 —
1823 2338 1898 2361 scatet

1050 2381 1155 2409 plurimis
1172 2385 1194 2403 et
1211 2381 1355 2408 gravissimis
1373 2382 1447 2409 vitiis,
1466 2383 1601 2409 praesertim
1619 2383 1791 2406 omissionibus.
1804 2385 1842 2407 Est
1854 2386 1897 2408 sin-

1049 2429 1135 2456 gularis
1153 2429 1211 2450 inter
1228 2429 1334 2456 antiquos
1352 2429 1419 2450 codd.
1439 2429 1583 2451 multitudine
1600 2431 1739 2453 variantium
1757 2432 1896 2462 lectionum,

1049 2481 1148 2503 quarum
1164 2475 1248 2497 multae
1266 2475 1287 2496 in
1306 2475 1366 2497 nullo
1384 2475 1427 2496 alio
1445 2475 1495 2497 cod.
1514 2476 1662 2499 inveniuntur
1679 2478 1721 2500 nisi
1740 2479 1855 2502 interdum
1874 2481 1895 2503 in

1048 2522 1098 2543 cod.
1122 2521 1146 2544 Y.
1171 2522 1245 2549 Saepe
1270 2523 1311 2543 hae
1335 2523 1443 2545 lectiones
1465 2526 1519 2545 sunt
1544 2530 1639 2551 prorsus
1665 2525 1846 2555 improbabiles,
1873 2528 1894 2550 in

1049 2568 1163 2589 nonnullis
1181 2571 1255 2589 taincn
1274 2568 1329 2590 locis
1346 2568 1486 2592 videbantur
1506 2570 1573 2593 nobis
1590 2572 1704 2599 genuinae
1722 2576 1743 2594 et
1760 2574 1781 2595 in
1808 2577 1893 2597 textum

1047 2619 1101 2637 sunt
1118 2620 1229 2643 receptae.
1249 2616 1312 2644 Sign.
1330 2622 1364 2638 aa.

1111 2661 1132 2683 7.
1151 2661 1290 2690 Cracovicte,
1305 2662 1326 2683 in
1340 2661 1476 2685 bibliotheca
1495 2663 1663 2693 Universitatis,
1676 2666 1715 2688 Ms.
1730 2666 1796 2689 1253.
1810 2669 1854 2690 ΑΛ.
1868 2668 1895 2690 V.

1047 2709 1083 2736 32,
1103 2708 1199 2730 membr.
1219 2709 1239 2730 in
1258 2709 1296 2731 sol.
1314 2716 1372 2732 saec.
1391 2710 1446 2732 Xlll.
1460 2711 1481 2732 in
1498 2711 1550 2733 fine.
1564 2711 1608 2734 Fol.
1627 2713 1644 2734 1.
1663 2718 1745 2735 manus
1763 2720 1822 2736 saec.
1835 2715 1896 2738 XlV.

1046 2757 1164 2784 praemisit
1176 2755 1347 2779 Commentario
1365 2759 1420 2780 haec
1438 2758 1523 2781 verba:
1541 2759 1663 2789 Scriptum
1675 2761 1815 2785 venerabilis
1827 2769 1895 2786 sacre

1045 2804 1130 2834 pagine
1155 2805 1297 2834 professoris
1321 2805 1486 2829 Bonarenture
1515 2806 1606 2830 ordinis
1630 2806 1738 2836 fratrum
1762 2809 1893 2833 minorum.

1045 2852 1098 2874 Inde
1116 2852 1158 2874 col.
1177 2853 1197 2874 vl.
1215 2851 1371 2876 solummodo
1389 2852 1432 2876 hoc
1449 2853 1528 2876 invem·
1544 2857 1586 2876 etc.
1605 2854 1687 2882 Desin,
1708 2859 1731 2878 ut
1748 2855 1801 2878 edit.
1812 2869 1842 2872 —
1853 2857 1894 2880 Hie

1044 2902 1066 2921 et
1083 2906 1130 2928 seq.
1149 2899 1200 2921 cod.
1218 2900 1275 2922 inter
1292 2906 1316 2922 se
1334 2900 1471 2930 plerumque
1492 2903 1642 2930 conveniunt,
1662 2908 1704 2925 nec
1721 2909 1764 2925 non
1783 2904 1804 2925 in
1823 2903 1893 2927 rebus

1044 2946 1208 2974 principalibus
1225 2952 1278 2969 cum
1296 2948 1394 2976 antiquis
1405 2948 1473 2970 codd.
1486 2948 1508 2970 ln
1521 2949 1647 2972 levioribus
1663 2953 1740 2973 autem
1753 2950 1823 2973 robus
1835 2955 1892 2974 uter-
