2243 3425
212 1204 317 1224 Conclusio.

200 1299 289 1318 Rationes
307 1299 324 1317 [ι.

193 1582 325 1602 Cornum-ium.

207 2288 279 2307 Salutio
292 2293 324 2312 op-

212 2313 322 2336 positorum.

340 218 397 247 378

335 297 370 325 ad
393 295 663 325 sulmiinistrandum
686 295 723 324 ei:
747 302 813 331 ergo
829 302 941 323 necesse
962 297 1016 328 est,
1038 294 1186 331 1111011001·-

334 353 388 382 pus
410 344 444 373 sit
459 346 555 381 aptum
577 346 604 371 et
619 342 749 371 idoneum
773 341 808 370 ad
824 341 950 370 diversas
972 341 1147 378 operationes
1160 340 1186 376 ¹3

335 391 384 420 sed
406 398 460 419 non
483 393 524 419 est
545 392 642 426 aptum
665 389 701 417 ad
723 389 849 418 diversas
865 388 1047 425 operaciones
1068 387 1120 416 nisi
1136 395 1186 425 per

335 438 461 466 diversas
482 437 620 470 virtutes,
642 444 691 465 nec
714 436 750 464 ad
772 436 898 464 diversas
920 435 1043 463 virtutes
1064 434 1115 463 nisi
1137 442 1186 471 per

335 485 461 514 diversas
482 488 621 517 naturas,
643 491 692 512 nec
715 482 800 511 habet
821 483 948 511 diversas
962 485 1111 515 naturas,
1135 482 1185 511 nisi

334 533 400 570 quia
421 540 457 560 ex
480 531 598 560 diversis
620 530 820 567 compositum:
843 537 910 567 ergo
930 532 980 558 etc.

412 579 438 607 li.
455 578 535 612 item,
550 581 655 615 quanto
670 577 760 605 forma
774 576 912 614 posterior
927 579 954 605 et
966 575 1091 610 ulterior,
1111 578 1186 603 tanto

334 626 467 660 nobilior,
482 633 533 662 pro
549 633 581 653 eo
596 624 669 662 quod
687 624 827 653 anteriora
843 627 908 652 sunt
924 623 1080 652 materialia
1095 630 1186 660 respe-

333 677 381 703 ctu
392 673 580 711 posteriorum
591 672 613 700 ²:
630 680 696 709 ergo
712 671 831 700 nobilior
843 674 884 700 est
899 671 989 699 forma
1004 670 1084 699 mixti
1101 678 1185 707 quam

333 721 423 750 forma
443 720 581 749 elementi.
597 720 623 748 Si
639 727 706 756 ergo
727 719 820 747 anima
836 718 987 753 sensibilis,
1002 726 1066 747 cum
1086 717 1120 746 sit
1135 717 1187 746 for-

333 776 379 797 ma
393 767 506 802 nobilis,
522 767 604 796 debet
626 766 731 795 habere
746 774 849 803 corpus
870 765 975 799 nobile,
995 773 1062 802 ergo
1084 772 1187 801 corpus

333 815 462 845 animalis
477 823 531 844 non
547 818 656 843 tantum
672 822 725 842 non
742 817 783 842 est
799 821 902 851 corpus
918 813 1048 850 simplex,
1061 812 1109 841 sed
1126 820 1187 840 con-

334 865 410 891 stans
431 870 466 891 ex
489 862 609 891 diversis
631 861 782 890 elementis.

650 947 864 969 CONCLUSIO.

396 1020 528 1056 Corpora
551 1018 729 1047 animalium
751 1018 854 1047 liabent
878 1018 908 1045 in
932 1026 962 1045 se
985 1021 1127 1045 naturam

580 1070 709 1104 quatuor
730 1065 943 1093 elementorum.

415 1146 588 1174 Rnsroxnno:
612 1144 782 1172 Defeniilum.
804 1143 879 1180 quod
901 1143 1008 1180 absque
1028 1142 1115 1171 (1111110
1131 1150 1188 1170 ror-

334 1201 404 1231 pora
423 1192 585 1221 animalium
610 1191 713 1219 liabent
735 1191 760 1218 in
784 1198 813 1219 se
831 1193 977 1218 viaturam
999 1193 1121 1227 quatuor
1136 1189 1188 1217 ele-

335 1243 510 1273 mentorum,
542 1239 614 1267 sicut
642 1241 785 1266 ostensum
808 1241 850 1266 est
881 1245 931 1274 per
960 1240 1081 1274 quatuor
1109 1236 1188 1264 ratio-

335 1296 400 1321 nes,
422 1290 482 1316 tum
505 1290 619 1324 propter
642 1286 706 1318 hoc,
738 1288 769 1313 ut
791 1285 845 1314 sint
867 1285 966 1313 idonea
995 1285 1030 1313 ad
1052 1292 1188 1317 sensam,-

334 1339 393 1364 tum
411 1336 525 1371 propter
541 1333 605 1367 hoc,
627 1335 658 1361 ut
674 1332 728 1361 sint
744 1332 843 1360 idonea
859 1331 895 1360 ad
910 1335 1036 1365 motmim
1052 1334 1112 1359 tum
1128 1339 1189 1368 pro-

334 1386 396 1420 pter
411 1382 477 1414 hoe,
493 1384 524 1409 ut
546 1381 601 1408 sint
616 1380 715 1408 idonea
734 1379 768 1407 ad
785 1378 1032 1416 mzttcz'pltm'catent
1048 1378 1189 1416 operatio-

336 1430 397 1463 ni&
418 1432 476 1457 tum
501 1431 615 1465 propter
636 1427 702 1461 1100,
725 1429 755 1455 ut
778 1426 804 1454 in
821 1434 851 1454 se
872 1425 994 1454 habeant
1017 1426 1188 1463 inquitatem

336 1475 569 1513 complectoizzlsz
602 1482 674 1512 quae
697 1474 789 1502 omnia
813 1476 976 1510 competunt
998 1473 1036 1501 illi
1059 1474 1189 1510 corpori,

335 1524 409 1562 quod
439 1522 583 1560 perficitur
612 1522 705 1550 anima
733 1521 919 1550 sensibili.-—
936 1521 966 1549 Et
995 1525 1109 1558 propter
1137 1521 1189 1549 hoc

335 1572 418 1601 debet
439 1571 543 1599 habere
565 1570 687 1607 aliquem
701 1569 834 1607 yraclum
846 1567 1010 1606 perfecttmn
1025 1568 1188 1601 wambonis,

335 1619 382 1648 ubi
405 1626 458 1646 non
474 1621 581 1646 tantum
598 1616 628 1645 tit
644 1617 755 1647 mixtio.
771 1616 819 1645 sed
839 1616 920 1644 etiam
938 1615 1112 1652 complex-tm
1130 1623 1190 1652 per-

335 1667 404 1696 fecta
420 1669 512 1695 autem
530 1664 628 1693 mixtio
644 1672 698 1692 non
713 1667 763 1698 est,
779 1671 927 1701 quousque
940 1666 1109 1692 concurrant
1124 1671 1189 1700 qua-

335 1718 399 1743 tuor
421 1714 566 1742 elementa.
590 1713 677 1749 Aqitct
699 1712 789 1746 enim,
812 1719 875 1739 cum
899 1711 933 1739 sit
955 1710 1085 1739 subtilior
1115 1714 1189 1739 terra

336 1762 364 1790 in
386 1760 505 1798 [lecupla
527 1759 719 1797 proportione,
742 1762 868 1795 penetrat
894 1761 988 1795 partes
1010 1760 1117 1791 terrae3
1140 1757 1188 1786 sed

336 1817 390 1837 non
406 1808 540 1845 perfecte.
556 1815 607 1843 pro
622 1814 654 1834 eo
669 1806 742 1843 quod
760 1805 884 1842 aliquam
900 1805 1001 1833 habeat
1021 1805 1187 1841 grossitiem.

336 1857 396 1884 Atei·
419 1863 501 1889 vern,
523 1854 570 1891 qui
586 1857 627 1882 est
649 1853 777 1882 subtilior
800 1853 827 1881 in
843 1852 972 1889 centupla
996 1852 1188 1889 proportione,

336 1903 428 1932 adhuc
458 1902 584 1930 intimius
610 1909 638 1929 se
661 1900 846 1937 111-0101111314.
880 1899 931 1928 Sed
955 1899 1049 1936 tortis,
1072 1899 1118 1936 qui
1148 1902 1189 1927 est

337 1949 465 1979 subtilior
481 1952 507 1977 et
523 1948 612 1976 rarior
629 1948 654 1975 in
670 1947 819 1975 millesima
842 1947 1036 1983 proportione,
1059 1954 1107 1975 sua
1126 1946 1189 1974 sub-

336 1997 433 2026 tilitate
456 1999 582 2033 penetrat
604 2002 693 2032 usque
716 1994 750 2022 ad
774 1994 883 2028 intima,
907 1997 934 2022 et
956 1993 1040 2022 510111
1062 1993 1189 2022 alteratio

337 2045 419 2081 plena
447 2051 537 2080 usque
566 2042 601 2070 ad
628 2041 740 2069 minima
771 2045 798 2070 et
819 2040 922 2069 ’1111111110
941 2039 1091 2077 perstem,
1123 2040 1189 2077 quia

337 2091 484 2120 misribilia
514 2092 580 2118 sunt
611 2089 732 2126 perfecte
763 2088 889 2116 alterata.
915 2088 999 2115 —Et
1031 2088 1070 2116 sicv
1100 2091 1188 2124 patet,

337 2138 410 2176 quod
434 2137 525 2166 taliter
548 2136 649 2165 debent
672 2136 797 2172 componi
822 2143 940 2172 corpora
962 2134 1133 2171 perficienda
1154 2134 1189 2162 ab

336 2187 429 2215 anima
450 2184 582 2214 sensibili.

421 2234 442 2261 1.
466 2232 501 2260 Ad
527 2231 596 2260 illud
617 2239 684 2259 vero
713 2230 785 2267 quod
810 2229 940 2258 obiicitur
968 2229 1002 2257 de
1024 2229 1189 2257 auctoritate

337 2280 465 2310 Genesis.
482 2278 648 2313 dicendum„
670 2278 744 2315 quod
762 2277 830 2305 illud
855 2276 960 2305 dietum
978 2279 1017 2304 est
1041 2283 1090 2312 per
1105 2284 1190 2312 quan-

337 2327 401 2356 dam
424 2325 694 2363 praedominantiani
726 2324 784 2352 sive
815 2322 1085 2360 appropriationem,
1118 2322 1190 2350 sicut

338 2374 439 2403 melius
461 2373 566 2410 patebit
587 2371 690 2400 11111115.

417 2423 443 2449 2).
466 2421 503 2449 Ad
528 2420 597 2449 illud
623 2419 698 2456 qnod
720 2418 862 2449 obiicitur,
895 2417 969 2454 quod
992 2417 1080 2445 torma
1107 2416 1190 2444 debet

338 2468 542 2505 proprntionari
566 2466 714 2499 materiae;
742 2465 906 2494 dicendum.
929 2464 1002 2501 quod
1027 2471 1125 2492 verum
1149 2466 1190 2492 est

339 2516 364 2544 in
387 2515 692 2551 001101111011111115,111100
715 2513 803 2550 magis
819 2516 981 2549 competunt
1000 2511 1051 2548 ipsi
1074 2511 1188 2539 formae.

1022 215 1275 244 SENTENTIARUM
1297 216 1358 244 LIB.
1380 216 1408 244 Il.

1243 295 1338 322 Anima
1360 297 1468 328 autem,
1491 302 1554 323 cum
1577 294 1612 323 sit
1637 294 1759 331 simplex
1781 294 1808 322 in
1831 295 2001 325 substantia.
2025 295 2095 324 mul-

1243 341 1331 379 tiplex
1353 344 1394 370 est
1417 342 1443 370 in
1466 341 1582 376 virtute;
1605 344 1632 370 et
1653 341 1715 370 ideo
1737 349 1791 369 non
1815 342 1959 379 competit,
1982 345 2012 370 ut
2038 350 2095 371 cor-

1243 396 1296 426 pus
1318 389 1342 417 ei
1364 388 1535 417 assimiletur
1552 388 1578 416 in
1601 388 1793 425 simplicitate,
1816 397 1867 426 pro
1888 397 1920 417 eo
1935 389 2010 426 quod
2033 389 2095 418 sim-

1244 436 1352 473 plicitas
1375 436 1528 473 corporalis
1550 438 1687 472 repugnat
1709 435 1905 472 multiplicitati
1928 436 2048 465 virtutis.

1323 483 1348 512 3.
1372 484 1403 512 Et
1424 492 1473 521 per
1496 484 1548 512 hoc
1570 486 1645 520 patet
1667 483 1768 512 solutio
1790 483 1824 512 ad
1854 483 1925 512 illud
1947 484 2021 521 quod
2044 487 2096 513 ter-

1244 530 1281 558 tio
1296 530 1438 564 obiicitur,
1461 530 1534 567 quod
1556 533 1660 567 quanto
1679 530 1786 567 aliquid
1802 530 1994 567 compositius,
2021 533 2096 559 tanto

1245 577 1337 605 minus
1358 578 1522 614 perfectum.
1545 577 1598 606 Hoc
1613 577 1686 606 enim
1710 577 1760 606 etsi
1784 577 1885 606 habeat
1900 577 2046 606 veritatem
2069 577 2096 605 in
2112 583 2234 602 Notandum.⁴

1242 624 1412 661 spiritibus,
1429 632 1549 661 quorum
1566 624 1698 661 perfectio
1714 624 1868 653 attenditur
1883 632 1933 661 per
1951 631 2094 653 accessum

1243 671 1277 700 ad
1301 679 1411 700 summe
1433 671 1568 708 simplem
1591 680 1643 699 non
1672 674 1763 700 tamen
1788 671 1872 700 habet
1900 671 2046 699 veritatem
2068 671 2096 699 in

1243 717 1431 755 corporibus,
1454 718 1481 746 in
1513 718 1616 755 quibus
1639 721 1665 747 et
1698 717 1911 755 inctfflzz'ft'ecttur
1942 717 2032 746 virtus
2060 725 2096 746 ex

1243 765 1365 802 partium
1382 765 1587 802 magnitudine,
1603 766 1675 794 sieut
1694 766 1782 802 magis
1802 765 1859 793 urit
1880 773 2000 802 magnus
2025 765 2096 802 ignis

1243 820 1329 850 quam
1345 820 1462 849 parvus,
1485 815 1512 841 et
1524 812 1719 849 plurificatur
1741 820 1777 841 ex
1793 812 1915 849 partium
1933 811 2098 849 multiplica-

1244 860 1329 893 tione,
1352 859 1423 887 sicut
1446 859 1559 888 maioris
1580 859 1693 888 virtutis
1715 862 1756 888 est
1781 867 1904 897 syrupus
1926 859 2097 896 compositus

1243 915 1327 943 quam
1351 906 1444 943 liquor
1466 906 1674 943 impermixtus.
1698 907 1728 935 Et
1750 906 1812 935 ideo
1834 907 1933 941 homo,
1955 907 2002 944 qui
2025 906 2096 935 inter

1243 957 1336 982 cetera
1364 953 1496 981 animalia
1517 956 1558 981 est
1587 953 1822 990 perfectissimus,
1846 954 1916 982 inter
1943 957 2034 982 cetera
2056 957 2097 982 est

1244 1000 1511 1037 compositissimus,
1534 1000 1606 1029 sicut
1628 1000 1740 1036 planius
1761 1000 1903 1029 videbitur
1925 1000 2041 1029 inferius
2052 1000 2070 1028 θ.

1324 1048 1349 1075 11.
1372 1047 1410 1076 Ad
1427 1047 1496 1076 illud
1520 1047 1595 1085 quod
1611 1048 1741 1076 obiicitur
1764 1048 1798 1076 de
1814 1048 1979 1085 corporibus
2000 1056 2098 1076 ornan-

1245 1095 1320 1123 tibus
1342 1094 1465 1129 caelum,
1481 1094 1647 1129 dicendum,
1671 1095 1745 1132 quod
1767 1103 1821 1123 non
1842 1098 1884 1124 est
1905 1095 2010 1129 simile,
2032 1095 2096 1132 quia

1244 1142 1291 1170 illa
1314 1149 1363 1170 nec
1379 1141 1502 1179 propriis
1516 1142 1641 1170 motibus
1657 1145 1807 1170 moventur
1827 1150 1876 1171 nec
1903 1142 2097 1179 spiritualibus

1244 1187 1372 1225 fornicis7
1405 1188 1604 1225 perficiuntur.
1631 1189 1734 1225 quibus
1764 1188 1900 1217 debeatur
1940 1189 2098 1226 multiplici-

1246 1239 1287 1264 tas
1310 1235 1520 1273 operationum,
1550 1236 1593 1264 vel
1616 1236 1764 1264 diversitas
1788 1236 1910 1273 partium
1933 1244 2098 1273 componen-

1248 1284 1316 1312 tium
1346 1286 1373 1312 et
1406 1291 1594 1320 organorum,
1617 1284 1688 1312 sieut
1710 1284 1823 1320 ponitur
1852 1283 1881 1311 in
1900 1284 2077 1313 animalibus.

1326 1333 1351 1359 ⁸).
1374 1331 1413 1359 Ad
1436 1331 1506 1359 illud
1531 1331 1604 1368 quod
1629 1331 1772 1365 obiicitur,
1795 1331 1870 1368 quod
1900 1331 1930 1359 fit
1951 1331 2099 1360 elemento—

1246 1387 1310 1407 rum
1333 1378 1509 1412 violentati03
1529 1378 1693 1412 dicendum,
1716 1378 1790 1415 quod
1813 1386 1866 1406 non
1885 1381 1926 1407 est
1948 1378 2099 1415 intelligen-

1246 1426 1333 1460 dum,
1360 1426 1435 1463 quod
1468 1425 1603 1454 Dominus
1636 1426 1663 1453 in
1686 1425 1855 1462 primordio,
1888 1434 1952 1454 cum
1981 1433 2099 1462 corpora

1246 1474 1409 1502 animalium
1426 1473 1598 1510 composuit,
1620 1472 1758 1501 elementa
1779 1480 1814 1501 ex
1831 1472 1950 1501 diversis
1971 1473 2099 1510 sphaeris

1246 1528 1415 1550 concurrere
1444 1520 1630 1554 1θοθ1·11;1100
1662 1520 1735 1548 enim
1760 1528 1813 1548 11011
1845 1520 2005 1557 oportebat,
2038 1525 2098 1549 tum

1246 1568 1312 1605 quia
1335 1571 1389 1596 tam
1406 1576 1479 1605 aqua
1501 1575 1585 1604 quam
1601 1571 1675 1596 terra
1699 1576 1752 1595 non
1773 1571 1839 1596 sunt
1860 1567 1998 1596 elementa
2012 1576 2097 1605 pura,

1247 1615 1295 1644 sed
1318 1615 1380 1644 aliis
1402 1615 1543 1652 permixta
1565 1614 1720 1643 secundum
1740 1622 1801 1643 eam
1824 1617 1932 1652 partem
1948 1614 1969 1645 S.
1992 1623 2028 1643 ex
2043 1623 2099 1652 qua

1246 1663 1317 1692 facta
1333 1666 1398 1692 sunt
1412 1671 1447 1692 ex
1468 1663 1507 1691 eis
1522 1662 1666 1696 animalia,
1682 1665 1741 1691 tum
1758 1662 1854 1697 etiam,
1871 1662 1949 1700 quia,
1969 1662 1990 1691 si
2007 1666 2099 1691 essent

1246 1719 1319 1748 pura
1346 1713 1373 1738 et
1395 1709 1547 1746 simplicia,
1571 1709 1596 1737 in
1620 1718 1676 1738 uno
1705 1709 1843 1738 elemento
1864 1713 1929 1738 sunt
1957 1713 2049 1738 cetera
2071 1709 2098 1738 in

1247 1757 1384 1794 potentia,
1400 1760 1427 1785 et
1448 1764 1483 1785 ex
1500 1764 1556 1784 uno
1578 1759 1695 1792 possunt
1710 1756 1769 1785 fieri
1793 1757 1899 1791 omnia,
1918 1757 1940 1785 si
1959 1757 2031 1786 adsit
2046 1757 2099 1785 vir-

1246 1807 1292 1833 tus
1313 1804 1436 1832 alterans
1458 1807 1484 1832 et
1506 1803 1604 1833 activa.
1625 1803 1683 1831 sine
1705 1803 1796 1840 aliqua
1828 1803 1906 1832 locali
1926 1804 2097 1840 imitatione,

1246 1860 1278 1880 ac
1300 1860 1350 1889 per
1371 1851 1423 1879 hoc
1445 1851 1504 1879 sine
1525 1851 1620 1887 aliqua
1642 1850 1846 1880 violentatione.

1327 1901 1351 1927 o.
1377 1899 1405 1926 Et
1422 1906 1471 1935 per
1492 1898 1542 1926 boc
1559 1901 1634 1935 patet
1656 1898 1800 1935 responsio
1815 1898 1850 1926 ad
1872 1898 2017 1932 ultimum,
2033 1898 2099 1935 quia

1246 1946 1387 1975 similiter.
1404 1945 1516 1983 quando
1531 1945 1562 1973 fit
1576 1945 1740 1974 cornmixtio
1755 1945 1975 1980 elementorum,
1998 1949 2099 1974 natura

1245 2001 1299 2022 non
1323 1993 1387 2022 facit
1410 1993 1509 2029 ignem,
1532 1993 1578 2030 qui
1602 2001 1716 2021 sursum
1750 1997 1807 2027 est,
1839 1993 2025 2027 descendere,
2055 1993 2099 2022 vel

1245 2042 1356 2075 aerem,
1379 2040 1427 2069 sed
1450 2048 1514 2068 eum
1538 2040 1645 2077 ignem,
1668 2040 1711 2068 vel
1733 2041 1843 2074 aerem,
1867 2041 1913 2077 qui
1944 2040 1987 2069 vel
2009 2044 2050 2069 est
2072 2040 2099 2068 in

1246 2091 1336 2116 terra.
1360 2087 1403 2115 vel
1426 2090 1577 2124 generatur
1599 2095 1648 2123 per
1670 2087 1805 2115 actionem
1836 2087 1955 2116 alicuius
1977 2087 2098 2124 agentis,

1246 2134 1310 2162 facit
1334 2134 1427 2162 venire
1449 2134 1484 2162 ad
1507 2134 1732 2162 constitutionem
1754 2134 1891 2162 animalis.
1917 2134 1946 2162 Et
1969 2134 2018 2163 hoc
2041 2134 2100 2171 qui-

1246 2181 1309 2209 dem
1340 2180 1370 2208 t'it
1392 2188 1441 2217 per
1471 2184 1616 2212 naturam,
1650 2189 1703 2208 non
1726 2188 1776 2217 per
1805 2180 1972 2208 violei‘itiam.
2001 2181 2099 2217 «Quia

1246 2228 1318 2256 enim
1348 2230 1464 2258 natura,
1496 2227 1651 2255 secundum
1684 2227 1759 2264 quod
1782 2227 1848 2256 dicit
1878 2227 2098 2264 Pliilos‹1iplius·“,

1246 2282 1358 2311 semper
1380 2274 1521 2303 desiderat
1543 2275 1617 2312 quod
1640 2275 1741 2303 melius
1763 2278 1853 2309 est»,
1875 2275 2004 2309 materia,
2027 2284 2099 2312 quae

1245 2325 1287 2351 est
1309 2322 1362 2350 sub
1383 2322 1473 2350 forma
1505 2322 1682 2356 elementari,
1705 2323 1810 2359 appetit
1842 2330 1902 2351 esse
1925 2322 1978 2351 sub
2010 2323 2098 2351 forma

1247 2369 1341 2399 mixti.
1364 2372 1390 2397 et
1412 2377 1483 2406 quae
1506 2372 1546 2397 est
1568 2369 1621 2397 sub
1642 2369 1732 2397 forma
1755 2369 1898 2398 mixtionis
1919 2370 2024 2406 appelit
2039 2377 2099 2399 esse

1247 2415 1300 2443 sub
1323 2415 1411 2443 torma
1434 2415 1648 2452 complexionisg
1672 2416 1734 2444 ideo
1756 2424 1819 2445 cum
1842 2425 1877 2444 ex
1908 2416 2027 2445 diversis
2049 2416 2101 2445 ele-

1248 2463 1348 2491 mentis
1370 2462 1400 2490 fit
1423 2463 1522 2491 mixtio
1546 2463 1571 2490 in
1596 2471 1699 2492 111111111.
1722 2463 1861 2500 appetitus
1890 2467 2007 2492 naturae
2029 2471 2101 2492 00111-

1249 2510 1354 2547 pletur,
1377 2514 1402 2539 et
1426 2510 1556 2539 violentia
1578 2519 1631 2538 11011
1655 2511 1782 2539 insertur.

403 2637 481 2658 15110
508 2637 569 2665 quod
596 2643 681 2664 eorpus
707 2637 734 2657 sit
760 2636 915 2663 organieum;
942 2635 986 2657 sub
1012 2640 1058 2663 quo
1084 2638 1190 2662 respectu

339 2677 442 2701 Δ1115100,
462 2676 483 2697 11.
502 2675 530 2697 de
549 2676 644 2701 Anima,
665 2678 715 2696 text.
734 2676 754 2696 ti.
773 2681 822 2703 seq.
842 2675 869 2698 te.
901 2675 941 2702 1.),
969 2674 1047 2696 delinit
1074 2674 1190 2701 animam,

339 2714 402 2743 quod
420 2716 447 2736 sit.
464 2718 527 2736 actus
545 2715 634 2743 primus
647 2715 750 2741 eorporis
763 2715 865 2742 physici,
879 2714 992 2741 organici,
1007 2714 1106 2740 pou-ntia
1120 2714 1190 2734 iiiam

341 2753 450 2775 habentis.
469 2753 512 2775 Ct'r.
532 2754 553 2775 11.
573 2753 600 2775 de
619 2754 722 2775 tienerut.
741 2753 832 2774 animal.
851 2759 868 2774 e.
888 2753 908 2774 3.
926 2765 957 2768 —
974 2752 1053 2775 11111101·
1077 2752 1191 2773 invenitur

340 2793 467 2814 secundum
486 2793 547 2814 Alex.
567 2792 622 2819 llal.,
641 2793 662 2813 S.
681 2799 702 2819 11.
722 2793 745 2813 11.
763 2798 784 2820 q.
803 2792 840 2813 77.
860 2798 890 2813 111.
913 2792 930 2813 1.
948 2798 967 2813 a.
990 2792 1006 2812 l.
1025 2795 1045 2813 et
1064 2797 1085 2819 (1.
1104 2791 1140 2812 81.
1160 2796 1189 2812 111.

342 2832 361 2854 11.
382 2832 403 2853 111
423 2831 481 2854 libro
500 2831 580 2854 Fontis*
599 2832 666 2859 ritule,
686 2831 714 2853 ab
733 2831 876 2853 Avieebrone
894 2832 1030 2858 conseripto.

403 2871 411 2884 ‘³
430 2871 526 2898 5011111οΓ
543 2872 616 2897 enim,
636 2875 659 2893 ut
677 2872 704 2892 ait
725 2872 822 2897 Aristot.v
851 2871 873 2892 ll.
901 2871 929 2892 dc
955 2872 1047 2898 Anima,
1074 2873 1125 2892 text.
1153 2870 1188 2891 31.

342 2909 370 2934 (r.
389 2910 419 2937 3.)
431 2927 436 2937 ‚
455 2910 475 2931 in
494 2917 520 2931 00
539 2910 601 2937 qnod
619 2913 651 2931 est
670 2913 852 2938 consequenter,
872 2913 904 2932 est
927 2911 1026 2937 potentia
1046 2909 1109 2938 quod
1127 2909 1190 2936 prius

341 2952 389 2975 est,
409 2952 429 2969 et
447 2949 467 2969 in
486 2948 567 2975 liguris
584 2951 606 2970 et
623 2950 644 2970 in
663 2950 774 2971 animatis.

405 2987 414 3001 3
432 2987 454 3009 ld
471 2991 504 3009 est
523 2988 679 3015 perfectionis.
698 2989 745 3010 scil.
763 2989 868 3016 corporis
894 2988 982 3010 nonius.
1001 3001 1031 3004 —
1057 2988 1106 3009 Vnt.
1130 2992 1189 3010 com-

341 3026 457 3055 mai-iomis-
475 3029 494 3048 01
513 3027 581 3054 paulo
600 3027 693 3049 interius
711 3027 798 3050 (Iscitur
816 3034 857 3055 pro
876 3027 946 3050 zlelwl.

1313 2633 1321 2648 4
1342 2634 1398 2656 Cod.
1417 2641 1442 2656 00
1460 2638 1482 2656 et
1499 2633 1534 2655 ed.
1558 2634 1562 2655 l
1583 2633 1715 2662 profundit.
1728 2645 1759 2649 —
1772 2633 1803 2655 1)0
1818 2634 1926 2655 mixtione
1939 2633 1991 2655 vide
2005 2634 2095 2655 Aristot.

1251 2673 1263 2695 1.
1283 2673 1311 2695 de
1329 2674 1410 2695 Gener.
1429 2677 1450 2695 et
1468 2676 1568 2700 corrupt.
1588 2676 1638 2694 text.
1658 2673 1694 2694 82.
1713 2678 1777 2700 seqq.
1797 2674 1825 2695 10.
1848 2673 1890 2697 10,)
1909 2676 1927 2694 01
1947 2672 1969 2694 11.
1988 2675 2038 2694 text.
2063 2671 2099 2693 49.

1249 2718 1313 2741 8011114
1333 2715 1361 2737 (c.
1381 2712 1418 2735 8.).

1311 2751 1320 2765 5
1339 2752 1392 2773 Dist.
1415 2751 1448 2773 17.
1467 2758 1486 2773 a.
1506 2752 1526 2773 2.
1545 2758 1586 2778 1101·
1604 2754 1683 2773 tetum.
1702 2763 1733 2767 —
1759 2751 1789 2773 De
1815 2752 1863 2778 ipsa
1890 2751 2001 2772 solutione
2027 2751 2066 2772 cfr.
2085 2751 2098 2772 l.

1248 2792 1308 2813 Sent.
1327 2791 1349 2813 d.
1373 2791 1405 2812 17.
1424 2798 1445 2819 p.
1466 2791 1487 2812 ΙΙ.
1506 2797 1527 2819 q.
1547 2791 1567 2812 2.
1586 2791 1614 2812 1111
1633 2791 1653 2812 Q.
1672 2795 1691 2812 et
1711 2790 1731 2812 3.

1311 2831 1320 2845 7
1338 2831 1359 2852 ln
1378 2831 1483 2858 plurimis
1501 2830 1567 2852 codd.
1586 2834 1605 2851 et
1625 2829 1677 2851 edd.
1701 2830 1705 2850 1
1721 2848 1725 2856 ,
1744 2830 1757 2851 2
1776 2829 1919 2851 desideratur
1939 2828 2042 2857 f0t12111'3,·
2061 2828 2100 2850 ali-

1249 2870 1287 2898 qui
1306 2869 1373 2891 eodd.
1393 2873 1417 2891 ut
1435 2869 1452 2890 H
1464 2869 1469 2890 1
1482 2869 1509 2889 W
1528 2868 1669 2890 substituunt
1686 2866 1807 2897 sloritibus
1826 2873 1867 2895 pro
1884 2866 1970 2895 similis
1987 2866 2099 2896 spii-ilmi-

1249 2907 1316 2930 libus.
1334 2907 1379 2930 Csr.
1398 2914 1466 2935 supra
1487 2908 1508 2929 d.
1531 2907 1563 2929 14..
1583 2914 1604 2934 p.
1624 2908 1635 2928 1.
1655 2913 1674 2928 a.
1694 2907 1714 2928 3.
1733 2914 1754 2935 q.
1773 2907 1793 2928 2.

1311 2947 1320 2961 ⁵³
1338 2948 1387 2969 Vnt.
1400 2947 1530 2970 secundum
1544 2953 1626 2969 eurum
1641 2948 1741 2976 poi-trin,
1754 2945 1882 2969 seeundum
1897 2951 1967 2975 quum
1980 2944 2043 2973 [111-ἴα
2056 2948 2097 2966 etr.

1310 2987 1319 3001 ‘³
1338 2987 1397 3009 Libr.
1418 2988 1438 3009 11.
1457 2987 1486 3009 de
1510 2989 1591 3009 (jener.
1618 2991 1639 3009 01
1666 2990 1766 3014 00110111.
1794 2988 1845 3007 text.
1873 2985 1909 3007 59,
1936 2985 1964 3012 (r.
1992 2985 2042 3006 10,1.
2068 2996 2099 3000 -

1249 3027 1317 3048 Paulo
1335 3027 1428 3049 interius
1446 3030 1495 3054 11051
1513 3026 1630 3056 appetitus
1649 3026 1697 3048 Vat.
1717 3025 1834 3052 subiungit
1854 3024 1967 3047 walerio?
1986 3023 2026 3046 rel.

1913 2712 1922 2725 ⁵
1940 2712 2031 2739 Quaest.
2049 2718 2097 2740 seq.
