2243 3425
748 186 791 214 ΑΙ)
812 186 841 213 ΙΙ.
863 185 986 213 LIBRUM
1007 185 1269 213 SENTENTIARUM.
1862 187 1895 216 IX

206 264 243 287 24.
261 263 364 293 Ibidem,
385 264 435 287 cod.
454 264 512 292 910,
531 264 628 286 membr.
646 265 668 286 in
686 264 722 286 sol.
741 269 800 286 saec.
819 263 873 285 Xlll.
891 263 926 285 Ad
948 263 990 285 cal-

143 318 193 335 cem
212 312 220 334 ¹l
243 312 279 334 sol.
297 312 379 334 eadem
397 318 490 340 manus,
504 318 563 340 quae
580 311 683 334 codicem
701 311 814 338 exaravit,
827 310 936 333 subiecit:
949 309 990 333 Se-

143 358 236 382 cmzdus
252 358 337 389 fratris
354 359 520 382 Bonuuenture
541 365 613 388 super
637 357 771 381 sententias.
792 358 876 384 lneip.:
895 356 990 380 Solum-

142 404 211 427 modo
228 404 272 428 ltoc
289 405 367 428 invem*
383 408 440 433 etc.;
459 405 538 433 desim,
557 409 581 428 ut
598 406 620 427 in
638 404 690 427 edit.
709 404 795 426 Deinde
812 403 873 425 idem
892 403 990 429 scriptor

143 453 239 480 repetit:
257 452 381 476 Secundus
397 452 483 482 fratris
499 453 671 475 Bonanenture.
685 464 715 467 —
727 451 785 473 Vide
798 457 818 472 n.
833 451 868 472 22.
887 450 950 477 Siga.
964 449 988 471 D.

207 499 243 521 25.
261 499 361 528 Ibidem,
376 500 426 522 cod.
446 499 519 527 9242,
538 499 635 521 membr.
649 500 670 520 in
688 498 724 520 sol.
737 504 797 520 saec.
811 497 870 519 XIV.
884 497 989 518 ineuntis.

145 546 237 574 Incipit:
256 546 410 570 Solummodo
426 546 469 570 11οο
480 546 559 570 inveni
572 549 626 574 etc.;
645 546 725 572 desid,
738 548 762 567 ut
773 545 834 572 editi,
853 548 875 566 et
886 543 989 566 additur:

143 593 248 624 Explicit
264 594 380 624 seriptum
401 593 487 623 fratris
511 594 677 616 Baitai-eume
702 592 729 615 de
756 591 843 615 Ordine
867 590 990 613 ‘initiorum

143 647 215 670 super
231 640 362 664 secundum
380 639 467 663 librum
483 639 662 662 sententiarum.
681 639 750 661 l-linc:
768 639 844 661 [stum
859 637 990 661 secundum

143 689 309 712 Bonuventure
326 693 367 717 eqo
383 686 460 716 frater
476 685 576 710 Iacobus
594 686 621 708 de
633 685 741 709 luco-elue
755 684 851 709 Ordinis
868 684 990 707 minorum

143 735 188 765 feci
203 741 279 758 emere
294 740 338 764 pro
357 734 406 757 1000
423 735 503 757 sancte
520 733 597 757 Marte
622 733 649 756 de
674 732 758 756 Gratia
786 732 855 754 iuxta
878 730 990 761 oppidum

143 781 229 805 Montis
244 780 368 804 Prandom'
383 786 427 810 pro
442 780 519 809 pretio
537 781 587 803 octo
605 779 749 803 ducatorum
766 784 898 801 aureorum
910 777 932 800 iu
951 778 991 800 Ve-

143 827 217 851 aeriis.
235 828 296 850 Finis
312 827 395 855 excipit
420 826 520 849 tabulam
547 827 706 855 quaestionum
725 829 747 848 et
763 824 942 847 distinctionum.
959 836 991 840 —

142 875 202 897 Vide
219 881 241 897 n.
260 875 295 896 22.
314 874 376 902 Sign.
395 874 422 896 M.

206 923 242 944 26.
261 921 392 952 Sublaquei
410 922 545 951 Aequorum
564 922 586 943 in
604 921 678 949 Latio,
705 921 841 943 bibliotheca
863 919 991 942 Monasterii

143 972 233 992 sanctae
251 970 403 992 Scholastieae
421 968 446 991 Ο.
463 969 485 991 S.
504 969 536 996 B„
562 968 613 991 eod.
631 968 730 990 membr.
755 969 776 990 in
799 968 836 990 sol.
853 973 912 990 saec.
932 966 990 988 XlV.

143 1016 187 1038 sub
205 1017 260 1044 init„
278 1017 320 1044 sig.
334 1022 355 1038 n.
367 1016 422 1038 LlV.
441 1016 593 1038 Praemittitur
606 1022 617 1037 a
633 1021 703 1037 manu
722 1015 855 1037 recentioris
871 1015 934 1037 aevi:
947 1014 992 1036 Iste

145 1062 203 1086 liber
219 1064 252 1086 est
270 1062 464 1093 Conyreydtionis
482 1062 641 1090 Gassinensis,
660 1062 722 1085 alius
746 1063 842 1085 sauctae
868 1061 989 1089 Iustinae,

144 1109 269 1139 deputatus
286 1109 318 1133 ad
333 1116 405 1133 usum
422 1109 597 1133 monachorum
614 1108 797 1133 sttblacensz'um.
815 1109 881 1139 Siyn.
894 1116 916 1132 71.
932 1107 991 1132 215.

144 1157 214 1185 lneip.
232 1156 320 1186 absque
338 1157 384 1179 ullo
407 1157 486 1179 titulo:
512 1156 667 1179 Solummodo
685 1155 728 1179 lioc
744 1155 824 1179 inverti
840 1158 882 1178 etc.
900 1155 975 1177 Desin.
987 1173 992 1183 ,

144 1205 207 1226 utin
225 1204 278 1226 edit.
304 1204 402 1227 Additur
420 1210 431 1226 a
450 1205 523 1232 prima
549 1210 635 1226 manu:
662 1202 767 1232 Explicit
792 1202 850 1226 liber
874 1201 993 1226 secttndus

145 1250 288 1280 compositus
305 1257 320 1273 a
336 1250 413 1280 fratre
431 1250 599 1273 Boozaventw-[z
625 1250 734 1273 ministro
759 1249 871 1274 Generali
886 1249 993 1279 fratrum

144 1297 274 1320 minorum.
292 1297 328 1320 Sit
344 1296 424 1327 gloria
440 1298 461 1320 et
477 1296 556 1326 qratia
576 1296 675 1320 Christo.
693 1310 724 1313 -
740 1296 796 1319 Cod.
814 1296 890 1319 bonus
907 1299 929 1318 et
946 1296 994 1324 ple-

144 1351 244 1373 rumque
262 1351 315 1367 cum
333 1344 401 1367 codd.
419 1350 478 1366 saec.
498 1344 552 1366 Xlll.
571 1345 718 1366 conveniens.
738 1344 825 1366 Tamen
844 1344 888 1365 iam
901 1344 994 1371 saepius

145 1391 241 1414 discedit
264 1395 286 1414 et
310 1391 418 1413 lectiones
443 1390 546 1418 exhibet,
573 1397 632 1419 quae
654 1397 708 1413 cum
730 1390 783 1412 edd.
806 1391 810 1411 1
841 1394 863 1412 et
888 1391 901 1411 2
919 1391 994 1417 magis

144 1439 296 1466 conveniunt,
314 1439 449 1466 praesertim
475 1439 496 1460 in
523 1438 579 1460 locis
601 1437 775 1459 obscurioribus
800 1440 822 1459 et
839 1436 994 1458 locutionibus

145 1492 227 1514 parum
246 1487 362 1514 congruis.
380 1486 436 1508 l-linc
454 1485 520 1507 nobis
538 1486 598 1508 utilis
610 1486 663 1512 suit,
677 1486 729 1513 quia
742 1485 877 1512 saepissime
890 1483 993 1505 validum

145 1533 300 1555 testimonium
317 1532 420 1555 exhibuit
438 1539 480 1560 pro
497 1533 590 1561 antiqua
609 1533 711 1554 lectione.
730 1532 792 1559 Sign.
811 1538 844 1554 ee.

207 1579 244 1601 27.
264 1578 368 1607 Tuderti,
384 1580 405 1601 111
418 1578 555 1601 bibliotheca
572 1578 705 1601 Conventus
716 1579 788 1601 sancti
802 1578 927 1605 Fortunati,
941 1577 992 1599 cod.

145 1633 167 1649 n.
185 1627 226 1655 30,
244 1627 342 1649 membr.
361 1627 382 1648 in
400 1627 437 1648 sol.
450 1632 509 1648 saec.
523 1626 578 1648 Xlll.
596 1627 707 1648 exeuntis.
725 1626 805 1653 incipit
822 1628 843 1647 et
861 1625 954 1652 desinit,
967 1625 994 1646 si-

145 1674 183 1695 cut
200 1672 261 1695 editi.
279 1673 326 1694 Alia
349 1678 432 1695 manus
457 1678 517 1694 saec.
535 1672 595 1694 XIV.
619 1672 707 1694 addidit
724 1672 745 1693 in
763 1671 823 1694 sine:
841 1670 946 1700 Ewplicit
962 1676 994 1693 se-

145 1719 237 1743 cundus
256 1719 313 1743 liber
330 1716 496 1743 Bouaventure
521 1726 594 1750 super
618 1719 752 1743 sententias.
770 1732 801 1736 —
818 1719 874 1743 Cod.
893 1721 993 1748 optimae

145 1772 228 1796 notae,
254 1774 324 1797 quem
351 1774 394 1790 non
420 1774 472 1790 raro
498 1769 520 1790 in
546 1770 606 1789 textu
633 1767 781 1790 reformando
807 1768 878 1789 secuti
904 1773 993 1789 sumus.

145 1816 206 1844 Sign.
225 1816 251 1837 T.

209 1863 245 1884 28.
267 1861 417 1886 Vindobonae
434 1864 455 1884 in
474 1863 576 1889 Austria,
602 1862 739 1884 bibliotheca
766 1862 834 1884 Palat.
856 1868 897 1884 ms.
921 1861 993 1888 1126,

146 1909 244 1932 membr.
262 1910 283 1931 in
302 1909 339 1931 tol.
365 1915 424 1931 saec.
452 1909 510 1931 XlV.
536 1910 620 1931 ineunt.
639 1909 708 1936 lacis..
728 1909 764 1930 sol.
787 1909 791 1930 l
815 1915 840 1933 r..
859 1908 930 1930 desin.
955 1908 992 1930 sol.

150 1956 191 1978 199
208 1962 230 1978 v.
249 1957 295 1978 Alia
314 1962 397 1978 manus
418 1956 505 1978 addidit
531 1956 630 1979 tabulam
657 1957 817 1984 quaestionum
835 1958 857 1977 et
873 1955 994 1977 dubitatio·

147 2008 201 2025 num
220 2002 361 2030 litteralium,
380 2009 450 2031 quam
469 2002 568 2025 absolvit
584 2009 626 2031 per
643 2002 730 2025 verba:
756 2002 820 2025 Laus
836 2002 891 2025 Xlo.
910 2002 992 2024 Amen.

147 2061 176 2064 —
193 2049 249 2072 Cod.
268 2050 304 2072 hic
321 2055 373 2072 cum
392 2049 485 2071 duobus
510 2056 574 2078 seqq.
582 2034 660 2071 ‘codd
685 2050 782 2071 multum
806 2049 897 2071 inclinat
919 2048 948 2070 ad
966 2048 993 2069 le-

146 2098 232 2120 ctiones
249 2097 316 2119 codd.
335 2096 479 2119 Cracoviens.
498 2097 529 2120 (n.
547 2097 569 2119 7.
587 2098 626 2125 8.>.
644 2098 706 2125 Sign.
726 2097 752 2119 V.

209 2145 245 2167 29.
264 2143 367 2172 Ibidem,
387 2150 429 2166 ms.
452 2143 521 2171 1464,
540 2144 638 2166 membr.
651 2145 672 2166 in
692 2144 727 2166 t'ol.
745 2150 805 2166 saec.
823 2144 878 2166 Xlll.
891 2145 994 2172 Scriptor

145 2197 204 2213 saec.
223 2191 283 2213 XIV.
301 2194 390 2213 exeunt.
409 2191 527 2218 praemisit
538 2190 708 2213 Commentario
725 2191 824 2213 indicem
842 2191 886 2213 sub
905 2192 946 2213 hac
958 2198 993 2213 ru-

146 2236 225 2259 1111031
245 2236 317 2259 Tituli
333 2236 484 2266 questionum
501 2236 599 2260 secimdl
616 2236 670 2259 libri
686 2237 855 2260 sententiarum
874 2237 994 2260 Bounim-

147 2285 206 2307 ture.
224 2285 292 2313 lncip.
311 2285 348 2307 soi.
366 2285 395 2307 25
413 2292 447 2307 r.:
464 2284 620 2309 Solummodo
638 2284 681 2309 1100
698 2285 777 2308 inveni
792 2289 847 2313 ete,
867 2285 938 2308 desin.
957 2285 993 2307 sol.

147 2331 191 2353 212
209 2338 242 2358 r.;
261 2338 273 2354 a
291 2332 365 2360 prima
383 2338 452 2354 manu
470 2332 577 2354 additur:
594 2332 699 2361 Earpliuit
716 2332 774 2355 liber
791 2332 909 2356 secundus
931 2333 995 2355 Bone

146 2378 267 2400 acenture.
285 2391 316 2393 —
333 2378 391 2400 Vide
409 2384 430 2400 n.
449 2379 485 2400 28.
504 2378 535 2400 De
553 2379 596 2401 1100
613 2383 634 2401 01
652 2385 699 2408 seq.
713 2379 763 2401 cod.
781 2380 849 2401 etiam
868 2379 994 2401 notandum

147 2429 192 2452 est,
211 2426 273 2454 quod
292 2426 359 2448 simul
386 2432 439 2448 011111
463 2425 505 2448 cod
532 2426 548 2447 Z
566 2426 596 2449 (n.
616 2427 646 2453 9.)
665 2426 780 2448 interdum
803 2433 858 2454 prae
876 2427 925 2448 aliis
942 2433 996 2448 0011-

147 2473 241 2494 veniant
258 2478 310 2494 eum
328 2472 364 2494 ed.
384 2473 404 2494 2.
422 2472 485 2500 sign.
504 2472 540 2494 W.

211 2519 247 2541 30.
266 2517 366 2545 Ibidem,
385 2524 427 2540 ms.
450 2519 519 2546 1502,
543 2518 641 2541 membr.
660 2519 681 2541 in
700 2519 736 2541 sol.
755 2525 814 2541 saec.
833 2519 887 2540 Xlll.
905 2523 994 2541 exeunt.

149 2566 217 2594 lnpr.
236 2566 273 2588 sol.
295 2566 299 2587 1
322 2572 348 2594 1,,
368 2565 439 2587 (105111,
458 2566 495 2587 sol.
517 2566 558 2587 16ss
576 2572 610 2593 v.,
630 2568 654 2587 ut
671 2567 691 2587 in
710 2566 784 2588 editis.
796 2565 842 2587 Fot.
859 2571 947 2587 annexo
964 2572 997 2587 as-

147 2613 192 2635 seri
215 2613 335 2641 anteriori,
354 2618 436 2635 manus
452 2618 511 2635 saec.
530 2612 580 2635 XV.
599 2613 700 2635 notavit:
717 2612 883 2635 Bonaventure
899 2611 995 2641 scripta.

149 2671 178 2674 —
195 2659 254 2681 Vide
272 2665 293 2680 11.
312 2659 348 2681 28.
367 2659 403 2681 29.
421 2658 484 2686 sign.
502 2658 530 2680 X.

353 2845 458 2875 Codices
478 2854 495 2875 a
516 2844 592 2875 nobis
613 2854 667 2874 non
688 2844 791 2875 collati.

215 2941 250 2962 31.
269 2940 392 2964 1410710011ἱί
408 2941 430 2962 111
448 2940 530 2969 Gallia,
548 2941 685 2963 bibliotheca
698 2940 812 2968 Civitatis,
829 2941 879 2964 eod.
898 2942 946 2963 sine
959 2948 997 2964 nu·

153 2993 217 3009 mero
234 2994 294 3010 saec.
308 2987 363 3010 Xlll.
377 2987 422 3009 Fol.
440 2987 453 3009 7
472 2994 489 3009 r.
507 2988 529 3009 in
542 2988 661 3015 superiore
674 2988 779 3016 margine
791 2988 874 3016 legitur
894 2994 904 3010 a
924 2994 998 3016 prima

1048 269 1117 284 manu
1135 266 1268 285 exaratum:
1294 262 1379 292 Incipit
1402 262 1521 286 secundus
1545 263 1631 292 fratris
1648 264 1822 288 Bonaventure.
1841 265 1895 288 lnde

1046 310 1088 331 col.
1108 310 1142 332 ·1.;
1160 309 1315 333 Solummodo
1333 309 1376 333 hoc
1392 310 1472 333 inveni
1488 314 1530 333 etc.
1548 310 1712 339 Complectitur
1729 313 1817 340 primas
1840 318 1896 341 qua-

1047 359 1099 379 tuor
1116 357 1272 379 distinctiones
1290 361 1392 385 tantum;
1412 357 1484 380 desin.
1502 358 1539 379 sul.
1558 357 1594 380 43.

1111 403 1147 425 3-2.
1165 403 1339 426 Ambianorum
1355 404 1410 426 item
1427 404 1449 426 in
1467 404 1550 432 Gallia,
1569 404 1705 427 bibliotheca
1723 404 1832 434 Civitatis,
1844 405 1895 428 cod.

1047 456 1068 472 n.
1087 450 1144 478 232,
1164 450 1261 473 membr.
1280 451 1301 472 in
1320 451 1356 473 sol.
1375 457 1434 474 saec.
1453 451 1509 474 Xlll.
1527 451 1572 474 sub
1590 452 1641 474 fine..
1660 452 1682 474 ln
1701 453 1814 481 principio
1832 453 1897 475 adest

1047 497 1122 519 tabula
1142 499 1302 526 quaestionum
1320 502 1343 520 et
1359 498 1529 521 dubitationum
1546 499 1606 521 circa
1619 499 1728 527 litteram,
1742 506 1801 528 quae
1818 505 1897 522 recur-

1046 545 1074 566 rit
1092 551 1165 573 usque
1182 544 1210 567 ad
1229 545 1266 567 sol.
1285 546 1297 567 6
1316 552 1354 573 11.,
1373 546 1444 568 (105111.
1463 552 1505 574 per
1521 546 1607 568 verba:
1627 546 1767 576 Empliciunt
1780 547 1897 576 quaestio-

1046 596 1087 613 nes
1105 590 1129 613 itt
1145 591 1253 620 uenerati
1267 597 1343 621 supra
1360 592 1491 615 secundum
1503 591 1591 615 librum
1602 592 1781 616 sententiarum.
1794 592 1896 616 Summa

1048 637 1179 661 CCCLXX.
1198 638 1243 660 Fol.
1261 644 1309 667 seq.
1328 645 1345 661 r.
1363 640 1432 667 incip.
1450 639 1646 668 Commentarius,
1666 641 1737 663 desin.
1755 641 1793 663 sol.
1811 641 1855 663 399
1877 647 1896 663 r.

1049 684 1083 706 his
1100 684 1179 707 verbis
1197 685 1289 707 ultimae
1307 686 1462 714 quaestionis:
1487 687 1515 709 In
1532 686 1575 710 hoc
1592 687 1667 717 igyitur
1682 687 1832 717 perfectionis
1849 687 1897 711 cul-

1048 731 1110 754 mine
1128 738 1263 761 conqruum
1280 734 1314 756 est
1327 732 1464 762 praedictae
1489 734 1632 763 quaestionis
1658 734 1787 758 terminare
1809 740 1897 758 sermo-

1047 784 1108 801 nem.
1127 779 1231 808 Explicit
1247 779 1365 803 secundus
1392 779 1449 803 liber
1474 780 1653 804 sententiarum.
1679 782 1720 804 Hic
1737 782 1809 804 codex
1827 788 1839 804 e
1861 788 1896 804 re-

1048 826 1116 853 gione
1135 830 1208 848 textus
1231 828 1302 849 sancti
1328 827 1503 850 Bonaventurae
1528 828 1620 850 exhibet
1644 830 1712 851 etiam
1730 831 1816 852 textum
1839 829 1898 851 Petri

1048 872 1185 901 Lombardi‚
1209 873 1309 901 Magistri
1332 875 1510 903 sententiarum,
1536 875 1701 903 grandioribus
1726 875 1898 898 characteribus

1048 923 1173 942 exaratum.

1112 967 1149 989 33.
1167 966 1323 997 Bamberqae,
1343 967 1481 990 bibliotheca
1499 968 1604 997 publiea,
1622 969 1673 991 cod.
1692 969 1716 991 B.
1735 969 1772 992 Vl.
1789 970 1806 998 l,
1827 970 1898 992 chart.

1048 1014 1070 1035 in
1083 1014 1119 1036 tol.
1138 1020 1197 1036 saec.
1216 1014 1266 1037 XV.
1286 1015 1307 1037 ln
1325 1016 1445 1043 superiore
1462 1018 1527 1043 parte
1549 1016 1566 1038 l.
1590 1016 1635 1038 solii
1656 1017 1754 1044 legitur:
1780 1016 1898 1047 Prologus

1048 1062 1214 1084 Boizuventitre
1230 1068 1303 1091 super
1319 1062 1421 1085 seczmdo
1438 1062 1617 1086 sententiarum.
1630 1063 1677 1086 Col.
1696 1064 1704 1086 4
1719 1069 1724 1086 ;
1743 1063 1898 1088 Solummodo

1048 1107 1091 1131 1100
1109 1108 1188 1131 iuveni
1203 1113 1258 1137 etc.;
1277 1109 1361 1138 desin.,
1381 1114 1405 1132 ut
1422 1110 1443 1131 in
1462 1110 1535 1132 editis.

1113 1155 1149 1178 34.
1168 1156 1301 1179 Barcinone
1318 1157 1339 1178 in
1358 1149 1478 1185 Hispania,
1497 1157 1635 1180 bibliotheca
1653 1157 1763 1187 Capituli,
1790 1159 1841 1182 cod.
1860 1159 1897 1188 53,

1051 1203 1149 1225 membr.
1168 1204 1189 1225 in
1208 1204 1244 1225 sol.
1268 1210 1326 1226 saec.
1345 1204 1401 1226 Xlll.
1421 1205 1488 1232 lneip.
1507 1205 1544 1227 fol.
1563 1206 1576 1227 2
1594 1212 1611 1228 r.
1630 1208 1651 1228 et
1663 1205 1744 1234 desim,
1764 1209 1789 1228 ut
1809 1207 1831 1228 in
1844 1206 1898 1229 edit.

1049 1250 1157 1279 Sequitur
1169 1250 1244 1273 tabula
1258 1252 1432 1280 quaestionum,
1446 1254 1498 1280 post
1509 1258 1579 1281 quam
1597 1252 1705 1275 additur:
1725 1261 1735 1273 α
1746 1253 1780 1275 Ad
1798 1254 1898 1283 laudem,

1050 1297 1147 1325 gloriam
1166 1300 1187 1319 et
1204 1298 1315 1320 honorem
1334 1299 1498 1326 omnipotentis
1511 1299 1550 1321 Dei
1566 1306 1655 1328 sueque
1667 1300 1786 1323 Genitricis
1798 1301 1900 1329 Virginis

1051 1343 1119 1365 Marie
1136 1350 1162 1367 ac
1181 1345 1249 1367 totius
1267 1344 1334 1367 Curie
1352 1352 1467 1374 superne,
1494 1347 1555 1369 hunc
1581 1346 1665 1369 librum
1692 1347 1721 1369 de
1739 1347 1899 1370 Bonaventura

1048 1396 1120 1418 super
1139 1391 1268 1414 secundum
1287 1392 1468 1421 Sententiarum,
1481 1394 1526 1414 emi
1544 1399 1588 1421 ego
1609 1393 1689 1415 Petrus
1700 1394 1792 1422 Blanch,
1805 1393 1900 1422 Presby-

1051 1440 1084 1458 ter
1101 1437 1251 1460 beneficiatus
1268 1439 1289 1460 in
1308 1439 1363 1461 sede
1381 1439 1566 1468 Barchinonensi,
1579 1447 1591 1462 a
1609 1440 1708 1463 discreto
1726 1440 1825 1462 iohanne
1848 1439 1899 1463 Car-

1051 1483 1110 1506 dona
1129 1484 1278 1513 Presbytero,
1297 1486 1400 1508 Gerardo
1417 1486 1527 1509 Cascoma
1546 1488 1673 1515 curritore,
1699 1488 1791 1516 medie,
1817 1491 1898 1517 quarta

1050 1531 1133 1558 Aprilis
1150 1532 1201 1552 anni
1215 1530 1306 1554 MCCCC
1319 1533 1425 1560 vigesimi
1438 1534 1505 1561 sexti,
1520 1534 1593 1561 pretio
1611 1534 1786 1562 quatuordecim
1803 1535 1899 1557 ssot-eno-

1050 1582 1101 1598 rum
1120 1580 1142 1599 01
1158 1578 1260 1601 semissis
1273 1587 1294 1600 1).

1114 1623 1150 1645 35.
1169 1623 1268 1653 Ibidem,
1287 1626 1308 1647 in
1324 1626 1419 1647 archivo
1432 1632 1531 1648 coronae
1543 1633 1625 1654 regum
1638 1627 1834 1656 Aragonensium‚
1847 1627 1898 1650 cod.

1050 1671 1087 1693 33.
1106 1672 1127 1693 in
1147 1672 1182 1693 sol.
1202 1672 1265 1699 (olim
1283 1672 1367 1701 Ripoll)
1385 1674 1545 1701 complectitur
1563 1673 1758 1697 Commentarium
1776 1675 1899 1697 51111011Βο-

1051 1720 1190 1740 navcnturae
1215 1725 1286 1746 super
1311 1719 1395 1741 librum
1423 1719 1552 1742 secundum
1578 1722 1600 1742 et
1621 1721 1712 1742 tertium
1731 1721 1898 1743 Sententiarum

1050 1768 1130 1794 estque
1149 1766 1246 1788 membr.
1265 1773 1324 1789 saec.
1344 1767 1398 1789 Xlll.
1413 1767 1447 1789 Ad
1460 1768 1546 1789 calcem
1559 1768 1617 1790 tertii
1630 1768 1740 1796 leguntur
1754 1774 1801 1796 seq.
1814 1767 1900 1790 verba:

1050 1813 1095 1835 Iste
1121 1813 1208 1837 tercius
1234 1814 1400 1837 Bonurenture
1426 1816 1482 1837 est...
1508 1815 1536 1838 (Ie
1562 1815 1717 1838 Tltolomris...
1743 1815 1798 1838 emi!
1822 1822 1899 1838 euni...

1050 1858 1265 1883 MGCLXXA‘VIJI
1274 1879 1280 1889 ,
1300 1866 1379 1883 mense
1396 1860 1453 1884 Iulii
1467 1867 1511 1891 pro
1527 1861 1627 1890 pretio...
1648 1862 1736 1884 Turon.

1115 1907 1150 1928 36.
1169 1906 1258 1936 Bruyis
1276 1908 1296 1929 in
1316 1907 1408 1936 Belgio,
1427 1907 1564 1930 bibliotheca
1583 1908 1685 1931 Civitatis
1698 1927 1703 1937 ,
1722 1908 1772 1931 eod.
1795 1908 1851 1937 173,
1872 1909 1900 1931 de

1051 1960 1097 1982 quo
1115 1954 1168 1976 vide
1187 1961 1245 1983 quae
1263 1955 1364 1977 (1111111115
1382 1959 1435 1978 tom.
1455 1956 1468 1977 1.
1487 1962 1540 1984 pag.
1559 1956 1669 1978 LXXVlll
1688 1963 1708 1978 n.
1727 1956 1764 1978 38.

1114 2001 1150 2023 37.
1168 2001 1302 2030 lxi-uzellis,
1331 2001 1468 2025 bibliotheca
1494 2003 1578 2031 Regia,
1596 2003 1647 2025 cod.
1666 2003 1738 2029 5561,
1757 2003 1856 2025 membr.
1878 2004 1900 2025 in

1050 2049 1100 2076 101,
1118 2056 1176 2071 saec.
1197 2050 1251 2076 XV,
1270 2050 1339 2072 nitide
1357 2054 1471 2073 exaratus.
1490 2051 1534 2072 Fol.
1554 2051 1562 2072 *l
1585 2052 1763 2079 prae-mittuntur
1780 2050 1901 2074 Commen-

1051 2097 1107 2118 tario
1126 2098 1181 2119 haee
1198 2097 1287 2119 verba:
1304 2097 1354 2120 Viri
1370 2097 1562 2121 excellentissimi
1572 2097 1663 2120 artium
1675 2099 1696 2121 et
1707 2104 1775 2121 sacre
1788 2097 1902 2128 theotoqie

1051 2143 1099 2166 (lici
1115 2150 1228 2167 mouurce
1244 2144 1379 2174 summique
1394 2144 1538 2174 professmis
1563 2150 1636 2175 super
1657 2144 1789 2168 secundum
1805 2144 1901 2168 Senten-

1052 2190 1142 2213 tiarum
1159 2190 1250 2214 domini
1266 2191 1433 2214 Bonaventure
1449 2191 1572 2216 111111011011Υ
1589 2198 1619 2215 ex
1637 2191 1720 2215 ordine
1737 2197 1796 2221 opus
1810 2191 1901 2221 precla-

1052 2238 1176 2261 rsssimum
1193 2237 1292 2267 feliciter
1309 2238 1396 2268 incipit.
1415 2238 1570 2262 Solummodo
1588 2238 1631 2262 hoc
1648 2238 1728 2262 inveni
1743 2242 1785 2261 etc.
1798 2239 1901 2260 Excurrit

1051 2284 1236 2307 Commentarius
1255 2291 1328 2313 usque
1346 2285 1375 2307 ad
1393 2285 1444 2307 dist.
1463 2286 1499 2307 22.
1518 2285 1572 2307 dub.
1591 2285 1620 2311 ὃς
1640 2284 1723 2307 deinde
1746 2285 1851 2313 sequitur
1870 2286 1900 2306 ta-

1050 2330 1103 2353 bula
1118 2332 1277 2359 quaestionum
1289 2350 1294 2360 ,
1307 2338 1366 2360 quae
1379 2332 1450 2354 desin.
1464 2332 1515 2354 dist.
1529 2333 1564 2354 20.
1578 2338 1600 2360 q.
1614 2332 1634 2354 6.
1648 2337 1701 2354 011111
1714 2330 1804 2353 verbis:
1817 2331 1900 2353 utrum

1051 2379 1111 2400 esset
1128 2378 1218 2407 equalis
1235 2378 1356 2408 yeneratz'o
1373 2378 1483 2401 virorum
1500 2380 1521 2401 et
1537 2378 1674 2401 mulierum.

1115 2426 1152 2446 353,
1170 2425 1247 2455 Burgi
1271 2425 1300 2447 (le
1326 2425 1401 2447 Uxada
1428 2426 1546 2454 (But-gos)
1573 2426 1595 2447 in
1621 2425 1740 2453 Hispania,
1763 2424 1901 2447 bibliotheca

1054 2470 1164 2499 Capituli,
1182 2471 1232 2493 cod.
1251 2473 1281 2494 th.
1304 2472 1342 2499 13,
1361 2472 1459 2494 membr.
1478 2473 1499 2494 in
1518 2471 1543 2499 4,
1562 2478 1621 2494 saec.
1634 2472 1692 2494 xlii.
1710 2472 1794 2500 lneip.:
1806 2471 1901 2495 Solum-

1052 2517 1121 2540 modo
1139 2517 1183 2541 1100
1200 2517 1279 2540 iuveni
1295 2522 1349 2546 etc.;
1367 2518 1440 2540 desin.
1459 2522 1482 2541 ut
1500 2518 1553 2541 edit.

1117 2565 1153 2586 31).
1172 2564 1289 2588 Cursenae
1307 2567 1328 2588 in
1346 2566 1419 2593 ltalia,
1438 2566 1575 2589 bibliotheca
1595 2567 1757 2595 Malatestiana,
1776 2566 1832 2589 Plut.
1850 2566 1901 2595 XV,

1054 2611 1104 2633 cod.
1124 2612 1152 2639 11,
1171 2612 1268 2634 membr.
1287 2613 1309 2634 in
1332 2612 1370 2634 sol.
1396 2612 1504 2640 pluribus
1525 2613 1633 2635 manibus
1658 2613 1814 2641 conscriptus,
1841 2619 1901 2635 saec.

1053 2659 1137 2681 seilicet
1155 2659 1210 2681 xlii.
1228 2659 1287 2681 XlV.
1313 2666 1339 2682 ac
1360 2659 1415 2688 XV,
1442 2660 1478 2682 vel
1497 2661 1573 2688 potius
1598 2667 1624 2682 ex
1650 2659 1757 2688 pluribus
1782 2659 1901 2683 codicibus

1054 2709 1195 2733 compactus.
1216 2707 1237 2728 ln
1256 2706 1300 2728 tine
1318 2707 1401 2735 legitur
1418 2709 1535 2729 exaratum
1553 2714 1564 2728 a
1583 2713 1653 2729 manu
1671 2713 1730 2730 saec.
1744 2707 1808 2730 XlV:
1822 2706 1903 2736 Empti·-

1054 2753 1084 2776 cit
1103 2752 1161 2776 liber
1177 2753 1295 2776 settttmlus
1311 2753 1396 2782 fratris
1412 2754 1586 2777 Boitaventure.

1118 2799 1154 2822 40.
1173 2799 1330 2829 Cnntabriyue
1347 2801 1369 2822 in
1382 2801 1475 2828 Anglia,
1493 2800 1630 2823 bibliotheca
1652 2800 1722 2823 Aulae
1742 2800 1902 2823 Pembrochia-

1055 2853 1096 2868 nae
1107 2865 1112 2874 ,
1130 2846 1180 2869 cod.
1195 2847 1218 2868 B.
1236 2846 1292 2874 385,
1311 2846 1409 2869 membr.
1421 2853 1481 2869 saec.
1494 2847 1550 2869 Xlll.
1563 2850 1652 2870 exeunt.
1665 2847 1702 2870 vel
1715 2847 1775 2870 XIV.
1795 2847 1901 2876 ineuntis,

1054 2895 1154 2916 continet
1170 2893 1367 2916 Commentariun]
1385 2895 1455 2916 sancti
1473 2895 1647 2917 Bonaventurae
1667 2895 1688 2916 in
1715 2897 1823 2923 quartum
1841 2897 1863 2916 et
1880 2895 1901 2916 in

1055 2941 1183 2963 secundum
1202 2941 1378 2963 Sententiarum.

1119 2987 1155 3010 41.
1173 2973 1275 3016 Ibidem,
1296 2987 1432 3011 biuiomeca
1454 2988 1626 3017 Universitatis,
1644 2989 1695 3012 cod.
1721 2989 1747 3011 o.
1765 2995 1787 3017 g.
1806 2989 1838 3011 111,
1857 2988 1900 3016 25,
