2243 3425
20 630 109 648 *mdamen
113 630 137 647 ta.

18 1605 41 1622 nd
54 1605 126 1628 opposi-

48 1629 90 1646 tum.

731 197 813 225 DIST.
836 197 959 227 XXXVII.
981 198 1053 226 ΛΒΤ.
1075 198 1093 226 1.
1116 198 1251 234 QUAEST.
1275 198 1314 226 lll.

1835 200 1891 228 867

907 307 1069 344 QUAESTIO
1091 308 1131 335 lll.

720 394 823 422 Utrum
847 395 942 422 omnis
964 394 1133 431 compositio
1154 394 1193 422 sit
1214 403 1232 422 a
1256 394 1320 423 Deo.

223 483 315 512 Tertio
336 482 498 520 quaeritur,
520 485 618 510 utrum
640 480 730 509 omnis
746 479 908 516 compositio
924 480 959 508 sit
974 487 989 507 a

143 530 207 559 Deo.
230 530 260 558 Et
281 529 355 566 quod
379 529 435 561 sic,
455 528 577 557 videtur.

225 578 248 605 1.
271 577 444 613 Ubicumque
465 579 506 604 est
520 575 615 612 aliqua
629 573 807 611 compositio,
823 573 860 601 ibi
881 577 923 601 est
944 573 990 601 ali-

143 632 199 662 qua
219 622 409 660 componentis
430 622 540 656 acti013
563 621 610 650 sed
627 621 717 649 omnis
738 620 808 649 actio
823 623 865 649 est
883 628 899 648 a
921 620 987 648 Deo:

142 678 209 707 ergo
229 670 320 698 omnis
341 669 504 705 compositio
525 672 566 697 est
588 676 603 696 a
625 668 690 696 Deo.

221 718 246 745 2.
268 717 352 749 Item,
374 716 446 745 sicut
474 715 613 752 potentiae
641 718 668 743 et
696 714 809 743 virtutis
831 718 873 742 est
894 713 989 741 distin-

142 771 228 801 guere
250 767 277 792 θῖ
298 770 447 800 separare,
469 762 508 791 sic
530 762 669 799 potentiae
691 765 718 790 et
738 760 852 789 virtutis
874 764 915 789 est
943 767 988 788 res

141 811 222 839 unire
244 813 271 838 et
293 817 476 847 componere,
498 809 547 838 sed
569 817 651 837 omne
672 808 747 846 quod
770 812 812 836 est
833 807 987 844 potentiae,

140 860 182 886 est
203 857 238 885 al)
260 856 460 893 omnipotentia
481 856 634 884 Creatoris:
657 863 723 892 ergo
745 858 795 884 etc.

221 904 246 933 3.
269 904 351 937 Item,
373 904 545 940 ubicumque
567 906 609 932 est
630 902 809 939 compositio,
832 901 868 930 ibi
884 905 926 930 est
941 901 987 929 ali—

141 959 197 988 qua
217 951 300 985 uni0;
322 954 348 979 θῖ
371 951 542 987 ubicumque
557 953 599 979 est
620 950 694 983 unio,
710 949 748 978 ibi
764 952 805 978 est
820 949 914 985 aliqua
929 949 988 977 uni-

140 1001 198 1032 tas;
220 999 268 1027 sed
290 999 381 1026 omnis
403 997 494 1026 unitas
516 1001 558 1026 θεῖ
579 1006 593 1025 a
617 997 709 1034 prima
730 995 875 1030 unitate2;
897 996 988 1032 prima

139 1049 233 1074 autem
256 1048 282 1073 et
304 1052 415 1073 summa
436 1044 528 1073 unitas
550 1044 624 1073 Deus
638 1048 691 1073 est:
716 1051 783 1080 ergo
804 1043 895 1072 omnis
917 1051 989 1071 com-

139 1092 239 1130 positio
261 1095 302 1120 est
323 1100 338 1120 a
362 1091 424 1120 Deo.

217 1140 244 1168 lt.
260 1139 336 1173 item,
352 1139 522 1176 Augustinus
537 1138 572 1167 de
587 1139 658 1167 Vera
674 1137 845 1174 Religione⁸:
867 1148 879 1162 «
892 1137 988 1166 Omnis

140 1194 185 1215 res
206 1186 290 1214 habet
312 1186 380 1214 haec
402 1185 463 1218 tria,
486 1185 590 1214 scilicet
611 1184 686 1222 quod
709 1192 803 1212 ‘tonum
821 1184 928 1221 aliquid
944 1184 987 1212 sit.

139 1236 166 1262 et
186 1233 278 1270 specie
307 1232 421 1269 propria
452 1232 644 1265 discernatur,
674 1235 701 1260 et
730 1239 825 1260 rerum
855 1231 987 1259 ordinem

138 1289 194 1309 non
216 1280 334 1309 excedat
346 1291 373 1312 »ς
395 1280 457 1314 sed,
479 1280 550 1308 sicut
566 1279 632 1308 dicit
648 1278 817 1315 Augustinus
839 1278 988 1306 undecimo

139 1328 173 1357 de
195 1327 310 1355 Civitate
331 1327 393 1361 Dei,
420 1327 478 1355 «ab
499 1334 531 1355 eo
553 1330 595 1354 est
609 1326 699 1354 omnis
720 1325 834 1359 modus,
856 1328 883 1353 et
898 1325 988 1353 omnis

139 1375 262 1412 speciem,
285 1378 312 1403 et
332 1375 422 1402 omnis
444 1373 532 1407 ordo,
555 1373 613 1402 sine
635 1372 738 1409 quihus
764 1372 833 1400 nihil
856 1379 916 1401 esse
937 1379 988 1400 nec

140 1421 252 1459 cogitari
276 1424 366 1458 potest
377 1431 403 1448 »:
426 1429 493 1457 ergo
515 1420 536 1449 si
559 1428 640 1448 omne
656 1419 840 1456 compositum
856 1422 883 1447 et
897 1418 987 1447 omnis

142 1468 305 1505 compositio
333 1467 426 1504 aliquo
456 1467 538 1495 modo
567 1471 623 1499 est,
652 1466 765 1495 videtur
791 1466 875 1502 igitur
897 1466 988 1494 omnis

140 1515 301 1552 compositio
322 1522 338 1543 a
361 1514 416 1543 Deo
437 1521 506 1543 esse.

218 1563 270 1590 SED
292 1570 419 1590 coxrna:
449 1562 472 1589 l.
495 1560 585 1597 Super
615 1560 684 1588 illud
710 1559 816 1596 primae
839 1559 873 1588 ad
896 1560 988 1588 Corin—

139 1610 212 1639 thios
224 1609 353 1638 octavo⁴¹z
369 1608 496 1641 Scimus,
511 1607 583 1645 quia
594 1606 705 1635 idolum
719 1605 794 1634 nihil
808 1610 862 1639 θεὴ·
878 1606 985 1635 Glossa:

144 1657 312 1686 «Materiam
334 1655 399 1684 idoli
431 1655 507 1684 Deus
537 1654 682 1688 formavit,
711 1654 760 1682 sed
793 1653 909 1682 stultitia
942 1654 987 1682 lio-

138 1705 246 1733 minum
260 1704 377 1732 formam
402 1702 515 1731 dedit».
533 1702 564 1730 Et
580 1705 655 1738 post:
678 1701 902 1738 «Quaecumque
922 1704 987 1729 sunt

137 1752 165 1780 in
187 1750 333 1784 creaturis,
355 1750 425 1779 sacta
447 1753 512 1778 sunt
533 1757 582 1786 per
604 1748 743 1782 Verbum,
766 1748 814 1776 sed
836 1748 925 1776 forma
941 1748 987 1776 ho-

138 1798 221 1827 minis
242 1798 268 1826 in
290 1797 364 1826 idolo
379 1805 433 1825 non
456 1800 497 1825 θεῖ
512 1796 584 1825 facta
600 1804 650 1832 per
671 1795 812 1829 Verbum,
833 1795 904 1823 sicut
926 1802 986 1832 pec-

138 1849 231 1874 catum
253 1853 306 1873 non
329 1848 371 1873 est
392 1844 495 1872 factum
516 1851 565 1880 per
588 1843 711 1871 Verbum
724 1852 750 1870 »z
774 1842 886 1870 videtur
908 1850 983 1878 ergo,

137 1892 213 1930 quod
235 1891 398 1928 compositio
420 1891 482 1919 talis
508 1890 613 1918 formae
636 1898 699 1918 cum
722 1889 769 1918 tali
792 1889 910 1917 materia
930 1897 985 1917 non

137 1940 172 1968 sit
193 1947 209 1967 a
230 1939 295 1967 Deo.

216 1987 241 2014 Q.
264 1986 347 2017 Item,
369 1985 507 2022 quaedam
528 1987 606 2018 sunt,
629 1992 700 2021 quae
724 1983 905 2020 impossibilia
921 1987 986 2012 sunt

137 2033 282 2070 coniungi,
304 2041 358 2061 non
380 2036 489 2061 tantum
511 2040 526 2060 a
554 2035 672 2065 natura,
699 2031 746 2059 sed
770 2031 852 2059 etiam
875 2039 891 2058 a
912 2030 984 2065 Deo,

136 2084 232 2118 utpote
254 2080 328 2117 quod
350 2079 457 2116 aliquid
478 2079 513 2107 sit
535 2078 618 2107 simul
634 2082 660 2107 et
686 2078 772 2107 semel
787 2078 882 2106 album
906 2081 932 2106 et
948 2078 985 2106 ni-

137 2136 229 2165 grum,
245 2128 293 2156 sed
315 2127 473 2155 intellectus
494 2130 587 2154 noster
610 2125 801 2162 phantasticus
823 2125 984 2161 frequenter

136 2175 276 2211 componit
306 2174 387 2207 talia;
415 2173 559 2202 nullorum
585 2176 679 2200 autem
710 2171 873 2208 compositio
901 2174 943 2199 est
969 2179 985 2199 a

136 2222 207 2256 Deo,
229 2222 281 2250 nisi
304 2229 401 2249 eorum
424 2228 495 2257 quae
517 2223 582 2248 sunt
610 2227 626 2247 a
648 2219 704 2248 Deo
727 2218 937 2255 componibilia:
961 2219 984 2246 si

136 2276 202 2305 ergo
223 2268 350 2305 opposita
371 2275 425 2296 non
448 2270 513 2295 sunt
533 2274 549 2294 a
571 2266 627 2294 Deo
647 2265 843 2302 compouihilia
865 2268 892 2293 et
914 2273 985 2293 coin—

135 2318 279 2352 ponuntur
307 2313 343 2341 ab
372 2313 529 2345 intellectu3
558 2312 686 2345 videtur,
715 2311 790 2348 quod
813 2319 867 2339 non
893 2311 984 2339 omnis

136 2361 298 2398 compositio
319 2361 354 2388 sit
376 2368 391 2388 a
412 2360 477 2388 Deo.

199 2495 206 2510 ¹
224 2494 331 2517 Richard.
349 2501 360 2516 a
379 2494 400 2516 S.
420 2494 489 2521 Vict.‚
508 2493 534 2514 V.
554 2492 582 2514 de
600 2492 661 2514 Trin.
681 2498 699 2514 c.
719 2491 744 2513 4:
757 2491 836 2513 Omnis
848 2492 984 2518 compositio

136 2535 289 2563 compositore
307 2536 359 2561 eget
376 2536 397 2555 et
415 2533 462 2555 sine
480 2531 592 2554 beneficio
610 2531 769 2558 compositoris
786 2536 839 2552 esse
856 2536 899 2551 non
917 2530 983 2551 valet.

136 2573 180 2597 Csr.
206 2574 291 2595 Alanus
316 2572 345 2594 ab
370 2572 461 2599 lnsulis,
489 2571 502 2593 Ι.
524 2570 552 2593 dc
571 2571 623 2592 Arte
641 2576 680 2591 seu
699 2569 798 2591 articulis
816 2569 896 2591 cathol.
916 2568 982 2596 {idei⁷

136 2619 157 2635 n.
176 2612 196 2634 3.
215 2624 245 2627 —
262 2611 341 2635 Minor
358 2610 453 2638 probata
471 2613 505 2632 est
523 2615 591 2636 supro
610 2615 632 2637 q.
656 2609 672 2630 l.

199 2651 208 2665 2
225 2651 315 2673 Boeth..
335 2650 362 2671 de
381 2649 469 2671 Uniiale
487 2652 507 2670 θῖ
520 2654 580 2669 uno:
593 2647 670 2669 Unitas
682 2650 715 2668 est
728 2646 871 2668 descendens
884 2653 895 2667 a
910 2647 983 2672 prima

136 2690 234 2714 Unitaie,
254 2695 312 2717 quae
331 2688 417 2710 creavit
435 2693 493 2709 eam.
512 2687 584 2708 Prima
603 2687 663 2707 onim
681 2689 703 2707 et
721 2691 764 2707 una
784 2685 866 2711 finitas,
879 2690 938 2712 quac
950 2686 983 2705 est

136 2730 210 2751 unitas
227 2728 270 2750 sibi
288 2728 344 2755 ipsi,
357 2728 443 2749 creavit
456 2726 523 2748 aliam
535 2727 651 2751 unitatem,
670 2730 730 2752 quae
742 2726 775 2745 est
788 2724 843 2745 infra
861 2729 919 2745 cum.
938 2722 982 2745 Csr.

136 2769 244 2795 August„
263 2767 291 2789 de
309 2766 368 2787 Vera
387 2765 458 2792 Reiig.
477 2770 496 2786 c.
515 2764 550 2785 36.
569 2770 590 2785 n.
608 2764 644 2784 66.
663 2766 685 2785 ct
703 2763 726 2784 ll.
745 2762 773 2784 de
791 2761 869 2783 Morio.
888 2761 981 2783 Manicli.

136 2812 154 2829 c.
173 2807 193 2828 6.
212 2812 233 2828 n.
252 2806 280 2833 8,,
299 2809 321 2827 et
337 2804 430 2830 Dionys.
448 2803 476 2825 de
494 2803 543 2824 Div.
561 2802 624 2823 Noni.
643 2808 662 2823 c.
685 2802 701 2823 l.
719 2801 732 2829 ξς
754 2801 770 2822 l.
788 2803 810 2822 et
833 2806 851 2822 c.
877 2800 911 2821 13.
930 2800 943 2828 {3
961 2800 982 2821 2.

197 2845 207 2859 ‘³
224 2844 279 2872 Cap.
296 2844 317 2865 7.
337 2850 358 2865 n.
381 2843 413 2864 13.
431 2842 490 2864 Vide
506 2847 576 2868 supra
595 2847 648 2868 pag.
667 2840 724 2867 8⁴29,
737 2842 788 2861 nota
804 2839 823 2860 4.
835 2840 926 2867 —Soq
939 2843 982 2861 tex-

136 2888 172 2906 tus
196 2886 231 2906 est
248 2884 290 2905 loc.
316 2883 352 2904 cit.
370 2888 389 2903 c.
412 2881 449 2908 15,
468 2880 507 2903 ubi
525 2883 598 2902 textus
614 2879 731 2907 originalis
756 2880 800 2901 sic:
826 2878 875 2901 sine
897 2877 983 2907 quibus

136 2922 194 2946 nihil
212 2928 293 2945 rerum
312 2920 413 2943 [iireniri'
431 2919 466 2943 cel
482 2919 583 2949 σοφίαι-ι’
598 2920 678 2948 potest.

197 2961 206 2976 ⁴
225 2962 289 2983 Vers.
313 2960 332 2982 4.
350 2972 380 2976 -
397 2960 488 2986 Glossa⁷
515 2964 574 2987 quae
599 2962 633 2979 est
658 2956 783 2980 ordinaria
807 2961 829 2979 et
854 2956 982 2978 secundum

136 3003 244 3029 August,
262 3001 283 3021 in
306 3000 365 3021 ioan.
391 2999 477 3026 evang.
496 3000 521 3019 tr.
544 2998 561 3018 l.
580 3003 600 3018 n.
624 2996 661 3023 13,
681 2995 777 3018 liabetur
794 2995 856 3023 apud
875 2995 982 3017 Straboni

1126 479 1151 508 3.
1174 480 1256 514 item,
1278 480 1416 517 quaedam
1432 484 1509 514 sunt,
1525 489 1597 518 quae
1619 490 1674 510 non
1695 485 1812 519 possunt
1833 490 1895 510 con-

1046 526 1122 563 iungi
1135 527 1162 555 in
1176 527 1272 556 eodem
1286 527 1344 556 sine
1358 529 1593 562 monstruositate,
1606 529 1678 557 sicut
1690 529 1746 557 duo
1762 529 1851 566 capita
1867 529 1893 557 in

1046 573 1144 601 eodem
1166 581 1300 610 corpore;
1321 577 1348 602 et
1370 574 1432 602 talis
1461 575 1623 612 compositio
1644 583 1699 604 non
1721 579 1811 612 potest
1831 583 1892 604 esse

1046 627 1062 648 a
1083 623 1184 648 natura
1205 621 1258 649 nisi
1284 628 1349 649 cum
1374 629 1470 650 errore
1492 625 1519 649 et
1540 625 1651 658 praeter
1676 622 1891 651 intentionem⁵:

1047 667 1068 695 si
1090 674 1156 703 ergo
1178 667 1252 696 Deus
1274 668 1301 695 in
1331 668 1409 696 nulla
1437 669 1635 705 compositione
1661 673 1736 698 errat
1758 677 1808 698 nec
1830 670 1893 699 facit

1046 722 1157 745 errare,
1180 714 1308 749 videtur,
1330 715 1404 752 quod
1427 715 1523 743 talium
1541 716 1703 753 compositio
1717 717 1795 745 nullo
1810 717 1892 746 modo

1045 761 1080 790 sit
1101 769 1117 789 a
1138 761 1203 789 Deo.

1123 808 1151 836 [ι.
1174 808 1257 841 Item,
1279 808 1373 845 aliqua
1394 812 1474 842 sunt,
1496 817 1567 846 quae
1590 809 1760 847 impossibile
1776 814 1817 839 θεῖ
1832 819 1893 839 con-

1046 855 1121 891 iungi
1144 854 1203 883 sine
1225 854 1448 889 deordinatione,
1472 859 1567 893 utpote
1582 856 1604 885 si
1618 856 1703 885 homo
1718 858 1894 886 commiscea-

1046 904 1092 929 tur
1105 901 1114 914 θ
1137 901 1236 935 bruto,
1260 901 1302 930 vel
1318 908 1332 929 e
1348 909 1497 930 converso:
1520 903 1543 930 si
1565 910 1631 939 ergo
1653 903 1716 932 talis
1731 904 1893 940 compositio

1045 956 1099 976 non
1121 952 1163 977 est
1188 948 1265 977 aliud
1293 956 1378 985 quam
1408 949 1637 986 componibilium
1660 950 1834 979 deordinatio
1855 967 1894 971 —

1045 995 1097 1024 hoc
1113 995 1172 1032 ipso
1187 995 1262 1024 enim
1274 995 1485 1030 deordinantur,
1498 997 1573 1033 quod
1586 997 1625 1026 sic
1637 1001 1843 1034 componuntur
1855 1015 1893 1018 —

1045 1047 1072 1072 et
1094 1043 1268 1071 deordinatio
1290 1051 1342 1072 non
1365 1043 1400 1072 sit
1421 1052 1436 1072 a
1458 1044 1530 1078 Deo3
1552 1044 1681 1079 videtur,
1703 1045 1778 1082 quod
1800 1045 1894 1082 aliqua

1045 1091 1208 1127 compositio
1231 1099 1283 1118 non
1308 1090 1343 1119 sit
1364 1099 1380 1119 a
1401 1090 1466 1119 Deo.

1361 1193 1572 1214 CONCLUSIO.

1082 1278 1183 1306 Omnis
1205 1279 1383 1316 compositio,
1405 1279 1566 1307 seeundum
1588 1280 1666 1317 quod
1686 1281 1871 1317 compositio,

1385 1330 1425 1353 cst
1446 1334 1465 1353 ιι
1488 1326 1553 1354 Deo.

1124 1419 1300 1448 Rnsronnsso:
1323 1419 1494 1454 Dicendum,
1516 1421 1590 1457 quod
1607 1429 1671 1449 cum
1686 1422 1892 1458 compositionis

1044 1473 1144 1494 nomen
1167 1466 1313 1502 tripliciter
1335 1467 1496 1503 accipiatur,
1519 1467 1545 1495 in
1568 1468 1692 1505 qualibet
1713 1477 1830 1498 suarum
1849 1478 1891 1499 ac-

1044 1513 1203 1549 ceptionum
1236 1513 1343 1549 aliquid
1375 1513 1449 1542 dicit.
1484 1514 1590 1543 Dicitur
1622 1516 1695 1544 enim
1727 1517 1889 1553 compositio

1044 1560 1239 1596 componentis
1261 1560 1354 1594 cetzo,-
1375 1561 1478 1589 dicitur
1499 1562 1581 1590 etiam
1604 1563 1766 1600 compositio
1782 1572 1891 1601 compo-

1044 1605 1142 1634 nihilis
1161 1607 1279 1643 pttssz'0;
1306 1608 1409 1636 dicitur
1438 1609 1519 1637 tertio
1547 1609 1630 1638 modo
1660 1611 1822 1647 compositio
1847 1610 1893 1639 rei

1043 1653 1218 1690 compositae
1239 1654 1390 1691 dispositio
1405 1655 1422 1682 ⁷.
1447 1655 1476 1683 Et
1491 1656 1622 1692 quoniam
1640 1660 1694 1684 tam
1714 1657 1790 1685 ctctz'o
1806 1665 1890 1694 quani

1039 1700 1142 1737 pctsst'o
1168 1709 1252 1738 quam
1275 1701 1358 1729 etiam
1385 1702 1536 1738 dispositio
1566 1703 1605 1732 rei
1634 1705 1819 1740 compositae,
1852 1712 1891 1733 εθ-

1043 1748 1166 1776 cundum
1189 1748 1264 1785 quod
1286 1749 1438 1787 composita
1460 1753 1510 1783 est,
1531 1750 1637 1787 aliquid
1659 1751 1739 1785 dicit:
1762 1755 1789 1779 et
1809 1760 1891 1780 omne

1043 1794 1117 1831 quod
1140 1794 1206 1823 dicit
1234 1795 1356 1832 aliquam
1386 1796 1567 1832 positionem,
1596 1805 1609 1825 a
1642 1797 1697 1826 Deo
1718 1802 1774 1826 est:
1798 1806 1891 1827 conce-

1043 1841 1166 1870 dendum
1189 1845 1230 1870 est
1252 1842 1431 1879 simpliciter,
1460 1844 1535 1880 quod
1557 1845 1647 1873 omnis
1668 1846 1830 1882 compositio
1856 1846 1891 1875 sit

1042 1898 1058 1917 a
1080 1889 1145 1923 Deo,
1168 1890 1324 1918 secundum
1347 1891 1420 1927 quod
1451 1891 1630 1928 compositio,
1660 1892 1731 1921 sicut
1752 1896 1779 1921 θῖ
1800 1893 1890 1922 omnis

1042 1937 1113 1964 actio
1134 1940 1161 1965 et
1183 1937 1365 1965 conservatio.

1122 1984 1325 2012 attendendum
1348 1988 1389 2013 est
1410 1989 1518 2020 tamen,
1550 1986 1625 2023 quod
1651 1987 1889 2023 quemadmodum

1042 2030 1180 2067 quaedam
1202 2031 1324 2060 actiones
1346 2036 1419 2065 sunt,
1448 2044 1459 2057 α
1473 2040 1545 2069 quae
1567 2041 1633 2061 mox
1649 2034 1807 2063 nominatae
1829 2042 1890 2063 con-

1042 2077 1151 2106 iunctae
1180 2082 1245 2106 sunt
1275 2079 1347 2107 malo
1361 2079 1416 2110 ³».
1438 2080 1510 2108 sicut
1538 2080 1715 2109 mendacium
1737 2085 1763 2109 et
1784 2081 1889 2110 adulte-

1042 2125 1132 2155 rium:
1155 2125 1192 2153 sic
1216 2126 1354 2162 quaedam
1370 2127 1547 2162 quarundam
1565 2135 1659 2156 rerum
1676 2128 1888 2164 compositiones

1042 2175 1121 2205 sunt,
1143 2180 1213 2209 quas
1236 2173 1458 2209 inseparabiliter
1475 2174 1677 2202 concomitatur
1692 2174 1786 2211 aliqua
1800 2174 1888 2203 defor—

1041 2219 1123 2247 mitas
1138 2222 1164 2247 et
1180 2219 1354 2247 inordinatio.
1372 2220 1447 2248 Unde
1463 2221 1700 2257 quemadmodum
1717 2222 1800 2255 actio,
1816 2229 1887 2258 quae

1041 2265 1188 2294 coniuncta
1203 2270 1244 2295 est
1259 2266 1378 2295 defectui
1395 2267 1516 2296 malitiae
1532 2268 1762 2304 inseparabiliter,
1785 2269 1887 2297 dicitur

1040 2319 1055 2339 a
1077 2311 1133 2339 Deo
1155 2320 1232 2346 esse,
1257 2313 1292 2341 ita
1314 2317 1422 2347 tamen,
1446 2315 1518 2350 quod
1543 2314 1667 2343 defectus
1690 2315 1810 2343 malitiae
1832 2324 1885 2343 non

1041 2360 1082 2385 est
1104 2366 1120 2386 a
1141 2359 1212 2389 Deo,
1235 2360 1283 2387 sed
1305 2368 1321 2387 a
1343 2360 1451 2388 defectu
1474 2365 1634 2396 creaturae,
1665 2365 1759 2398 utpote
1782 2362 1885 2390 liberae

1041 2495 1063 2513 et
1074 2492 1198 2520 Lyranum.
1211 2493 1232 2514 ln
1245 2492 1345 2515 secunda
1358 2493 1513 2520 propositione
1529 2493 1621 2515 Glossae
1639 2496 1691 2521 post
1707 2493 1824 2516 creatio-is
1837 2494 1887 2518 Val-

1042 2537 1083 2553 nec
1101 2537 1145 2553 non
1164 2531 1232 2553 codd.
1251 2532 1265 2553 F
1276 2532 1293 2553 T
1311 2534 1333 2554 et
1350 2532 1385 2553 alii
1403 2532 1513 2554 adiiciunt
1524 2532 1596 2561 facta.

1103 2569 1112 2584 ⁵
1131 2570 1188 2592 Vide
1206 2577 1275 2598 supra
1293 2577 1346 2599 pag.
1365 2571 1422 2598 808,
1437 2574 1487 2593 nota
1501 2570 1521 2592 [ι.
1535 2583 1565 2586 —-
1577 2572 1599 2593 ln
1612 2571 1657 2593 fine
1669 2577 1717 2599 arg.
1730 2578 1773 2599 pro
1784 2571 1814 2594 sil
1825 2571 1885 2600 edd„

1040 2612 1133 2636 excepta
1156 2610 1160 2630 1
1173 2627 1177 2634 ,
1196 2609 1336 2632 substituunt
1351 2609 1424 2639 possit
1440 2615 1495 2632 esse⁴

1103 2647 1112 2662 ⁶
1130 2648 1185 2670 Edd.
1204 2652 1294 2676 praeter
1315 2650 1319 2670 1
1342 2655 1394 2671 cuni
1413 2649 1526 2670 nonnullis
1544 2649 1610 2671 codd.
1628 2649 1827 2672 commisceretur.

1103 2687 1112 2701 ⁷
1130 2689 1157 2710 Ut
1174 2696 1226 2711 cum
1244 2689 1341 2711 dicitur:
1360 2689 1416 2710 hacc
1433 2694 1469 2710 rcs
1486 2691 1519 2710 cst
1537 2689 1623 2716 facilis,
1636 2689 1670 2710 vel
1684 2689 1782 2711 difficilis
1794 2689 1823 2711 :id
1841 2689 1886 2712 dis-

1040 2728 1177 2750 solvendum
1195 2732 1236 2750 etc.

1102 2766 1112 2781 ⁸
1129 2767 1261 2789 Secundum
1280 2767 1382 2793 Ariston,
1400 2766 1423 2787 ll.
1446 2767 1515 2788 Etliic.
1534 2772 1552 2788 c.
1571 2766 1591 2788 6.
1610 2765 1653 2788 Csr.
1672 2769 1725 2788 tom.
1745 2767 1758 2788 l.
1778 2773 1830 2794 pag.
1848 2767 1884 2795 32,

1040 2810 1091 2829 nola
1110 2807 1130 2828 ss,
1150 2819 1179 2822 —
1197 2807 1218 2828 ln
1237 2812 1331 2834 propos.
1349 2812 1397 2834 seq.
1411 2809 1462 2833 post
1474 2804 1674 2834 quemadmoctmn
1687 2805 1747 2828 (ictio
1760 2812 1804 2827 non
1818 2807 1886 2833 pauci

1039 2846 1121 2873 codd,
1142 2848 1165 2867 ιιῖ
1182 2845 1300 2867 CFHLS
1318 2845 1346 2872 (T
1365 2851 1377 2866 a
1395 2846 1467 2873 prima
1487 2847 1565 2872 manu)
1593 2847 1647 2872 etc„
1674 2851 1726 2867 cum
1750 2845 1803 2867 edd.
1823 2845 1830 2866 ¹l
1842 2863 1848 2873 ‚
1871 2846 1884 2867 2

1039 2886 1143 2906 omittunt
1162 2890 1240 2913 quam
1265 2884 1387 2910 mendose,
1406 2884 1447 2905 nisi
1465 2884 1531 2905 etiam
1550 2884 1634 2911 pariter
1651 2884 1761 2905 omittitur
1778 2885 1812 2906 est
1833 2886 1885 2912 post

1039 2923 1179 2950 coniuncta,
1199 2917 1258 2951 quac
1277 2923 1341 2944 lectio
1358 2923 1390 2944 sic
1408 2922 1524 2944 moderata
1543 2921 1640 2944 liabetur
1658 2923 1678 2943 in
1697 2922 1765 2944 codd.
1783 2922 1815 2944 bb
1832 2926 1854 2945 et
1866 2923 1883 2944 T

1040 2963 1060 2987 (a
1079 2962 1178 2984 secunda
1197 2966 1284 2989 manu).
1304 2961 1405 2983 Subinde
1423 2961 1491 2983 codd.
1512 2961 1560 2983 VX
1578 2960 1625 2983 sive
1642 2960 1786 2984 inordinatio
1805 2968 1847 2989 pro
1864 2962 1886 2984 et

1039 3000 1191 3024 inordinatio.

1927 1427 2034 1450 Tripliciter

1905 1450 1974 1476 dici-tur
1986 1455 2034 1468 com-

1905 1476 1979 1497 positio.

1903 1804 2008 1823 Conclusio.

1903 2132 2017 2151 Notandum.
