2243 3425
784 215 867 243 [itsT.
890 215 967 243 XXV.
990 214 1016 242 P.
1038 214 1067 242 11.
1092 213 1197 243 DUBIA.

1818 213 1874 241 6⁹25

704 340 801 369 DUBIA
822 340 916 369 Cle-CA
938 339 1104 368 LITTERAM
1127 339 1289 368 MAGISTRI.

489 428 556 456 DUB.
582 428 599 455 1.

199 523 227 550 111
250 525 329 559 parte
351 522 403 551 ista
435 525 499 551 sunt
527 520 705 558 quaestiones
736 520 810 549 circa
832 520 968 553 litteram,

120 572 147 599 et
167 569 258 606 primo
280 569 426 606 quaeritur
448 568 483 597 de
505 568 557 596 boc
572 567 645 605 quod
669 567 744 601 dicit,
760 567 835 604 quod
852 566 971 594 libertas

121 616 244 645 arbitrii
260 624 314 653 per
334 619 486 652 peccatam
507 623 542 643 ccc
560 618 647 651 parte
661 617 703 642 cst
720 614 849 650 perdita,
873 614 900 642 in
923 613 971 641 illo

122 663 258 700 capitulo:
287 662 366 690 Unclc
394 660 586 698 manifestum
608 665 649 689 cst
676 664 727 690 etc.
758 661 811 689 Hoc
832 661 906 689 enim
929 663 970 689 051

122 713 217 740 contra
239 709 430 744 Bernardum,
451 709 499 746 qui
522 708 589 737 dicit
610 708 637 736 in
654 708 726 736 libro
749 708 783 736 de
806 707 904 736 Libero
926 708 971 735 Ar-

121 757 204 786 bitrio
217 757 233 792 ¹,
254 757 329 794 quod
348 756 493 785 «liberum
515 755 664 784 arbitrium
687 762 737 784 neo
758 754 873 783 miseria
893 753 971 782 amit-

120 805 189 834 titur
210 812 261 833 nec
290 803 374 841 culpa
395 803 532 831 minuitur
553 813 580 830 ».
602 802 689 836 Item,
718 802 745 830 in
777 801 876 830 eodem
899 801 971 829 libro

121 853 238 890 loquens
260 851 294 879 de
316 851 405 879 libero
426 849 558 878 arbitrio:
585 849 657 877 «Sui
679 849 791 877 omnino
813 847 972 876 diminutio-

120 907 185 928 nem
216 898 261 927 vel
293 897 431 926 defectum
464 904 519 925 non
551 896 696 933 patitur».
720 896 751 924 Et
774 896 890 929 iterum,
913 894 972 930 ipse

121 946 225 974 ibidem
248 945 328 974 dicit:
356 944 504 973 «Libertas
520 944 627 972 arbitrii
651 943 686 972 de
702 943 761 980 ipso
784 951 839 980 quo
861 942 972 971 condita

122 996 163 1022 est
183 995 257 1021 statu
279 991 457 1029 aliquatenus
478 999 531 1019 non
556 993 697 1025 mutatur,
720 990 768 1019 sed
800 989 972 1026 aequaliter,

122 1042 258 1078 quantum
281 1039 307 1067 in
331 1046 360 1067 se
382 1041 431 1073 est,
454 1046 470 1066 a
491 1038 574 1066 caelis
595 1040 623 1066 et
643 1037 726 1066 terris
748 1041 775 1066 et
796 1037 892 1065 inferIs
914 1044 974 1073 pos—

122 1087 264 1116 51110101οκ
287 1094 354 1123 ergo
376 1085 449 1114 male
469 1085 592 1122 assignat
614 1085 743 1122 Magister
765 1084 891 1113 diversos
913 1091 974 1120 gra-

123 1134 195 1164 dus²
217 1133 361 1162 libertatis.
384 1133 470 1167 item,
492 1132 513 1161 si
544 1132 659 1161 libertas
679 1131 789 1160 arbitrii
810 1134 901 1168 potest
922 1139 973 1168 per

122 1184 267 1220 peccatum
290 1180 424 1214 diminui,
447 1188 511 1209 curm
534 1188 588 1208 non
610 1179 645 1208 sit
673 1178 799 1213 infinita,
822 1178 973 1216 aliquando

122 1229 224 1266 poterit
254 1228 358 1256 amitti:
391 1235 458 1265 ergo
490 1227 511 1256 si
534 1226 707 1264 impossibile
728 1230 785 1261 est,
813 1229 974 1255 creaturam

122 1275 287 1305 rationalem
309 1275 415 1312 absque
436 1275 565 1303 libertate
586 1274 695 1302 arbitrii
711 1273 973 1310 esse,i1np0ssibile

123 1326 173 1358 est,
195 1323 287 1360 ipsum
310 1330 360 1359 per
382 1325 528 1359 peccatum
550 1321 679 1350 diminui.

203 1370 376 1398 Ruspoxnno:
399 1369 438 1397 Ad
454 1369 506 1398 hoc
521 1369 682 1403 dicendum,
697 1368 772 1406 quod
788 1371 829 1396 est
848 1367 924 1404 loqui
940 1367 974 1396 de

123 1417 251 1446 libertate
272 1416 381 1445 arbitrii
394 1415 402 1429 ³
426 1419 563 1453 quantum
584 1415 618 1444 ad
641 1423 701 1443 esse
732 1418 758 1443 et
780 1418 917 1452 quantum
939 1414 974 1442 ad

125 1464 190 1492 benc
211 1472 277 1491 csse.
300 1463 326 1491 Si
350 1463 499 1500 loquamur
520 1465 658 1499 quantum
684 1462 720 1490 ad
749 1470 822 1495 esse,
849 1461 887 1490 sic
911 1461 976 1489 libe-

124 1519 189 1539 rum
220 1510 370 1539 arbitrium
405 1517 458 1538 non
485 1512 577 1546 potest
598 1509 717 1538 diminui
743 1516 793 1545 per
819 1511 973 1545 peccatum.

124 1559 150 1587 Si
172 1562 266 1587 autem
289 1557 439 1594 loquamur
460 1560 598 1593 quantum
620 1556 656 1584 ad
684 1555 749 1584 benc
770 1564 845 1589 asse,
868 1555 907 1583 sic
929 1563 976 1583 ex-

124 1607 212 1637 cludit
242 1605 348 1633 malum
381 1603 503 1640 duplex,
526 1603 655 1632 videlicet
676 1602 779 1640 calpae
800 1605 827 1631 et
846 1611 976 1639 11001111ος

124 1657 150 1684 01
172 1656 308 1691 quantum
331 1652 367 1680 ad
389 1651 482 1680 hanc4
505 1650 626 1679 liberum
653 1650 803 1679 arbitrium
826 1653 916 1687 potest
937 1649 976 1678 di-

124 1701 226 1735 minui,
248 1703 275 1728 et
307 1700 375 1728 haec
404 1698 519 1727 libertas
550 1706 600 1735 per
621 1700 768 1735 peccatum
791 1697 849 1725 tolli
871 1699 974 1734 potest,

125 1749 197 1778 sicut
218 1748 245 1776 in
267 1746 422 1780 damnatis,
437 1746 485 1782 qui
501 1745 658 1774 necessario
673 1744 790 1773 subiecti
814 1747 880 1773 sunt
901 1744 975 1772 malo

125 1795 227 1832 culpae
253 1797 280 1823 et
301 1793 374 1822 malo
393 1801 511 1830 poenae.
546 1792 576 1821 Et
597 1800 647 1829 per
676 1792 729 1820 1100
751 1794 846 1829 patent
867 1791 975 1819 obiecta

125 1847 221 1872 contra
241 1842 303 1875 1100,
325 1841 390 1878 quia
411 1839 568 1877 procedunt
583 1839 617 1868 de
632 1839 773 1873 libertate,
795 1837 976 1874 intelligendo

125 1892 262 1927 quantum
283 1888 319 1917 ad
341 1887 431 1916 03505.

490 1981 557 2010 Due.
580 1981 608 2009 [1.

204 2078 272 2106 Item
294 2076 440 2114 quaeritur
462 2075 497 2105 de
518 2076 570 2104 1100
591 2075 667 2113 quod
683 2075 762 2104 dicit:
780 2075 831 2103 Est
851 2082 977 2112 ncimqac

127 2125 246 2153 libertas
266 2123 389 2152 arbitrii
417 2122 540 2159 triplex,
572 2121 682 2150 scilicet
706 2130 726 2150 a
748 2121 933 2155 necessitate,
955 2129 975 2149 a

127 2171 214 2208 calpa
235 2174 261 2199 et
281 2179 301 2199 (t
321 2170 454 2198 miseria.
486 2169 620 2204 Videtur,
650 2169 725 2207 quod
747 2169 799 2197 ista
820 2168 920 2197 divisio
943 2168 977 2196 sit

127 2218 279 2256 superflua.
311 2217 381 2246 Cum
410 2217 484 2246 enin]
513 2225 568 2245 non
591 2216 626 2245 sit
646 2216 699 2245 nisi
722 2216 829 2253 duplex
853 2215 976 2250 malum,

128 2266 232 2295 scilicet
253 2265 356 2302 calpae
371 2267 398 2293 et
410 2272 534 2301 poenae,
556 2264 684 2298 videtur,
700 2263 776 2301 quod
798 2271 853 2291 non
875 2262 910 2291 sit
925 2262 978 2290 nisi

128 2313 235 2351 duplex
260 2312 383 2341 libertas.
412 2311 482 2340 Cum
513 2319 580 2348 ergo
612 2310 728 2339 libertas
759 2310 833 2339 dicat
861 2309 977 2346 ereptio-

127 2368 191 2390 nem
212 2360 247 2388 ab
269 2359 363 2396 aliquo
385 2358 468 2393 malo,
489 2358 611 2393 videtur,
633 2357 709 2395 quod
730 2365 786 2385 non
802 2357 902 2385 debeat
917 2363 978 2385 esse

127 2407 181 2437 nisi
202 2407 310 2444 duplex
325 2406 463 2435 libertatis
485 2405 651 2434 differentia.
673 2421 711 2425 -—
732 2404 814 2438 item,
837 2411 901 2433 cum
924 2411 979 2431 non

1027 426 1062 454 sit
1076 429 1185 455 tantum
1201 426 1307 454 malum
1330 426 1433 463 calpae
1451 429 1478 455 et
1496 434 1622 462 poenae,
1645 425 1692 453 sed
1716 425 1799 454 etiam
1823 429 1877 453 tcu-

1028 473 1164 507 tationis,
1197 473 1309 502 videtur
1335 473 1477 510 praedicta
1510 472 1610 501 divisio
1639 480 1699 501 esse
1721 472 1874 506 diminuta,

1027 527 1099 556 quae
1120 520 1222 548 omittit
1252 528 1338 548 unam
1371 520 1571 554 differentiam,
1602 528 1673 557 quae
1695 522 1736 548 est
1762 519 1876 548 libertas

1027 566 1135 594 arbitrii
1158 575 1173 595 a
1196 567 1268 595 malo
1291 567 1459 596 tentationis.
1482 567 1515 596 Si
1536 571 1567 595 tu
1589 567 1685 599 dicas,
1707 575 1768 595 eam
1791 567 1874 595 conti-

1028 613 1087 641 neri
1111 613 1163 642 sub
1180 613 1306 642 libertate
1321 622 1337 642 a
1353 614 1464 642 miseria
1470 625 1477 648 3
1492 617 1559 643 tunc
1574 622 1624 651 ego
1646 622 1773 651 quaero:
1789 622 1877 651 quare

1028 660 1156 688 similiter
1178 660 1292 689 libertas
1314 668 1330 688 a
1352 661 1439 697 calpa
1460 669 1513 689 non
1537 661 1695 689 continetur
1717 660 1770 689 sub
1792 660 1876 689 liber-

1028 710 1083 735 tate
1104 715 1121 735 a
1141 707 1264 735 miseria
1277 706 1311 734 59
1329 724 1367 727 -
1382 708 1464 741 Item,
1487 715 1551 736 cum
1574 708 1734 737 Bernardns
1755 708 1782 736 in
1805 708 1877 736 libro

1028 754 1063 782 de
1085 754 1183 782 Libero
1204 754 1346 782 Arbitrio⁷
1379 754 1486 783 dividat
1517 755 1674 783 libertatem
1696 755 1776 784 liberi
1807 755 1879 783 arbi-

1029 801 1074 829 trii
1095 801 1123 829 in
1146 801 1303 830 libertatem
1326 801 1449 829 arbitrii
1469 804 1496 830 et
1511 802 1627 830 consilii
1647 805 1673 831 et
1695 802 1863 839 complaciti
1868 813 1879 836 ,-

1029 848 1191 885 quaeritur,
1214 856 1286 885 quae
1308 848 1343 877 sit
1363 848 1436 877 inter
1465 849 1516 877 lias
1538 849 1688 877 divisiones
1710 849 1878 884 differentia,

1029 898 1055 923 et
1076 902 1162 932 penes
1183 895 1251 932 quid
1267 898 1416 923 sumantur
1432 895 1534 924 harum
1551 895 1720 924 divisionum
1743 896 1877 924 membra.

1108 942 1284 971 RESPONDEo:
1307 942 1479 976 Dicendum,
1512 942 1586 979 quod
1616 942 1688 970 sicut
1713 950 1748 971 ex
1772 950 1882 979 praece-

1030 989 1182 1018 dentibusS
1203 989 1294 1026 colligi
1324 992 1422 1026 potest,
1444 989 1552 1018 arbitrii
1576 989 1691 1018 libertas
1722 993 1749 1018 01
1776 989 1880 1027 priua·
1893 999 2000 1019 pisanam.

1032 1037 1085 1064 live
1107 1036 1210 1065 dicitur
1232 1039 1259 1065 et
1277 1036 1408 1073 positive.
1430 1036 1584 1065 Privatioc
1613 1036 1715 1065 dicitur
1738 1045 1787 1074 per
1810 1045 1881 1066 com-

1030 1083 1203 1120 parationem
1226 1083 1261 1112 ad
1283 1083 1369 1117 illud,
1392 1087 1522 1120 respectu
1538 1084 1619 1113 cuius
1641 1084 1744 1113 dicitur
1766 1084 1881 1113 libertas

1031 1133 1102 1159 uta
1134 1139 1209 1168 (sito,-
1236 1130 1360 1167 positive
1388 1139 1438 1168 per
1467 1131 1703 1168 comparationem
1732 1131 1766 1160 ad
1795 1131 1881 1166 illud,

1032 1181 1161 1215 respectu
1182 1178 1263 1206 cuius
1285 1178 1388 1207 dicitur
1417 1178 1531 1207 libertas
1563 1181 1595 1206 ut
1616 1178 1657 1206 ad
1677 1178 1761 1216 qaod.
1783 1195 1821 1199 —
1843 1178 1882 1207 Li·
1891 1188 1976 1215 Litteras
1986 1189 2025 1212 pri-

1032 1225 1125 1254 bertas
1157 1228 1251 1254 autem
1283 1225 1434 1262 opponitur
1466 1225 1602 1254 servituti.
1629 1226 1755 1254 Servitus
1785 1214 2024 1259 attten12⁵3i¹lr⁹ip⁵ss¹ss²f³

1032 1272 1140 1309 duplex
1161 1275 1218 1307 est,
1241 1272 1370 1301 videlicet
1392 1273 1514 1302 servitus
1536 1273 1696 1301 coactionis
1711 1277 1738 1301 et
1760 1273 1882 1302 servitus

1031 1318 1227 1347 subiectionis.
1250 1319 1376 1348 Servitus
1397 1322 1491 1348 autem
1507 1319 1695 1348 subiectionis
1709 1323 1800 1357 potest
1821 1327 1882 1349 esse

1032 1366 1085 1394 sub
1107 1366 1213 1403 duplici
1235 1366 1407 1401 differentia,
1435 1367 1590 1395 secundum
1614 1367 1688 1404 quod
1711 1367 1818 1404 duplex
1840 1370 1882 1396 est

1032 1413 1155 1448 malum,
1172 1413 1276 1442 scilicet
1304 1413 1428 1448 malum,
1450 1414 1526 1451 quod
1542 1414 1695 1450 patimur,
1718 1418 1744 1443 01
1766 1414 1818 1443 1100
1840 1418 1881 1443 est

1033 1461 1139 1490 malum
1155 1461 1297 1495 miseriae,
1313 1465 1339 1490 et
1361 1462 1387 1489 in
1411 1461 1463 1490 hoc
1485 1462 1638 1490 attenditur
1662 1461 1775 1490 libertas
1796 1470 1811 1490 a
1832 1461 1884 1489 mi—

1032 1508 1131 1541 scria‚·
1152 1511 1179 1537 et
1202 1508 1307 1537 malum
1323 1508 1399 1545 quod
1420 1507 1566 1544 sacimas,
1589 1512 1616 1537 et
1638 1509 1690 1537 1100
1712 1511 1753 1537 051
1775 1508 1881 1536 malum

1033 1555 1145 1592 culpae,
1168 1559 1195 1583 et
1216 1555 1244 1583 in
1259 1555 1312 1583 1100
1326 1555 1480 1584 attenditur
1503 1555 1582 1583 tertia
1599 1555 1735 1584 libertatis
1757 1555 1884 1584 differen-

1033 1602 1070 1630 tia
1081 1602 1098 1629 ⁹.
1123 1602 1153 1630 Et
1168 1602 1207 1630 sic
1222 1605 1309 1639 patet,
1326 1602 1400 1639 quod
1417 1602 1544 1634 libertas,
1560 1603 1715 1631 secundum
1732 1602 1806 1639 quod
1822 1610 1883 1631 con-

1033 1649 1174 1677 sideratur
1189 1656 1239 1686 per
1254 1649 1491 1686 comparationem
1521 1649 1556 1677 ad
1585 1649 1654 1677 illud
1670 1658 1689 1677 a
1704 1658 1759 1687 quo
1776 1649 1883 1683 liberat,

1033 1696 1117 1725 habet
1139 1696 1224 1725 dividi
1249 1696 1274 1724 in
1291 1699 1348 1725 tres
1370 1696 1554 1731 differentias,
1571 1705 1642 1734 quae
1657 1700 1722 1725 sunt
1738 1697 1852 1725 libertas
1867 1705 1883 1725 a

1032 1743 1211 1777 necessitate,
1223 1751 1239 1771 a
1251 1743 1339 1780 calpa
1354 1747 1380 1772 et
1392 1751 1408 1771 a
1418 1743 1549 1772 miserm.
1563 1761 1602 1764 —
1613 1744 1638 1771 Si
1652 1747 1747 1772 autem
1763 1743 1886 1772 conside-

1034 1794 1112 1819 retur
1134 1790 1248 1818 libertas
1263 1797 1313 1827 per
1329 1790 1565 1827 comparationem
1581 1790 1617 1819 ad
1640 1790 1710 1819 illud
1732 1791 1772 1819 ad
1793 1790 1883 1828 qaod,
1898 1800 1983 1826 citerus
1995 1805 2027 1823 po-

1034 1837 1138 1866 scilicet
1159 1837 1194 1866 ad
1209 1840 1316 1872 actum,
1339 1838 1367 1865 in
1388 1845 1472 1875 quen]
1494 1837 1568 1872 exit,
1591 1838 1643 1866 lioc
1659 1841 1749 1875 potest
1764 1846 1824 1867 esse
1840 1838 1885 1866 tri·
1898 1825 2027 1870 ἶέῗνῖῗ-ῑῧῗέῗᾶ

1033 1885 1142 1922 pliciter
1151 1885 1181 1913 ¹⁰:
1196 1888 1245 1913 aut
1260 1888 1344 1922 prout
1357 1885 1529 1922 simpliciter
1545 1885 1740 1914 consideratur
1757 1891 1885 1922 respectu

1033 1936 1118 1961 actas
1139 1932 1266 1966 volendi,
1288 1935 1315 1961 et
1336 1932 1375 1961 sic
1400 1932 1503 1961 dicitur
1535 1932 1649 1961 libertas
1671 1933 1794 1961 arbitrii
1801 1944 1811 1967 ;
1836 1936 1885 1962 aut

1034 1983 1118 2017 prout
1140 1980 1334 2008 consideratur
1355 1983 1486 2017 respectu
1507 1984 1586 2009 actus
1610 1981 1719 2009 volendi
1741 1981 1776 2009 ad
1799 1980 1886 2018 linem

1035 2027 1131 2061 relati,
1147 2027 1194 2064 qui
1207 2027 1310 2056 dicitur
1322 2036 1395 2056 usus
1411 2027 1454 2056 vel
1469 2028 1523 2061 itti,
1539 2031 1565 2057 et
1581 2028 1619 2057 sic
1635 2029 1788 2057 attenditur
1806 2028 1886 2057 liber-

1037 2077 1077 2103 tas
1098 2074 1227 2108 consilii;
1251 2077 1300 2103 aut
1325 2077 1455 2111 respectu
1479 2078 1558 2104 actus
1584 2075 1694 2104 volendi
1714 2075 1836 2113 qaictati
1848 2075 1885 2109 ¹¹,

1035 2122 1082 2160 qui
1104 2122 1219 2159 quidem
1241 2121 1343 2151 dicitur
1365 2125 1444 2151 actus
1470 2122 1625 2154 fruitionis,
1654 2126 1680 2151 et
1702 2131 1788 2160 penes
1811 2124 1886 2152 11000

1035 2169 1189 2198 attenditur
1212 2169 1326 2198 libertas
1348 2169 1523 2206 complaciti.
1545 2187 1585 2190 —
1608 2170 1637 2198 Et
1659 2170 1698 2199 sic
1713 2173 1788 2207 patet
1810 2170 1887 2199 suffi-

1036 2216 1136 2245 cientia
1158 2216 1307 2252 utriusque
1328 2215 1488 2251 divisionis,
1510 2220 1537 2245 et
1560 2217 1663 2245 diversi
1684 2217 1767 2251 modi,
1790 2225 1885 2245 secun-

1037 2263 1103 2291 dum
1127 2270 1197 2300 quos
1218 2263 1378 2299 praedictae
1400 2263 1550 2292 divisiones
1576 2263 1680 2292 habeut
1700 2263 1845 2300 assignari.

1115 2310 1229 2338 Possent
1250 2313 1342 2338 tamen
1364 2310 1399 2338 ad
1432 2318 1517 2338 unam
1549 2318 1725 2341 communem
1750 2311 1883 2340 rationem
1900 2323 1951 2349 ,111113
1961 2323 2028 2341 modus

1037 2356 1179 2385 dividendi
1203 2356 1301 2385 reduci
1323 2356 1369 2385 sic.
1394 2357 1438 2385 Est
1470 2356 1544 2385 enim
1576 2357 1754 2386 considerare
1776 2347 2026 2386 liberta—'fisunguenffi'

1037 2405 1093 2431 tem
1114 2402 1222 2431 arbitrii
1246 2406 1383 2439 quantum
1412 2403 1447 2431 ad
1477 2411 1535 2431 esse
1557 2406 1584 2432 et
1604 2406 1741 2440 quantum
1763 2404 1798 2432 ad
1822 2403 1888 2432 bene

194 2542 201 2556 1
218 2541 273 2569 Cap.
291 2541 312 2563 4.
331 2547 352 2563 n.
371 2541 392 2563 9.
410 2539 454 2563 Cfr.
473 2546 543 2567 supra
565 2545 618 2567 pag.
640 2538 698 2567 610,
719 2541 771 2561 nota
791 2539 804 2560 2
828 2538 868 2560 ubi
888 2540 910 2560 et
930 2544 978 2566 seq.

129 2581 204 2609 locus,
223 2581 263 2610 qui
280 2587 307 2603 ex
325 2586 344 2602 c.
363 2580 383 2602 9.
402 2586 423 2601 0.
442 2579 471 2601 28
489 2582 580 2601 sumtus
605 2581 651 2606 est,
676 2579 765 2606 integer
787 2578 887 2600 affertur.
904 2578 979 2599 Locus

128 2621 193 2643 tertio
210 2621 270 2642 citat.
287 2622 377 2642 sumtus
393 2622 427 2642 est
444 2624 471 2641 cx
489 2624 507 2640 c.
526 2618 548 2640 9.
565 2624 587 2640 n.
606 2618 647 2645 30,
665 2618 688 2639 in
706 2623 753 2646 quo
775 2617 825 2640 loco
846 2619 898 2639 text.
920 2617 978 2644 orig.

130 2662 181 2688 post
198 2658 330 2689 aequaliter
346 2659 457 2680 insertum
475 2657 566 2679 exhibet
583 2662 682 2686 semper.

192 2698 201 2712 2
219 2698 274 2721 Cod.
293 2704 319 2720 aa
336 2698 419 2720 status.
438 2698 459 2719 ln
478 2696 546 2719 codd.
565 2696 583 2719 V
594 2696 641 2718 XZ
658 2700 681 2718 et
698 2697 746 2718 aliis
764 2702 806 2718 nec
824 2702 868 2718 non
881 2696 903 2717 in
916 2695 952 2717 ed.
967 2696 979 2717 2

130 2737 212 2766 legitur
234 2737 341 2766 assiquat
363 2736 478 2766 illayistcr
495 2735 624 2759 arbitrium
647 2734 768 2759 libertatis.
787 2735 844 2757 Voci
864 2734 978 2757 libertatis

130 2777 181 2799 Vat.
199 2781 221 2799 et
238 2776 291 2799 edd.
310 2777 334 2804 3,
353 2776 365 2798 t
384 2775 472 2798 addunt
488 2774 590 2798 arbitrii.
902 2778 906 2779 ⁷

193 2815 202 2829 ³
220 2814 275 2837 Cod.
294 2815 312 2836 T
330 2814 407 2836 adiicit
423 2813 552 2843 dupliciter.

193 2854 203 2869 ⁴
221 2855 309 2876 Scilicet
324 2853 459 2876 libertatem.
477 2853 520 2875 Pro
537 2852 599 2876 hunc
616 2853 666 2875 Vat.
684 2858 737 2875 cum
755 2852 808 2874 edd.
827 2852 847 2879 3,
867 2851 879 2873 4
899 2851 948 2875 hoc.

194 2894 203 2908 ⁵
221 2893 266 2916 Cfr.
279 2899 348 2921 supra
361 2899 382 2921 q.
400 2893 404 2914 1
416 2900 420 2920 ;
434 2892 494 2914 Alex.
505 2892 560 2921 Hal„
574 2893 596 2914 S.
610 2898 632 2920 p.
646 2891 670 2914 ll.
683 2898 704 2920 q.
718 2891 755 2913 72.
769 2897 799 2913 m.
813 2891 838 2918 5;
851 2891 875 2912 Β.
888 2891 980 2919 Albert.,

132 2934 154 2956 S.
172 2939 194 2961 p.
211 2933 234 2955 ll.
253 2936 279 2955 tr.
303 2932 334 2954 15.
353 2938 375 2961 q.
394 2931 435 2960 953
454 2932 511 2954 Petr.
529 2938 541 2954 a
560 2932 620 2959 Tar„
639 2931 676 2953 hic
688 2931 746 2953 circa
765 2930 794 2952 lit.
813 2932 834 2952 01
847 2936 868 2958 q.
883 2929 902 2952 4.
916 2936 936 2952 a.
959 2930 980 2958 ¹3

132 2971 239 2994 Ricliard.
256 2977 268 2993 a
286 2970 351 2998 Med.⁷
370 2971 406 2992 bic
423 2976 442 2993 a.
461 2971 482 2993 2.
501 2976 522 2999 q.
542 2970 566 2998 23
585 2969 659 2998 [Egid.
677 2969 711 2997 R„
730 2969 767 2991 hic
784 2968 840 2990 dub.
859 2968 888 2990 tit.
908 2968 928 2990 8.

195 3009 204 3024 ⁶
222 3009 298 3032 Verba
321 3010 377 3032 111110
394 3015 435 3039 eqo
454 3015 556 3039 quaero,
575 3014 673 3038 quare...
697 3014 712 3031 [ι
735 3007 833 3030 miseria
855 3007 938 3030 desunt
959 3008 980 3029 in

258 3060 282 3084 S.
301 3060 389 3083 Bomiv,
406 3072 438 3077 —
456 3060 522 3083 Tom.
541 3060 564 3082 ll.

1037 2537 1086 2559 Vat.
1105 2538 1127 2558 01
1143 2535 1196 2558 cdd.
1215 2536 1241 2564 2,
1260 2536 1285 2563 3,

1035 2575 1151 2599 substituit
1168 2574 1264 2598 Contra.

1098 2615 1108 2629 ⁷
1126 2614 1180 2643 Cap.
1200 2614 1220 2636 4.
1239 2621 1260 2636 n.
1283 2615 1315 2636 ll.
1334 2617 1355 2637 et
1373 2620 1391 2636 c.
1410 2614 1431 2636 7.
1450 2620 1471 2636 n.
1490 2614 1526 2635 21.

1099 2653 1108 2668 Β
1126 2654 1216 2682 Quaest.
1239 2654 1256 2675 1.

1100 2693 1109 2707 ⁹
1126 2694 1234 2720 August.,
1249 2691 1331 2715 Contra
1343 2692 1491 2714 Adimantum
1505 2692 1627 2715 Manichaei
1646 2692 1795 2721 discipulum,
1809 2699 1827 2716 c.
1846 2694 1886 2716 26:

1037 2733 1162 2760 Dupliciter
1178 2733 1239 2754 enim
1262 2732 1390 2760 appellatur
1407 2732 1509 2754 malum:
1534 2738 1618 2760 unum,
1643 2732 1706 2761 quod
1725 2733 1794 2755 110010
1815 2733 1887 2762 facit,-

1038 2772 1145 2798 alterum⁷
1165 2770 1227 2799 quod
1244 2769 1348 2799 patitur,·
1366 2770 1430 2799 quod
1447 2770 1516 2799 facit,
1542 2774 1661 2798 peccatum
1680 2774 1724 2800 cst3
1747 2772 1809 2800 quod
1827 2772 1889 2802 puti-

1310 2534 1330 2557 4.
1349 2535 1451 2557 Subinde
1469 2541 1511 2563 pro
1530 2536 1587 2558 Item
1611 2536 1660 2557 Vnt.
1678 2542 1731 2557 cum
1752 2536 1805 2558 edd.
1825 2536 1849 2564 3,
1873 2536 1885 2558 lt

1038 2812 1090 2839 tar,
1112 2816 1192 2838 poena.
1205 2822 1236 2825 —
1253 2810 1275 2831 ln
1293 2815 1340 2838 seq.
1358 2816 1452 2837 propos.
1471 2816 1513 2837 pro
1533 2809 1627 2838 liberat,
1648 2810 1710 2839 qnod
1730 2811 1773 2833 fide
1791 2811 1858 2834 codd.
1872 2812 1888 2834 F

1038 2856 1064 2872 aa
1075 2849 1107 2871 bb
1116 2855 1142 2871 ee
1160 2849 1294 2877 posuimus,
1317 2854 1371 2871 cum
1388 2851 1506 2871 contextus
1524 2849 1582 2871 hanc
1604 2849 1653 2871 lect.
1677 2851 1762 2878 exigat,
1786 2851 1836 2872 Vat.
1855 2852 1888 2873 est

1039 2888 1146 2915 libertus,
1166 2888 1236 2916 aliqui
1254 2887 1321 2910 codd.
1340 2893 1393 2910 eum
1411 2888 1492 2916 primis
1509 2888 1562 2910 edd.
1581 2887 1677 2911 libertus
1695 2892 1792 2912 tantum.

1102 2927 1121 2941 ¹0
1139 2927 1208 2949 Maior
1225 2933 1279 2955 pars
1296 2927 1363 2949 codd.
1382 2927 1437 2949 salso
1455 2926 1585 2956 dupliciter.

1103 2967 1120 2981 1¹
1140 2966 1194 2989 Cod.
1214 2973 1240 2989 cc
1257 2970 1279 2989 et
1295 2966 1330 2989 ed.
1354 2967 1358 2988 l
1381 2966 1508 2996 qttictcttiri.

1731 3060 1760 3082 79
