2243 3425
236 914 295 937 Hugo.

210 1516 299 1533 Rationes

171 1539 277 1557 seminales.

309 228 365 257 430

310 307 335 332 ιιι
350 306 490 333 mulierem
510 313 559 332 uec
579 306 669 332 carnis
688 305 906 340 supplementum
927 306 952 331 in
973 305 1032 332 loco
1053 308 1158 338 costae,

310 357 362 376 non
391 349 464 384 quod
492 348 558 375 nihil
588 351 679 381 agant,
708 351 738 374 ut
764 347 867 382 aliquid
897 350 1019 380 creetur,
1039 347 1158 373 sednon

310 393 370 419 ideo
390 395 527 419 creatores
545 395 621 423 sunt⁷
649 392 720 418 sicut
745 398 794 418 nec
820 390 956 425 agricolae
977 393 1097 425 segetum
1118 390 1159 417 vel

309 435 445 462 arborum.
467 435 559 461 Solum
579 434 664 466 Deus,
684 434 710 460 id
730 437 769 460 est
789 434 913 466 Trinitas,
934 436 973 460 est
992 433 1122 460 Creator¹
1136 444 1159 460 ».

309 479 390 506 Facta
410 482 450 505 cst
469 485 532 511 ergo
553 478 649 504 semina
670 484 685 504 a
704 477 772 509 Deo,
792 477 897 504 etiamsi
917 480 991 503 costa
1011 476 1161 503 ministrata

308 522 341 548 sit
361 528 410 556 per
429 520 552 554 Angelos.

681 607 742 634 CAP.
763 607 792 634 V.

438 695 475 721 De
496 693 584 721 causis
604 692 793 729 superioribus
812 698 836 720 et
855 692 1041 729 inferioribus

382 781 433 808 Sed
454 780 609 815 quaeritur,
630 788 662 807 an
683 781 766 812 ratio,
793 787 874 815 quam
894 781 965 807 Deus
985 780 1079 814 primis
1099 787 1162 814 ope.-

311 825 386 852 ribus
405 824 573 856 concreavit,
594 823 619 849 id
641 823 766 856 haberet,
795 827 824 849 ut
852 823 1001 849 secundum
1022 823 1107 857 ipsam
1128 829 1161 849 ex

310 868 361 894 viri
381 867 465 893 latere
485 866 611 893 feminam
631 866 688 892 fieri
709 873 819 892 necesse
839 866 920 895 foret:
935 873 968 892 an
983 866 1035 891 hoc
1051 868 1161 893 tantum,

310 914 340 937 ut
359 910 415 937 fieri
430 913 528 944 posset.
541 924 577 929 —
590 920 599 932 «
611 909 650 935 Ad
665 909 737 943 quod
750 909 889 935 sciendum
912 911 962 939 est,
983 908 1100 935 omnium
1121 915 1163 934 re-

312 961 371 981 rum
392 960 488 980 causas
512 953 537 979 in
566 953 621 979 Deo
647 952 681 979 ab
710 956 819 979 aeterno
849 959 915 978 esse.
936 952 969 977 Ut
989 951 1059 978 enim
1080 951 1161 977 homo

312 998 351 1024 sic
371 997 460 1029 fieret,
481 996 522 1023 vel
542 1003 628 1030 equus
648 999 674 1022 et
693 995 863 1026 huiusmodi,
884 995 909 1021 in
930 995 977 1021 Dei
997 994 1117 1028 potentia
1138 998 1164 1020 et

312 1041 489 1075 dispositione
509 1039 543 1066 ab
563 1042 671 1066 aeterno
700 1039 757 1065 suit.
777 1039 832 1065 Hae
853 1038 980 1064 (licuntur
997 1037 1164 1072 primori-clio-

314 1085 349 1111 les
370 1092 479 1114 causae,
500 1083 562 1118 quia
583 1083 647 1109 istas
667 1082 735 1109 aliae
755 1089 807 1108 non
827 1081 1008 1116 praecedunt,
1028 1081 1075 1107 sed
1097 1081 1163 1107 istae

313 1127 393 1160 alias,
414 1134 483 1161 quae
503 1130 564 1153 sunt
584 1133 683 1152 causae
703 1132 855 1151 causarum.
882 1124 1003 1158 Cumque
1027 1131 1109 1150 unum
1129 1124 1164 1150 sit

313 1171 403 1197 divina
423 1170 555 1204 potentia,
577 1169 718 1203 dispositio
738 1169 795 1194 sive
824 1168 964 1200 voluutas,
984 1172 1010 1194 et
1030 1167 1090 1194 ideo
1110 1174 1161 1193 uua

313 1214 432 1240 omnium
452 1212 611 1247 principalis
631 1219 728 1243 causa,
750 1215 837 1237 tamen
864 1214 976 1245 propter
996 1211 1106 1242 effectus
1126 1210 1164 1236 di-

312 1263 404 1283 versos
425 1256 565 1290 pluraliter
585 1255 651 1281 (licit
670 1254 835 1287 Augustinus
845 1254 863 1285 ²,
883 1262 978 1280 causas
994 1252 1165 1289 primordia-

313 1300 348 1326 les
369 1298 488 1326 oninium
502 1306 593 1325 rerum
608 1298 633 1324 in
648 1298 703 1324 Deo
718 1305 788 1329 esse,
809 1297 939 1324 inducens
959 1297 1163 1323 similitudinem

311 1343 434 1375 artificis,
456 1343 481 1368 in
496 1342 573 1368 cuius
587 1341 763 1375 dispositione
777 1344 825 1372 est,
840 1341 928 1375 qualis
941 1340 1030 1367 sutura
1044 1341 1078 1366 sit
1091 1348 1163 1367 arca.

312 1387 349 1413 Ita
369 1389 395 1412 et
414 1386 439 1411 in
469 1385 523 1411 Deo
553 1384 768 1418 uniuscuiusque
793 1383 831 1410 rei
860 1384 965 1410 futurae
985 1390 1068 1410 causa
1088 1390 1163 1417 prae-

312 1429 400 1456 cessit.
427 1429 454 1454 Ιιι
476 1428 608 1455 creaturis
636 1434 700 1454 vero
729 1427 899 1461 quarundam
920 1434 1023 1458 rerum,
1043 1426 1089 1453 sed
1111 1434 1162 1453 non

312 1472 449 1504 omnium,
469 1478 569 1498 causae
589 1473 664 1501 sunt,
684 1473 712 1496 ut
733 1471 769 1496 ait
798 1470 975 1503 Augustinus,
1003 1469 1066 1503 quia
1095 1469 1164 1495 inse-

312 1516 366 1542 ruit
384 1516 455 1541 Deus
474 1513 618 1541 seminales
646 1513 766 1539 rationes
792 1513 887 1545 rebus,
916 1512 1066 1539 secundum
1094 1519 1162 1547 quas

312 1559 364 1586 alia
384 1565 417 1585 ex
437 1558 497 1584 aliis
516 1557 693 1592 proveniunt,
714 1560 742 1583 ιιι
770 1556 803 1582 de
832 1556 884 1582 hoc
904 1556 1007 1582 semine
1034 1556 1085 1582 tale
1106 1562 1163 1588 gra-

312 1609 388 1633 num,
403 1602 436 1628 de
450 1601 501 1628 hac
524 1601 621 1627 arbore
637 1600 696 1626 talis
710 1600 827 1632 fructus,
842 1602 868 1626 et
882 1598 1045 1625 huiusmodi.
1066 1599 1098 1624 Et
1111 1599 1163 1625 hae

312 1653 421 1679 quoque
445 1645 571 1671 dicuntur
598 1642 794 1678 primordiales
820 1651 932 1673 cozmae,
953 1642 1001 1669 etsi
1023 1650 1074 1668 non
1095 1642 1163 1669 adeo

312 1689 437 1723 proprie,
458 1688 520 1722 quia
541 1687 641 1714 liabent
661 1690 721 1713 ante
741 1694 769 1713 se
789 1693 899 1713 causam
927 1689 1072 1717 aeternam,
1093 1693 1164 1720 quac

313 1732 422 1766 proprie
449 1735 475 1757 et
503 1730 691 1758 universaliter
719 1730 805 1764 prima
832 1733 879 1756 est.
900 1729 962 1756 lllae
983 1736 1046 1755 vcro
1067 1729 1100 1755 ad
1122 1736 1163 1754 res

312 1774 416 1808 aliquas
436 1773 563 1800 dicuntur
582 1773 704 1807 primae,
734 1780 804 1806 quac
832 1772 937 1798 scilicet
956 1779 989 1798 ex
1010 1772 1048 1798 eis
1069 1778 1163 1805 prove-

313 1816 396 1842 niunt.
416 1816 477 1842 Ideo
492 1816 570 1841 etiam
583 1814 779 1850 ])7·2721101·(ll'(1lt³s
794 1814 931 1844 (licuntur,
952 1814 1014 1848 quia
1036 1814 1061 1839 in
1076 1813 1162 1848 prima

313 1867 403 1886 rerum
429 1859 583 1885 conditione
611 1858 692 1885 rebus
719 1866 732 1885 a
756 1858 807 1884 Deo
829 1858 923 1884 insitae
953 1861 1022 1883 sunt.
1042 1858 1074 1883 Et
1093 1858 1162 1883 sicut

313 1907 454 1930 creaturae
484 1902 628 1929 mutabiles
652 1905 728 1933 sunt,
758 1902 792 1927 ita
822 1905 847 1927 et
876 1901 926 1927 liae
946 1908 1045 1927 causac
1065 1901 1162 1927 mutari

314 1949 423 1980 possunt
437 1945 480 1976 ³»;
501 1952 571 1979 quae
592 1948 680 1971 autem
702 1945 727 1970 ιιι
749 1944 907 1971 imniutabili
932 1944 987 1971 Deo
1008 1951 1090 1970 rausa
1111 1947 1162 1973 est.

313 1989 410 2015 mutari
431 1996 483 2014 non
503 1991 598 2022 potest.

679 2074 740 2100 Cn).
760 2074 801 2100 vi.

348 2163 385 2188 De
405 2160 504 2191 causis,
524 2169 592 2196 (succe.
607 2160 636 2187 ιή
649 2161 703 2187 Deo
717 2160 802 2186 simul
813 2164 877 2186 sunt
897 2164 919 2186 ec
941 2159 970 2186 iu
984 2159 1127 2189 creaturis,

454 2209 477 2230 et
497 2204 528 2230 (lc
543 2203 595 2235 his,
610 2212 677 2239 quoe
698 2203 725 2230 in
746 2204 800 2229 Deo
821 2207 924 2229 tuntum
945 2206 1016 2229 suat.

383 2291 507 2318 Omnium
537 2291 618 2324 igitur
647 2297 736 2316 rerum
766 2297 864 2316 causae
894 2290 918 2315 in
946 2290 999 2315 Deo
1020 2292 1094 2319 sunt:
1115 2289 1162 2315 sed

312 2335 481 2370 quarundam
502 2341 600 2361 causae
621 2337 645 2360 et
667 2334 690 2360 ιιι
712 2334 765 2360 Deo
786 2336 884 2359 suntet
901 2333 925 2359 in
941 2333 1080 2363 creaturis,
1101 2340 1163 2366 qua2

312 2378 425 2405 rundam
448 2385 510 2404 vero
531 2384 630 2403 causae
660 2377 684 2402 in
710 2377 765 2403 Deo
790 2379 890 2402 tantum
916 2379 988 2405 sunt:
1011 2379 1034 2401 ot
1056 2375 1161 2402 illarum

312 2428 401 2447 rerum
423 2427 521 2446 causae
542 2420 669 2446 dicuntur
692 2418 863 2445 absconditae
891 2418 921 2445 m
950 2419 1021 2449 Deo,
1042 2419 1104 2453 quia
1127 2419 1162 2445 ita

312 2468 351 2490 est
372 2464 397 2490 in
418 2464 509 2490 divina
530 2463 722 2497 dispositione,
740 2466 769 2489 ut
788 2463 839 2489 boc
860 2462 899 2488 vel
922 2462 986 2488 illud
1009 2463 1068 2491 liat,
1089 2462 1159 2496 quod

313 2515 364 2533 non
385 2511 423 2534 est
445 2508 469 2533 in
489 2506 619 2533 seminali
637 2510 778 2533 creaturae
796 2506 907 2533 ratione.
926 2507 959 2532 Et
979 2506 1022 2532 illa
1043 2505 1162 2539 quidem.

993 227 1245 256 SENTENTIARUM
1267 228 1327 256 LlB.
1348 228 1376 256 ll.

1217 312 1287 340 quae
1306 305 1455 332 secundum
1475 312 1585 332 causam
1599 306 1755 332 seminalem
1776 306 1856 337 siunt,
1876 305 2003 332 (licuntur
2023 314 2068 332 nsc—

1217 347 1342 375 turalz‘ter
1362 348 1434 379 fieri,
1454 348 1519 382 quia
1547 348 1583 374 ita
1609 355 1705 374 cursus
1727 351 1839 374 naturae
1860 348 2013 375 hominibus
2033 349 2069 375 iu-

1216 392 1316 423 notuit,
1346 391 1398 418 alia
1426 399 1489 418 vero
1516 395 1625 426 praeter
1653 395 1802 421 naturam,
1832 398 1947 425 quorum
1968 398 2068 418 causae

1216 437 1320 461 tantum
1349 438 1412 461 sunt
1438 435 1464 460 ιιι
1493 434 1556 461 Deo.
1586 434 1658 460 Haec
1686 436 1776 460 autem
1797 434 1864 460 dicit
1882 435 2068 468 Augustinus4

1217 484 1276 504 esse
1294 478 1339 504 illa
1360 485 1429 513 quae
1449 485 1498 512 per
1517 478 1631 511 gratiam
1645 477 1723 511 fiunt,
1738 477 1779 503 vel
1793 477 1827 504 ad
1841 484 1871 504 ea
1895 478 2070 511 significanda

1217 528 1269 547 non
1289 521 1464 552 naturaliter,
1486 520 1533 547 sed
1553 519 1720 546 immobiliter
1740 520 1814 546 fiunt.
1835 520 1905 546 Inter
1924 527 1994 554 quae
2013 527 2070 547 mu-

1217 563 1290 590 lieris
1318 564 1449 591 facturam
1478 564 1512 590 de
1541 567 1616 590 costa
1645 563 1696 589 viri
1722 563 1812 597 ponit,
1842 563 1879 589 ita
1909 563 2015 590 dicens:
2036 563 2070 590 Ut

1217 607 1358 634 mulierem
1380 608 1416 634 ita
1435 607 1493 634 fieri
1514 614 1623 633 necesse
1644 606 1725 638 soret,
1754 613 1806 632 non
1828 606 1854 632 in
1875 606 1956 633 rebus
1975 606 2067 632 condi-

1218 653 1288 682 tum,
1314 650 1362 677 sed
1389 650 1414 676 in
1445 650 1499 676 Deo
1529 648 1718 675 absconditum
1739 651 1805 676 erat..
1826 648 1917 675 Omnis
1937 648 2068 675 naturae⁵

1217 700 1314 720 cursus
1335 693 1417 719 babet
1437 693 1574 720 naturales
1593 692 1674 725 leges.
1705 691 1792 726 Super
1821 692 1893 718 hunc
1922 692 2071 719 naturalem

1219 742 1328 762 cursum
1349 735 1458 762 Creator
1477 735 1558 762 habet
1578 735 1650 770 apud
1670 743 1698 762 se
1723 742 1809 769 posse
1828 735 1861 761 de
1890 734 2015 761 omnibus
2039 735 2074 762 sa-

1217 785 1279 805 cere
1300 778 1387 809 aliud,
1410 786 1491 812 quam
1506 786 1598 805 eorum
1614 778 1744 805 naturalis
1758 778 1825 805 ratio
1840 778 1930 810 hahet,
1950 781 1979 805 ut
1998 778 2074 812 virga

1219 821 1324 847 scilicet
1344 821 1420 848 arida
1440 824 1551 855 repente
1578 821 1671 848 floreat
1691 824 1717 848 et
1743 822 1860 848 fructum
1881 822 1983 856 gignat,
2002 825 2027 848 et
2047 822 2072 848 in

1219 864 1359 890 iuventute
1379 864 1478 890 sterilis
1498 864 1596 890 semina
1622 864 1647 890 ιιι
1674 868 1813 891 senectute
1834 865 1930 899 pariat,
1951 868 1980 891 ιιι
1999 865 2074 892 asina

1220 907 1364 940 loquatur,
1393 910 1419 933 et
1445 906 1609 933 huiusmodi.
1639 907 1718 933 Dedit
1746 911 1834 934 autem
1855 909 1972 940 naturis,
1993 911 2021 934 ut
2041 915 2074 934 ex

1220 950 1262 976 bis
1283 950 1363 976 etiam
1384 950 1452 976 haec
1472 949 1529 976 fieri
1551 953 1674 984 possent,
1696 957 1747 976 non
1768 954 1797 977 ut
1816 951 1842 977 in
1863 951 1977 978 naturali
1998 955 2073 979 motu

1223 992 1362 1019 haberent.
1377 992 1462 1019 Habet
1476 999 1539 1025 ergo
1551 993 1622 1019 Deus
1635 993 1661 1018 in
1675 1000 1703 1019 se
1718 992 1890 1019 absconditas
1903 994 2073 1028 quorundam

1219 1034 1391 1061 futurorum6
1411 1042 1523 1067 causas,
1545 1042 1613 1069 quas
1632 1035 1714 1062 rebus
1737 1036 1854 1062 condius
1874 1044 1925 1062 non
1947 1037 2073 1069 inseruit,

1220 1086 1320 1113 easque
1342 1078 1434 1112 implet
1462 1086 1513 1105 non
1544 1086 1626 1113 opere.
1654 1079 1856 1113 providentiae,
1885 1087 1939 1114 quo
1958 1083 2071 1107 naturae

1219 1121 1368 1148 subsistunt
1384 1125 1409 1148 ut
1425 1122 1489 1154 siut,
1503 1121 1550 1148 sed
1565 1129 1618 1156 quo
1639 1121 1698 1148 illas
1713 1122 1883 1148 administrat
1906 1126 1934 1149 ιιι
1948 1122 2071 1155 voluerit,

1219 1172 1287 1199 quas
1307 1168 1336 1191 ut
1364 1165 1449 1191 voluit
1474 1165 1603 1191 condidit.
1632 1164 1758 1191 Omnium
1779 1172 1841 1199 ergo
1861 1173 1931 1199 quae
1951 1165 1985 1192 ad
2011 1173 2071 1198 gra-

1220 1208 1283 1234 tiam
1304 1208 1524 1241 siguificandam,
1544 1215 1596 1234 uon
1617 1208 1732 1234 naturali
1747 1212 1820 1235 motu
1840 1215 1946 1241 rerum,
1966 1209 2013 1235 sed
2027 1210 2073 1236 mi-

1220 1251 1342 1278 rabiliter
1360 1252 1431 1277 t'acta
1449 1254 1523 1281 sunt,
1538 1250 1713 1277 absconditae
1728 1258 1827 1277 causae
1842 1251 1867 1277 in
1882 1252 1937 1278 Deo
1951 1252 2071 1284 fuerunt,

1219 1301 1335 1329 quorum
1357 1301 1439 1320 unum
1460 1297 1535 1324 erat,
1555 1293 1627 1328 quod
1649 1294 1745 1320 mulier
1766 1294 1835 1321 sacta
1862 1298 1901 1321 est
1927 1295 1960 1322 de
1988 1295 2072 1323 latere

1219 1338 1270 1364 viri
1292 1337 1458 1364 dormientis.
1479 1337 1536 1363 Non
1558 1337 1653 1364 habuit
1671 1337 1759 1371 prima
1780 1345 1870 1364 rerum
1893 1338 2024 1370 conditio,
2043 1342 2072 1365 ut

1220 1381 1319 1407 femina
1338 1381 1377 1407 sic
1394 1381 1485 1416 fieret,
1500 1380 1547 1407 sed
1562 1384 1591 1407 ut
1603 1379 1666 1415 fieri
1677 1385 1781 1415 posset,
1796 1389 1829 1408 ne
1843 1385 1936 1408 contra
1956 1389 2053 1408 causas
2064 1403 2070 1413 ,

1220 1432 1288 1459 quas
1307 1425 1377 1451 Deus
1398 1424 1547 1451 voluntarie
1568 1424 1694 1457 instituit,
1724 1425 1848 1451 mutabili
1869 1417 2007 1452 voluntate
2026 1425 2073 1452 ali-

1220 1467 1285 1502 quid
1306 1467 1393 1494 facere
1413 1470 1563 1502 putaretur.

1576 1553 1637 1581 esp,
1658 1554 1711 1581 Vll.

1220 1642 1257 1668 De
1277 1640 1373 1667 (mima
1393 1640 1529 1671 attolleris,
1550 1648 1617 1676 qzcrce
1632 1648 1684 1667 nou
1707 1645 1744 1667 est
1757 1649 1790 1667 ear
1803 1641 1899 1667 anima
1920 1641 1991 1673 viri,
2005 1641 2071 1677 quia

1419 1683 1528 1710 (tuimur
1548 1692 1604 1710 non
1620 1688 1684 1710 sunt
1703 1692 1736 1710 er
1757 1683 1875 1711 traduce.

1298 1769 1552 1801 «Quemadmodum
1572 1769 1693 1796 mulieris
1713 1777 1814 1804 corpus
1833 1769 1866 1796 de
1886 1771 1936 1797 viri
1956 1778 2070 1805 corpore

1221 1814 1374 1840 traductum
1397 1813 1458 1845 t'uit,
1488 1813 1523 1839 ita
1551 1816 1715 1847 putaverunt
1735 1813 1828 1847 aliqui,
1849 1813 1934 1847 ipsius
1954 1814 2070 1841 animam

1221 1856 1253 1883 de
1274 1857 1323 1882 viri
1345 1856 1434 1883 anima
1454 1859 1644 1890 propagatam7
1666 1859 1691 1882 et.
1720 1863 1813 1882 omues
1840 1856 1943 1883 animas
1964 1860 2071 1891 praeter

1220 1900 1335 1934 primam
1356 1898 1387 1925 cle
1408 1898 1517 1925 traduce
1537 1906 1610 1931 esse,
1630 1899 1700 1925 sicut
1719 1898 1889 1932 cci‘p01¹a⁷11.
1910 1899 1961 1925 Alii
1982 1902 2072 1926 autem

1220 1945 1398 1977 putaverunt,
1426 1942 1512 1968 simul
1539 1949 1631 1968 omnes
1660 1942 1763 1968 animas
1790 1942 1824 1968 ab
1855 1942 1931 1968 initio
1961 1946 2071 1969 creatas.

1221 1986 1357 2013 Catholica
1389 1989 1478 2012 atttem
1509 1986 1629 2012 Ecclesia
1658 1992 1707 2012 nec
1736 1985 1823 2012 simul
1842 1993 1891 2012 nec
1911 1994 1943 2012 eac
1962 1985 2071 2012 traduce

1221 2030 1304 2056 saetas
1324 2036 1382 2056 esse
1396 2029 1500 2055 animas
1517 2029 1610 2061 docet,
1625 2029 1671 2055 sed
1686 2029 1711 2055 in
1732 2029 1895 2063 corporibus
1908 2036 1957 2063 per
1970 2029 2071 2055 coitum

1221 2073 1358 2099 seminatis
1372 2076 1453 2106 atque
1477 2072 1598 2098 formatis
1621 2072 1724 2098 iut'undi
1750 2076 1775 2098 ct
1789 2072 1953 2098 infundendo
1976 2072 2071 2098 creari.

1221 2116 1296 2142 Unde
1316 2116 1341 2141 ιιι
1368 2115 1567 2141 Ecclesiasticis
1595 2114 1803 2149 Dogmatibusss:
1829 2115 1963 2141 «Animas
1988 2115 2072 2141 homi-

1221 2166 1283 2185 num
1305 2166 1356 2185 non
1377 2165 1434 2184 esse
1454 2158 1488 2185 ab
1518 2158 1594 2184 initio
1620 2158 1689 2184 inter
1718 2162 1858 2184 creaturas
1879 2157 2071 2184 intellectuales

1218 2205 1296 2228 natas
1317 2209 1365 2227 uec
1384 2201 1464 2227 simul
1479 2204 1595 2231 creatas,
1609 2201 1678 2227 sicut
1692 2200 1820 2234 Origenes
1834 2201 1922 2235 fingit,
1942 2201 2070 2233 dicimus;

1220 2252 1307 2278 neque
1327 2251 1388 2270 cum
1409 2244 1570 2278 corporibus
1590 2251 1638 2277 per
1658 2244 1758 2270 coitum
1779 2244 1920 2277 seminari,
1934 2244 2004 2270 sicut
2023 2244 2072 2271 Lu-

1220 2287 1339 2314 cit'eriani
1361 2290 1386 2313 et
1405 2286 1521 2321 Cyrillus
1546 2290 1571 2313 et
1597 2287 1708 2321 quidam
1731 2287 1885 2313 Latinorum
1908 2290 2071 2321 praesumto-

1220 2338 1263 2357 res
1284 2330 1425 2357 affirmant.
1447 2330 1498 2356 Sed
1520 2330 1650 2359 (licinius,
1677 2338 1774 2365 corpus
1794 2334 1896 2357 tantum
1913 2337 1961 2364 per
1980 2330 2070 2357 coniu-

1220 2374 1255 2407 gii
1275 2373 1401 2407 copulam
1421 2373 1560 2405 seminari,
1580 2374 1744 2399 creationem
1766 2380 1830 2407 vero
1850 2373 1959 2399 αηιῗιιιαε
1982 2373 2069 2399 solum

1219 2417 1372 2443 Creatorem
1395 2424 1487 2446 nosse,
1509 2417 1620 2451 eiusque
1642 2416 1742 2443 iudicio
1763 2424 1865 2451 corpus
1885 2416 2022 2450 coagulari
2042 2416 2069 2442 in

1220 2461 1312 2492 vulva,
1342 2464 1366 2487 et
1395 2460 1530 2494 compingi
1561 2463 1642 2494 atque
1672 2460 1799 2491 formari,
1830 2467 1860 2486 ac
1883 2460 1995 2486 formato
2016 2459 2068 2485 iam

1220 2512 1349 2538 corporo,
1369 2504 1486 2530 animam
1507 2503 1593 2529 creari
1614 2506 1639 2529 et
1659 2503 1775 2533 infundi,
1797 2507 1824 2530 ut
1848 2503 1920 2530 vivat
1947 2503 1972 2529 iu
1993 2506 2070 2530 utero

378 2686 383 2699 1
403 2688 506 2713 August..
522 2686 558 2707 tx.
578 2686 605 2707 de
623 2687 677 2707 Gen.
697 2686 725 2707 nd
744 2686 773 2707 lit.
792 2692 810 2708 e.
834 2686 905 2707 1ῐ).ιι.
925 2685 960 2708 26.
974 2688 995 2707 et
1008 2692 1026 2707 ι’.
1045 2685 1110 2706 16,st
1125 2684 1160 2705 ΒΟ4

376 2724 384 2738 ‘2
402 2725 446 2746 (It'r⁴
467 2725 503 2747 tx.
524 2725 552 2747 de
569 2726 624 2746 tien.
643 2725 671 2746 ad
689 2725 719 2747 lit.
737 2731 755 2747 e.
779 2726 811 2746 ts».
830 2728 852 2746 et
874 2724 905 2746 17.
925 2731 945 2746 ιι.
964 2725 1000 2746 32.
1022 2724 1067 2746 tila:
1093 2725 1161 2746 ctiam

314 2763 505 2791 8:3Q‹1.‹1..tss,
529 2766 550 2785 et
567 2763 644 2791 quoad
670 2763 830 2790 praecedentia
857 2763 897 2785 ιἸἰκ
923 2763 951 2785 de
977 2762 1032 2784 Gen.
1058 2762 1099 2784 loc.
1126 2763 1161 2784 cit.

314 2809 332 2823 e.
355 2802 387 2823 ts.
407 2809 427 2824 n.
447 2802 483 2823 33.

376 2840 384 2854 3
402 2841 461 2863 lluct¹
479 2842 554 2863 omnia
573 2844 595 2862 et
612 2848 671 2870 quae
689 2846 818 2869 sequuntur
835 2844 888 2864 sunt
913 2848 938 2863 ox
965 2841 1073 2868 llugono,
1097 2841 1160 2862 Sum.
1190 2853 1191 2857 ι

314 2880 374 2901 Sem.
393 2884 417 2901 tr⁴
437 2880 457 2901 3.
476 2886 494 2901 c.
514 2880 541 2907 R,
561 2880 599 2908 ‹lui
618 2886 642 2901 eu
661 2886 688 2901 ex
707 2880 783 2902 multis
802 2881 856 2902 loris
874 2880 994 2907 Augustini
1020 2880 1161 2907 compilavit.

376 2916 384 2930 ⁴
404 2918 465 2945 Quae
484 2918 625 2945 praecedunt
642 2920 724 2941 sumsit
741 2919 807 2946 Ilugo
825 2919 867 2941 loe.
894 2920 929 2940 cit.
948 2925 974 2940 ex
997 2920 1104 2945 August„
1123 2918 1160 2939 tx.

314 2956 342 2978 de
360 2957 414 2977 (jen.
433 2956 461 2977 ad
480 2957 509 2978 lit.
528 2964 546 2978 ι·,
569 2957 601 2979 17,
621 2964 640 2979 ιι.
661 2958 701 2980 22.
720 2962 740 2979 et
759 2964 817 2986 quae
836 2961 965 2985 sequuntur
982 2964 1007 2979 ex
1031 2957 1082 2979 eod.
1106 2956 1160 2978 ibid.

315 3002 333 3017 c.
357 2995 389 3016 18.
408 3001 428 3017 n.
448 2996 484 3017 33.

377 3033 386 3049 ⁵
404 3034 452 3055 Vat.
471 3040 523 3056 cum
542 3035 654 3056 nonnullis
672 3036 720 3057 aliis
737 3035 789 3057 edd.
808 3037 939 3058 creaturae.

1189 2687 1191 2718 1

1189 2823 1191 2852 1

1189 2978 1190 3002 ι

1189 3003 1191 3037 1

1281 2683 1290 2697 0
1309 2682 1364 2704 Edd.
1389 2683 1392 2704 Ι
1408 2701 1412 2709 ,
1432 2682 1444 2700 R
1461 2681 1588 2710 suetorum.
1608 2681 1662 2703 (ἶιιιι.
1682 2682 1725 2704 Erf.
1748 2682 1783 2702 ln'r
1802 2681 1909 2703 adnotat:
1927 2681 1982 2703 alias
1997 2680 2069 2710 fricto-

1219 2729 1272 2745 rum
1311 2724 1331 2744 in
1350 2722 1454 2749 ori-ginali
1471 2721 1589 2751 [uelorum
1602 2740 1606 2748 ,
1626 2724 1648 2743 et
1665 2722 1762 2743 sumitur
1776 2722 1831 2742 baec
1843 2721 1914 2743 littera
1926 2720 2069 2749 futurorum

1219 2768 1230 2783 a
1245 2762 1279 2783 x't.
1294 2761 1358 2786 libro,
1372 2768 1390 2783 e.
1410 2762 1430 2783 8.
1444 2761 1475 2789 [n.
1499 2761 1550 2788 13.],
1570 2760 1607 2783 ubi
1626 2760 1707 2782 eadem
1720 2763 1754 2782 est
1767 2761 1883 2782 sententia.
1898 2773 1927 2775 —
1939 2760 2027 2782 Revera
2040 2760 2068 2782 le·

1219 2802 1280 2829 gitur
1298 2801 1343 2823 ibi:
1363 2800 1407 2822 Sed
1426 2800 1496 2822 rebus
1514 2801 1577 2822 fartis
1595 2806 1671 2822 rerum
1698 2799 1855 2821 faciendarum
1882 2806 1963 2821 causas
1983 2800 2069 2822 insere-

1218 2839 1269 2865 bat,
1287 2845 1307 2861 et
1326 2840 1475 2867 omnipotenti
1495 2840 1594 2866 potentia
1613 2839 1687 2860 sutura
1707 2838 1802 2860 faciebat
1828 2842 1870 2860 ete,
1888 2850 1919 2854 ——-
1944 2838 2011 2860 Paulo
2037 2839 2067 2860 in-

1218 2879 1288 2901 ferius
1306 2879 1334 2900 ad
1353 2878 1452 2900 verbum
1470 2877 1601 2901 subsistunt
1618 2878 1678 2899 idem
1697 2877 1748 2899 cod.
1767 2878 1810 2899 Eri.
1829 2877 1937 2899 adnotat:
1961 2877 1982 2898 ln
2001 2878 2067 2905 origi-

1219 2919 1278 2940 nali:
1297 2924 1343 2948 quo
1361 2919 1449 2940 nutura
1467 2916 1597 2944 substituit,
1620 2918 1644 2939 ul
1661 2916 1722 2944 sint,
1743 2921 1765 2939 et
1782 2920 1815 2939 est
1832 2917 1913 2938 melior
1930 2917 2008 2938 littera.

1283 2957 1292 2971 7
1310 2958 1422 2985 Αιιςιιςι.,
1442 2957 1469 2978 X.
1489 2957 1516 2978 de
1534 2957 1588 2978 Gen.
1607 2956 1635 2978 ad
1654 2956 1683 2978 lit.
1702 2962 1720 2978 c.
1744 2957 1761 2978 1.
1782 2962 1801 2977 ιι.
1825 2956 1848 2983 1.,
1867 2959 1887 2977 et
1906 2956 1973 2983 Ilugo
1991 2955 2045 2977 ibid.

1281 2995 1290 3009 ⁵
1308 2996 1451 3021 Gennadius,
1470 3002 1488 3017 c.
1512 2995 1543 3016 tt.
1563 2995 1631 3017 Paulo
1659 2995 1752 3017 interius
1779 3001 1821 3022 pro
1847 3000 1901 3017 eum
1926 2992 2066 3022 corporibus

1220 3036 1268 3057 Υῑιι.
1287 3038 1306 3057 ‹·t
1325 3035 1378 3057 odd.
1398 3036 1425 3059 2,
1445 3035 1470 3059 3,
1493 3034 1515 3059 ι,
1534 3034 1559 3059 -ἶὶ,
1578 3035 1604 3059 fi,
1623 3035 1647 3059 7,
1666 3035 1679 3056 t)
1697 3034 1720 3056 in
1739 3033 1886 3062 corporibus.

2210 262 2212 273 ι

2082 312 2195 332 Notandum.
2209 318 2212 333 Q
2225 315 2228 317 “

2084 1775 2129 1793 Tres
2141 1775 2202 1799 opinio
2208 1782 2210 1785 ’

2097 1804 2139 1817 nes-
