2243 3425
729 223 812 251 DIST.
834 222 922 251 XXIX.
945 222 1017 250 ART.
1039 222 1058 250 Ι.
1079 222 1214 258 QUAEST.
1237 222 1254 250 I.

114 309 165 330 suo
186 305 213 329 et
234 300 305 329 illud
326 303 465 337 acceptat,
488 301 601 338 quando
625 301 719 338 ipsum
734 300 851 330 fabricat
865 300 900 329 ad
916 308 960 329 vo-

112 347 248 376 luntatem
270 356 349 377 suam
365 348 389 383 ¹3
411 348 459 377 sed
475 348 565 383 Deus,
580 348 627 385 qui
643 350 685 377 est
699 355 828 377 summus
848 347 960 382 artifex,

112 394 445 424 hominemformaverat
467 395 502 423 ad
524 395 673 432 imaginem
690 401 786 425 suam,
807 397 835 422 et
856 394 961 431 optima

6 466 7 477 ¹
113 440 220 469 ratione
242 449 307 470 eum
329 441 506 470 condiderat:
529 449 596 478 ergo
620 440 739 474 videtur,
761 440 836 477 quod
858 448 894 469 ex
916 448 962 468 na-

6 485 7 493 *
112 487 252 516 turalibus
273 488 325 516 sibi
347 488 419 516 datis
441 488 524 516 homo
546 487 602 516 Deo
624 487 758 524 placebat.

5 499 9 586 ι
192 536 217 563 5.
238 534 314 568 Item,
336 534 406 562 nihil
424 537 474 568 est,
490 534 565 571 quod
587 533 651 571 plus
672 533 754 562 faciat
774 533 897 561 animam
919 541 962 561 ca-

111 589 172 610 ram
194 582 251 610 Deo
272 585 300 610 et
320 585 477 618 acceptam,
498 589 583 618 quam
605 581 681 617 quod
703 581 738 609 sit
764 583 820 609 tota
845 580 959 617 pulcra,

112 631 139 657 et
160 628 238 657 nulla
252 628 328 657 sitin
344 635 376 656 ea
392 627 502 656 macula
515 626 538 661 2;
561 627 610 656 sed
632 627 725 655 anima
747 627 819 655 Adae
842 626 869 654 in
885 629 960 655 statu

112 674 284 703 innocentiae
315 677 372 702 tota
395 677 456 703 erat
480 674 594 711 pulcra,
624 677 651 702 et
681 673 759 701 nulla
784 676 843 702 erat
872 672 899 701 in
928 680 960 701 ea

111 721 230 755 macula,
252 725 389 758 quantum
415 723 475 749 erat
496 728 532 749 ex
554 720 674 749 naturali
698 719 866 748 conditione:
893 726 960 755 ergo

7 782 9 830 ⁴
111 769 217 805 absque
232 767 307 796 omni
328 767 417 804 gratia
439 767 621 804 superaddita
643 767 699 796 Deo
721 769 781 795 erat
802 769 924 803 accepta.

192 816 217 843 6.
239 815 319 849 Item,
341 817 390 843 aut
411 814 486 843 Deus
508 816 616 851 poterat
636 814 728 842 facere
742 813 866 851 aliquam
888 820 962 841 crea-

6 831 9 918 1
111 864 204 890 turam
227 862 265 891 ita
286 862 403 896 11000111,
432 861 508 898 quod
537 869 570 890 ex
594 861 674 898 puris
702 860 879 889 naturalibus
908 859 961 888 sibi

7 919 9 940 ι
107 909 253 946 placeret,
275 911 324 937 aut
344 917 411 937 non.
433 909 459 937 Si
481 916 553 942 non,
570 908 698 943 videtur,
720 908 796 945 quod
818 915 872 936 non
888 909 962 935 esset

7 942 9 967 ⁴
112 955 294 992 omnipotens.
318 955 344 983 Si
362 955 415 989 sic,
436 963 502 992 ergo
524 963 579 983 non
600 955 722 989 videtur,
744 955 820 992 quod
842 954 878 983 ad
899 954 961 988 1100,

111 1003 186 1040 quod
208 1005 309 1031 natura
330 1002 439 1039 placeat
454 1003 522 1036 Deo,
538 1002 727 1031 necessarium
751 1003 786 1030 sit
808 1001 960 1039 superaddi

111 1049 217 1078 donum
239 1049 351 1086 gratiae.
375 1049 401 1077 Si
424 1049 508 1086 igitur
530 1049 614 1077 homo
629 1049 750 1085 perfecte
766 1048 894 1077 conditus
909 1048 962 1076 fuit

111 1096 267 1125 secundum
289 1096 456 1133 exigentiam
480 1099 569 1125 status
583 1096 726 1130 naturae2,
749 1096 870 1129 videtur,
886 1095 961 1132 quod

111 1143 168 1172 Deo
188 1143 316 1180 placebat
331 1143 437 1181 absque
453 1143 528 1172 omni
543 1143 616 1171 dono
631 1143 736 1179 gratiae
752 1142 960 1179 superadditae.

8 1212 9 1218 ,
190 1190 243 1218 SED
264 1198 391 1219 comm:
417 1191 440 1218 1.
464 1190 653 1219 Hebraeorum
680 1189 863 1218 undecimo⁴:
894 1188 962 1217 Sine

1 1223 168 1297 “amenta-sicle
193 1236 369 1274 impossibile
395 1240 436 1265 est
453 1236 571 1274 placere
593 1236 669 1269 Deo;
691 1236 739 1265 sed
762 1236 832 1264 fides
853 1238 895 1264 est
917 1235 962 1263 do-

3 1291 5 1296 ·
111 1293 179 1314 num
202 1284 417 1322 superadditum
440 1287 566 1315 naturae,
589 1283 744 1312 secundum
761 1283 836 1320 quod
859 1282 962 1311 dicitur

113 1333 221 1369 primae
241 1332 276 1360 ad
292 1331 449 1360 Corinthios
464 1330 642 1359 duodecimo:
659 1337 725 1367 ergo
741 1330 799 1359 5100
815 1330 888 1358 dono
903 1337 963 1366 gra-

2 1389 4 1415 1
113 1379 167 1408 tiae
188 1382 307 1408 naturae
329 1378 527 1415 superadditae
542 1377 638 1406 nullus
652 1380 743 1414 potest
764 1377 875 1414 placere
897 1376 961 1404 Deo.

193 1427 218 1454 2.
242 1426 324 1459 item,
346 1425 502 1462 Sapientiae
517 1424 670 1461 septim0⁵:
694 1423 846 1452 Neminem
867 1423 965 1461 ctz'tz‘yz't

113 1474 208 1507 Deus,
230 1472 291 1501 nisi
312 1471 395 1500 illam
417 1471 469 1509 qai
488 1479 556 1499 cum
570 1471 718 1507 sapientia
734 1470 898 1504 inlzabitat;
914 1470 962 1499 sed

113 1519 248 1557 sapientia
269 1522 311 1548 est
332 1518 438 1547 donum
460 1518 507 1546 Dei
532 1521 648 1546 naturae
671 1517 902 1554 superadditum,
925 1524 964 1544 se-

114 1567 239 1596 cundum
261 1565 335 1603 quod
351 1564 422 1593 infra
441 1564 622 1601 subiungitur
638 1572 710 1592 nono
726 1563 863 1600 capitulo:
886 1563 964 1591 Mitte

113 1614 195 1643 iilam
217 1613 251 1642 de
271 1612 360 1641 caelis
381 1612 492 1640 sanctis
514 1611 572 1639 tais
594 1614 657 1639 etc.:
680 1618 747 1647 ergo
769 1610 876 1647 absque
891 1610 964 1638 dono

113 1662 218 1699 gratiae
233 1665 351 1689 naturae
365 1659 564 1696 superadditae
579 1658 751 1695 impossibile
766 1661 817 1691 051,
836 1657 884 1686 Dei
899 1657 966 1685 ami-

114 1717 178 1738 cum
201 1716 270 1737 esse.

194 1756 220 1784 3.
242 1755 322 1789 item,
345 1753 494 1790 Dionysius
515 1752 542 1781 in
565 1752 637 1781 libro
660 1752 694 1781 de
709 1752 837 1789 Angelica
858 1752 966 1780 Hierar-

116 1803 215 1832 chiass:
244 1802 324 1830 «Lex
346 1800 499 1829 divinitatis
520 1802 561 1828 est
582 1799 714 1827 inferiora
736 1807 786 1835 per
809 1799 915 1833 media,
938 1802 965 1827 et

114 1850 207 1879 media
222 1857 272 1886 per
287 1847 434 1884 superiora
449 1846 585 1875 reducere
594 1856 621 1880 »3
637 1846 686 1874 sed
702 1846 794 1875 media
812 1846 885 1874 11000
900 1849 965 1874 sunt

115 1896 255 1935 potentiae
276 1893 435 1927 naturales,
452 1893 524 1921 bona
540 1892 665 1921 maxima
680 1895 745 1921 sunt
760 1893 849 1929 gratia
871 1895 898 1921 et
914 1892 966 1920 vir-

116 1946 201 1977 tutes,
223 1942 327 1979 quibus
341 1948 396 1968 non
412 1939 545 1977 contingit
561 1939 634 1968 male
648 1939 703 1967 uti:
726 1947 793 1976 ergo
808 1939 963 1968 secundum

116 1992 224 2018 rectum
247 1988 374 2017 ordinem
397 1987 490 2015 anima
511 1994 566 2014 non
588 1988 678 2023 potest
699 1985 734 2014 ad
756 1986 846 2014 Deum
872 1985 965 2014 redire

115 2044 165 2065 nec
186 2036 243 2064 Deo
264 2035 388 2072 placere⁷
410 2033 461 2063 nisi
484 2033 646 2070 perficiatur
667 2041 717 2070 per
734 2033 806 2061 dona
826 2033 964 2061 virtutum

117 2088 145 2112 et
166 2083 279 2120 gratiae.

194 2131 220 2158 h..
244 2130 319 2164 110111,
341 2128 411 2157 nihil
433 2127 618 2157 excellentius
640 2131 681 2156 est
710 2127 865 2156 secundum
889 2131 966 2155 natu-

116 2186 176 2206 ram
199 2178 226 2206 in
248 2177 360 2205 homine
382 2184 466 2213 quam
489 2176 549 2212 ipsa
564 2175 687 2212 imag073
705 2174 753 2203 sed
776 2175 867 2211 imago
889 2175 967 2203 indif-

116 2224 208 2252 ferens
229 2227 270 2253 est
284 2224 319 2252 ad
335 2223 536 2260 acceptandum
553 2225 580 2250 et
595 2230 649 2249 non
664 2221 882 2258 acceptandum:
900 2229 966 2258 ergo

117 2272 152 2300 ad
173 2272 239 2305 1100,
261 2271 336 2308 quod
363 2270 457 2307 aliqua
482 2269 575 2297 anima
600 2277 617 2296 a
642 2268 697 2296 Deo
724 2271 900 2305 acceptetur,
922 2276 967 2297 ne-

117 2326 193 2347 cesse
208 2321 264 2352 051,
278 2317 354 2346 ultra
369 2316 508 2345 naturalia
523 2323 584 2344 esse
598 2315 712 2352 aliquod
728 2314 833 2343 donum
849 2318 966 2343 naturae

118 2365 340 2402 superadditum.

182 2509 188 2523 ¹
207 2510 309 2536 Ariston,
327 2508 364 2530 IX.
383 2508 452 2530 Etliic.
471 2513 490 2529 0.
508 2507 529 2529 7.
549 2506 577 2529 de
595 2506 720 2529 artificibus
744 2507 785 2528 ait:
804 2507 967 2535 Unusquisque

118 2550 179 2572 enini
197 2555 256 2577 opus
274 2549 395 2576 proprium
409 2548 482 2575 magis
500 2550 572 2574 01001,
585 2552 655 2575 quarn
673 2546 702 2568 011
716 2552 785 2574 opere
804 2551 930 2573 amaretur,
949 2546 967 2567 si

119 2589 245 2611 animatum
263 2587 332 2609 fieret.
352 2587 384 2608 Dc
402 2585 492 2608 minori
508 2586 547 2607 cfr.
566 2585 621 2607 Gen.
644 2585 660 2611 l,
680 2585 715 2606 26.

182 2627 191 2642 2
208 2627 321 2649 Alluditur
343 2626 372 2648 ad
396 2625 451 2647 illud
474 2624 537 2647 Cant.
562 2623 581 2651 4,
605 2624 631 2646 7:
656 2624 713 2645 Tota
736 2624 815 2651 pulcra
834 2630 870 2651 es7
895 2624 968 2645 amica

120 2673 183 2694 mea,
202 2668 223 2688 et
240 2665 329 2687 macula
349 2671 393 2687 non
411 2668 445 2687 est
463 2665 484 2686 in
503 2667 531 2686 te.

15 2734 17 2736 Ι
183 2704 192 2719 3
209 2705 274 2727 Dent.
293 2704 333 2732 32,
355 2703 382 2726 4:
406 2703 445 2725 Dei
468 2703 568 2731 perfecta
591 2705 644 2724 sunt
661 2688 739 2729 opera.
757 2714 788 2718 —
806 2702 848 2724 Pro
870 2700 969 2730 perfecte

15 2738 17 2771 ¹.
121 2743 172 2766 eod.
190 2750 215 2765 aa
234 2743 257 2765 in
274 2741 421 2772 perfectione.

185 2781 193 2796 ⁴¹
210 2782 275 2804 Vers.
294 2782 314 2803 6.
333 2793 363 2796 —
381 2782 432 2809 Seq.
451 2784 524 2803 textus
541 2782 575 2802 est
592 2780 634 2802 100.
652 2780 688 2802 cit.
706 2786 727 2801 V.
747 2780 771 2801 9:
790 2779 858 2801 Alteri
875 2778 969 2807 [datur]

122 2820 179 2843 fides
196 2822 217 2842 in
236 2820 318 2842 eodem
337 2820 429 2848 Spiritu.

183 2860 193 2874 ⁵
209 2860 274 2882 Vers.
294 2860 336 2881 28:
355 2860 474 2881 Neminem
492 2860 553 2881 00101
572 2858 645 2886 diligit
662 2858 722 2879 Deus
740 2858 783 2879 nisi
800 2862 853 2879 011111
872 2857 910 2885 qui
928 2860 970 2879 etc.

123 2911 153 2914 —
170 2899 222 2927 Seq.
241 2901 313 2921 textus
330 2902 363 2921 est
380 2898 422 2920 100.
442 2899 478 2920 011.
495 2904 518 2920 v.
543 2898 576 2919 10.

185 2937 194 2951 ⁶
211 2936 265 2965 Cap.
284 2937 305 2959 4.
323 2937 370 2965 33.
388 2938 437 2964 11150
450 2937 521 2959 verba
540 2936 593 2958 vide
611 2942 680 2963 snpra
694 2941 746 2963 pag.
762 2934 818 2962 277,
838 2937 889 2956 nota
907 2934 928 2956 7.
942 2947 971 2950 —

124 2975 155 2998 De
167 2975 262 3004 vinicii,
278 2982 337 3004 quae
349 2979 383 2998 est
394 2976 523 2998 seeundum
533 2976 694 3003 Augustinurn.
707 2974 747 2996 cir.
760 2980 829 3002 supra
844 2974 865 2996 d.
879 2973 971 2996 XXVH.

125 3022 144 3037 c.
162 3016 182 3037 3.
201 3016 230 3038 lit.
249 3016 355 3044 Magistri,

1809 221 1864 249 695

1096 301 1121 329 5.
1143 300 1223 335 110111,
1245 300 1477 339 quotiescumque
1491 299 1566 328 Deus
1587 299 1710 328 animam
1732 301 1865 336 acceptat,

1017 354 1078 376 eam
1100 347 1127 375 in
1150 347 1311 383 coniugium
1333 346 1384 375 sibi
1408 346 1570 383 desponsat.
1594 346 1670 375 Unde
1692 348 1719 374 et
1743 345 1866 374 animam

1017 393 1084 423 dicit
1104 402 1244 431 sponsam
1258 401 1347 422 suam
1366 394 1393 422 in
1415 393 1554 422 Canticoss.
1577 393 1631 422 Sed
1652 396 1868 431 quantumcum-

1017 447 1071 476 que
1086 440 1180 477 aliqua
1195 443 1325 468 creatura
1340 440 1375 469 sit
1390 440 1540 475 excellens,
1557 448 1668 477 semper
1683 440 1710 468 in
1727 440 1867 469 infinitum

1017 489 1059 515 est
1080 487 1137 515 Deo
1159 487 1287 515 inferior:
1310 495 1376 524 ergo
1397 495 1542 524 nunquam
1559 487 1642 525 digna
1663 490 1705 516 est
1725 487 1753 516 in
1775 487 1868 516 coniu-

1017 533 1095 570 gium
1116 533 1238 568 assumi,
1260 534 1313 562 nisi
1334 534 1409 563 Deus
1431 542 1467 563 ex
1489 542 1567 563 mera
1582 534 1748 563 liberalitate
1770 534 1868 563 conde·

1018 580 1147 614 scendat3
1169 583 1196 608 et
1217 580 1269 609 1100
1291 584 1333 609 051
1353 585 1497 618 praestare
1519 581 1652 618 gratiam:
1675 589 1741 618 ergo
1763 584 1814 610 etc.

1099 627 1123 655 6.
1146 626 1230 661 Item,
1252 635 1316 656 cum
1345 627 1420 656 Deus
1442 628 1585 657 hominem
1611 631 1750 665 acceptat.
1772 627 1869 664 filiam

1018 682 1108 701 saum
1130 677 1258 710 reputat,
1282 674 1438 703 secundum
1461 675 1537 712 quod
1558 675 1662 704 dicitur
1682 675 1791 704 Ioannis
1816 676 1871 713 pri-

1018 728 1064 748 mo
1075 720 1095 748 ⁹:
1112 720 1197 748 Dedit
1210 720 1251 748 eis
1262 724 1432 757 potestatem
1443 720 1519 757 filios
1536 721 1588 750 Dei
1600 721 1675 758 fieri.
1688 722 1744 750 Sed
1760 725 1870 751 creatu-

1019 775 1058 802 ra,
1077 770 1338 804 quantumcumque
1357 768 1392 796 sit
1403 767 1513 802 nobilis,
1532 776 1643 805 semper
1661 771 1702 797 est
1714 769 1761 797 Dei
1775 777 1870 804 serva3

1018 814 1067 843 sed
1089 822 1190 843 servus
1211 823 1266 843 non
1288 817 1379 851 potest
1400 814 1527 851 adoptari
1554 815 1581 843 in
1603 814 1706 850 filium,
1728 816 1794 852 quin
1822 816 1870 845 fiat

1018 861 1042 890 ei
1065 861 1168 898 gratia:
1192 869 1258 898 ergo
1280 861 1453 898 impossibile
1467 864 1517 895 est,
1533 861 1609 898 quod
1630 861 1724 899 aliqua
1739 866 1870 891 creatura

1018 910 1179 945 acceptetur
1200 916 1216 936 a
1238 908 1294 937 Deo
1316 907 1375 936 sine
1397 916 1514 937 munere
1534 908 1640 945 gratiae
1661 909 1869 945 superadditae.

1334 1009 1548 1031 CONCLUSIO.

1018 1095 1112 1123 Homo
1127 1095 1159 1123 in
1172 1099 1253 1123 stata
1265 1094 1446 1124 innocentiae
1457 1096 1499 1124 ad
1513 1095 1574 1130 ltoc,
1591 1100 1624 1125 ai
1638 1101 1823 1126 consecretur
1838 1097 1870 1126 in

1099 1141 1236 1178 temptam
1257 1142 1321 1175 Dei,
1343 1142 1498 1179 adoptetur
1512 1143 1544 1171 in
1561 1142 1672 1179 sitiam,
1694 1148 1870 1172 assumatur

1098 1189 1130 1217 in
1144 1189 1325 1226 coniugium,
1342 1189 1471 1227 indriyait
1481 1190 1586 1227 qratia
1597 1193 1721 1228 gratam
1735 1189 1871 1227 faciente.

1098 1284 1275 1312 1105000011οῑ
1298 1283 1336 1312 Ad
1358 1283 1566 1320 praedictorum
1596 1284 1806 1322 intelligentiam
1829 1287 1871 1313 est

1019 1331 1185 1365 notandum.
1209 1330 1285 1367 quod
1307 1330 1457 1367 dupliciter
1483 1331 1615 1368 contingit
1641 1331 1734 1360 dicere
1756 1331 1872 1370 aliquid
1884 1341 2002 1367 nupiegacf

1021 1377 1173 1414 acceptari
1186 1386 1206 1405 a
1221 1377 1296 1405 Deo:
1312 1385 1368 1406 uno
1384 1377 1467 1406 modo
1482 1378 1605 1415 quadam
1625 1378 1814 1415 acceptatione
1826 1387 1872 1416 96-
1883 1367 1973 1389 'mmmm'

1022 1423 1135 1458 neralz',
1151 1427 1183 1452 ut
1198 1423 1272 1452 idem
1288 1424 1323 1452 sit
1338 1427 1491 1461 acceptare
1505 1424 1621 1462 aliquid
1634 1425 1710 1462 quod
1731 1428 1871 1462 reputare

1023 1470 1130 1499 bonam
1151 1474 1178 1499 et
1200 1471 1231 1498 in
1253 1470 1325 1499 bono
1347 1479 1540 1503 conservarffl
1561 1475 1589 1500 et
1610 1472 1662 1500 hac
1684 1472 1872 1508 acceptatione

1022 1526 1076 1546 non
1098 1520 1207 1546 tantum
1229 1520 1391 1554 acceptatur
1406 1521 1536 1546 creatura
1551 1518 1707 1553 rationalis,
1723 1519 1772 1547 sed
1787 1519 1872 1547 etiam

1022 1572 1104 1593 omne
1119 1572 1190 1600 opus
1205 1564 1253 1592 Dei
1269 1563 1362 1601 ¹⁰.{Est
1377 1564 1460 1593 etiam
1483 1565 1537 1593 alia
1559 1566 1711 1602 acceptatio
1725 1565 1872 1602 specialis,

1022 1619 1078 1648 qua
1100 1611 1203 1640 dicitur
1219 1611 1293 1639 Deus
1309 1615 1461 1648 acceptare
1476 1611 1544 1640 illud
1562 1612 1636 1649 quod
1654 1612 1770 1649 dignum
1792 1620 1874 1650 repu-

1022 1661 1098 1687 tatur
1124 1661 1238 1686 aeterna
1269 1658 1456 1692 beatitudine3
1485 1661 1512 1686 et
1534 1658 1582 1687 tali
1608 1660 1796 1696 acceptatione
1818 1668 1873 1688 non

1021 1708 1147 1741 acceptat
1168 1704 1243 1733 Deus
1264 1704 1315 1733 nisi
1338 1707 1498 1733 creaturam
1521 1705 1701 1740 rationalem3
1730 1706 1777 1734 illa
1799 1706 1873 1735 enim

1021 1751 1080 1780 sola
1102 1754 1156 1786 est,
1178 1759 1250 1788 quae
1277 1751 1361 1780 «eius
1383 1759 1472 1788 capax
1488 1754 1571 1780 estet
1592 1752 1732 1789 particeps
1753 1760 1814 1781 esse
1829 1761 1874 1789 po-

1022 1798 1148 1827 test11».
1172 1798 1244 1826 Hanc
1266 1801 1360 1827 autem
1376 1801 1535 1827 creaturam
1558 1799 1722 1828 rationalem
1745 1802 1811 1828 tunc
1832 1807 1874 1829 ae·
1888 1809 2002 1828 Notandum.

1023 1848 1126 1882 ceptat,
1149 1853 1213 1874 011111
1235 1848 1387 1873 consecrat
1409 1845 1435 1873 in
1460 1845 1594 1882 templum
1618 1848 1645 1875 et
1660 1846 1783 1883 adoptat
1803 1846 1829 1874 in
1846 1846 1875 1874 fi-

1022 1893 1092 1921 lium
1111 1895 1137 1921 et
1152 1891 1280 1920 assumit
1300 1891 1327 1920 in
1344 1892 1514 1929 coniugium.
1537 1892 1604 1921 Nam
1620 1893 1730 1922 animae
1752 1897 1873 1928 sanctae,

1023 1948 1094 1977 quae
1116 1939 1172 1968 Deo
1200 1939 1325 1976 placent.
1347 1942 1374 1968 et
1396 1939 1529 1968 dicuntur
1552 1940 1690 1977 temptam
1712 1941 1766 1969 Dei
1789 1944 1816 1970 et
1837 1941 1875 1970 di-

1023 1990 1126 2016 cuntur
1141 1986 1220 2023 filiae
1236 1986 1291 2014 Dei
1304 1990 1330 2015 et
1346 1987 1479 2015 dicuntur
1493 1996 1618 2024 sponsae
1635 1987 1702 2021 Dei,
1718 1988 1875 2017 secundum

1023 2034 1099 2071 quod
1121 2033 1261 2070 colligitur
1281 2041 1317 2062 ex
1338 2042 1408 2062 novo
1424 2037 1450 2062 et
1465 2035 1552 2063 veteri
1575 2035 1750 2063 Testamento
1764 2035 1795 2063 ¹².

1102 2081 1226 2109 Primum
1248 2088 1336 2117 genus
1351 2081 1547 2117 acceptationis
1562 2089 1617 2109 non
1637 2082 1755 2118 requirit
1775 2090 1874 2119 snper·
1887 2090 1986 2110 sanciusio
1999 2091 2016 2109 1.

1023 2128 1097 2157 acidi
1117 2128 1222 2156 donum
1245 2128 1350 2165 gratiae
1365 2128 1440 2156 ultra
1454 2136 1487 2156 ea
1502 2136 1574 2165 quae
1589 2132 1654 2157 sunt
1669 2128 1703 2157 de
1719 2128 1875 2157 conditione

1023 2178 1148 2203 naturae.
1172 2174 1331 2203 Secundum
1356 2182 1421 2203 vero
1443 2182 1531 2211 genus
1546 2175 1742 2212 acceptationis
1757 2183 1811 2203 non
1830 2183 1876 2211 po-
1888 2184 1987 2203 Conclusio
1997 2184 2017 2202 2.

1024 2225 1077 2250 test
1098 2229 1153 2249 non
1175 2229 1236 2250 esse
1255 2222 1434 2258 yratuitiim,
1451 2225 1510 2249 tum
1526 2225 1642 2259 propter
1657 2222 1806 2258 gratuitam
1823 2221 1877 2250 Dei

1024 2268 1306 2300 condescensionem,
1329 2271 1389 2297 tum
1411 2271 1526 2305 propter
1548 2272 1705 2296 creaturae
1725 2268 1876 2296 exaltatio-

1024 2322 1089 2342 nem
1110 2314 1185 2343 ultra
1208 2315 1341 2343 terminos
1364 2315 1421 2343 sive
1444 2317 1532 2343 status
1554 2318 1680 2343 naturae.
1696 2332 1734 2335 —
1748 2315 1874 2343 Gratuita
1886 2325 1942 2343 nano
1956 2325 1973 2344 i.

1024 2368 1146 2398 namque
1162 2361 1362 2389 condescensio
1375 2361 1393 2375 ¹³
1404 2361 1431 2389 in
1448 2361 1610 2389 huiusmodi
1625 2362 1813 2398 acceptatione
1829 2369 1875 2390 ne-

1087 2506 1097 2520 ⁷
1114 2506 1172 2528 Vide
1190 2513 1259 2534 5111110
1279 2506 1299 2528 (i.
1322 2506 1355 2528 16,
1374 2512 1393 2528 0.
1416 2506 1432 2527 1.
1451 2512 1473 2534 q.
1495 2506 1512 2527 l.
1526 2506 1615 2528 —Hoc
1633 2512 1681 2534 arg.
1700 2507 1722 2528 in
1741 2506 1791 2529 cod.
1810 2512 1836 2529 00
1853 2509 1875 2529 et

1025 2545 1061 2568 ed.
1090 2546 1094 2567 i
1121 2546 1256 2568 terminatur
1278 2546 1321 2567 sic:
1345 2544 1443 2574 aliquod
1465 2544 1554 2567 donum
1577 2544 1670 2574 qratiae
1694 2544 1875 2574 superadditum

1026 2585 1135 2607 natztrae.

1089 2622 1099 2637 3
1116 2622 1170 2651 Cap.
1189 2623 1213 2651 4,
1231 2624 1260 2645 8:
1280 2623 1337 2645 Veni
1355 2623 1383 2645 de
1401 2622 1499 2651 Libano,
1517 2629 1601 2650 sponsa
1620 2628 1678 2645 mea.

1089 2661 1099 2676 9
1118 2662 1180 2684 Vei-s.
1201 2662 1236 2684 Ἰ12,
1254 2674 1286 2678 -
1302 2662 1371 2684 Ρο010
1389 2662 1483 2684 inferius
1501 2668 1543 2689 pro
1560 2661 1671 2691 qztinsiat
1688 2661 1709 2684 ei
1725 2661 1805 2691 qratia
1823 2662 1874 2684 cod.

1027 2707 1053 2723 cc
1070 2704 1092 2723 et
1108 2701 1144 2723 ecl.
1164 2701 1172 2722 i
1194 2700 1241 2723 nisi
1255 2700 1298 2730 fiat
1315 2706 1346 2723 ecc
1361 2700 1448 2730 qratia.

1091 2739 1110 2753 ¹⁰
1127 2739 1179 2767 Sap,
1198 2740 1219 2767 6,
1238 2740 1264 2760 8:
1282 2739 1412 2768 Aequaliter
1427 2745 1481 2761 cura
1494 2739 1568 2761 0511111
1587 2739 1616 2761 de
1628 2739 1744 2761 omnibus.
1763 2739 1819 2762 ibid.
1839 2740 1875 2768 ti,

1028 2778 1070 2800 25:
1088 2778 1167 2806 Diligis
1188 2778 1249 2800 enirn
1268 2779 1344 2800 omnia
1362 2784 1421 2806 quae
1439 2781 1503 2806 sunt,
1522 2780 1543 2800 et
1560 2778 1614 2800 nihil
1633 2778 1699 2801 odisti
1717 2785 1798 2801 eorum
1816 2785 1876 2808 quae

1028 2818 1106 2840 1001511.

1092 2856 1109 2870 11
1128 2857 1236 2883 August.,
1254 2855 1314 2877 XIV.
1333 2855 1361 2877 de
1374 2855 1436 2877 Trin.
1455 2861 1473 2877 c.
1488 2856 1508 2877 8.
1522 2862 1543 2878 n.
1565 2856 1598 2877 ll.
1611 2855 1655 2878 Cl'r.
1670 2862 1739 2883 supra
1752 2862 1805 2884 pag.
1823 2856 1875 2885 593,

1029 2898 1081 2917 nota
1099 2895 1120 2923 6,
1138 2894 1178 2917 ubi
1196 2894 1256 2916 idem
1275 2894 1303 2916 ab
1321 2894 1411 2916 Aristot.
1430 2894 1517 2916 dictum
1535 2895 1646 2917 invenies,

1093 2933 1112 2948 1²
1130 2934 1198 2962 Epist.
1219 2934 1232 2955 1.
1251 2933 1301 2956 Cor.
1321 2934 1345 2961 3,
1366 2934 1405 2960 Ἰ16;
1425 2934 1448 2955 11.
1467 2934 1488 2961 6,
1507 2935 1546 2962 '163
1566 2934 1624 2957 1000.
1643 2935 1659 2961 1,
1676 2935 1714 2962 12;
1733 2934 1795 2957 Cant.
1815 2935 1835 2963 4,
1854 2936 1876 2957 3.

1093 2972 1111 2987 ¹³
1128 2972 1178 2995 Vnt.
1197 2973 1249 2994 voci
1266 2972 1429 2996 condescensio
1446 2973 1553 3001 praefigit
1569 2972 1618 2996 Dei.
