2243 3425
26 590 142 609 undamenta.

764 179 847 208 DisT.
870 180 947 209 xvii.
969 180 1041 209 ΛΒΤ.
1064 181 1081 209 Ι.
1104 181 1240 217 QUAEST.
1262 181 1301 208 lll.

230 258 255 285 6.
283 257 365 289 ltem„
398 261 472 286 tanto
503 257 610 294 aliquid
641 258 721 294 prius
753 258 835 287 debet
866 258 1001 294 produci,

150 308 253 342 quanto
286 304 373 341 magis
400 305 608 341 appropinquat
629 304 779 341 primariae
800 312 897 333 rerum
923 305 1003 342 origi-

150 352 193 385 ni;
225 351 272 380 sed
296 351 388 379 anima
420 351 483 388 plus
515 352 722 389 appropinquat
751 351 785 380 ad
818 352 920 386 Deum„
953 348 1000 389 qui

149 401 190 427 est
218 398 389 435 principium
419 398 562 432 omnium,
590 405 675 434 quam
706 405 808 434 corpus
829 398 1000 433 humanum,

149 453 213 474 cum
239 446 275 474 sit
295 447 320 474 ei
343 445 459 474 similior
481 445 509 473 in
530 445 707 482 simplicitate
728 448 755 473 et
784 445 998 481 spiritualitate:

148 501 214 530 ergo
236 496 287 521 ete.

226 540 358 568 Courna:
384 540 407 567 1.
430 538 543 567 Genesis
565 538 722 566 seeundo¹z
745 538 901 566 Forimwit
922 538 999 566 Deus

149 585 294 614 homiuem
315 586 348 614 de
370 585 438 614 limo
461 589 573 618 terrae,
595 588 620 612 et
641 583 802 621 inspiravit
826 584 857 612 in
890 584 998 621 faciem

149 632 211 661 eius
228 632 415 669 spiniculzmn
430 632 521 665 vitae;
541 631 617 668 quod
633 631 798 667 exponitur,
820 631 847 659 id
870 634 923 660 est:
946 631 998 667 spi-

147 679 234 707 ritum
250 678 326 712 secit;
340 679 386 707 sed
403 677 590 714 spiraculum
606 678 681 705 vitae
701 677 821 714 spirare
836 677 905 706 nihil
920 678 997 706 aliud

147 730 189 755 est
210 733 295 762 quam
316 725 450 753 (oninium
479 723 605 752 Imm-iuis
627 733 746 752 creare.-
778 732 845 761 ergo
874 725 895 753 si
918 725 997 761 prius

147 773 252 801 creavit
274 780 388 808 corpus,
417 779 500 808 quam
528 771 700 808 spiraculum
725 771 889 808 inspiraret,
918 771 997 808 prius

147 827 213 856 ergo
235 819 371 856 produxit
388 827 490 855 corpus
514 827 599 855 quam
618 819 749 846 animam.

226 867 252 894 Q.
273 865 354 897 ltem.v
370 865 463 893 anima
483 865 649 893 naturaliter
671 868 713 893 est
727 865 816 893 forma
837 866 996 902 corporis&

146 912 194 941 sed
217 911 352 940 naturalis
373 911 463 940 forma
484 914 532 939 aut
560 911 644 940 simul
666 912 832 948 producitur
854 920 917 940 cum
943 920 996 940 ma-

147 959 231 993 teria.
252 963 300 987 aut
321 959 449 996 sequitur
471 959 633 987 materiam:
662 966 729 995 ergo
749 963 798 987 aut
826 959 919 987 anima
940 968 994 987 non

146 1009 187 1034 est
208 1005 297 1033 forma
317 1004 467 1039 naturalis,
488 1008 537 1032 aut
559 1005 580 1033 si
596 1009 637 1033 est
658 1004 747 1033 forma
769 1005 918 1039 naturalis,
935 1014 996 1042 pro-

145 1052 226 1081 ducta
244 1056 286 1081 est
308 1056 369 1088 post
383 1060 501 1089 corpus,
527 1051 571 1080 vel
586 1051 670 1080 simul
696 1060 759 1080 cum
785 1060 913 1089 corpore:
940 1060 993 1081 non

144 1108 210 1137 ergo
232 1103 303 1128 aute.

224 1146 249 1174 3.
271 1146 352 1180 item,
374 1149 478 1182 quanto
506 1146 595 1174 forma
626 1146 745 1174 nobilior
760 1149 814 1180 est,
836 1149 912 1174 tanto
933 1146 995 1175 ulti-

145 1193 228 1224 mior;
244 1193 292 1221 sed
308 1193 401 1220 anima
414 1192 555 1221 rationalis
571 1192 743 1221 nobilissima
757 1195 798 1221 est
814 1193 885 1221 inter
897 1201 993 1221 omnes

143 1240 247 1268 formas
269 1239 423 1267 naturales:
446 1247 513 1275 ergo
538 1239 647 1267 ultima:
672 1247 738 1276 ergo
760 1239 876 1276 produci
897 1239 994 1268 debuit

142 1291 205 1324 post
226 1286 408 1323 vegetabilem
431 1289 457 1314 et
479 1286 637 1314 sensibilem
651 1286 670 1314 ⁸.

222 1335 248 1362 li.
271 1334 350 1366 item.
366 1333 493 1361 ordinata
509 1333 655 1369 productio
674 1334 799 1370 procedit
816 1334 850 1362 ab
867 1334 993 1371 imperse-

142 1384 186 1409 cto
200 1381 234 1409 ad
258 1380 411 1417 perfectum
424 1379 444 1407 ⁴:
461 1379 483 1408 si
499 1387 565 1416 ergo
584 1380 717 1416 perfectio
732 1381 857 1409 omnium
873 1389 991 1417 operum

142 1428 213 1456 facta
228 1430 269 1455 est
291 1427 317 1454 in
334 1427 458 1461 homine,
473 1430 499 1455 et
515 1427 638 1455 maxime
654 1430 790 1463 quantum
806 1429 841 1456 ad
856 1429 991 1463 animam:

142 1474 265 1508 videtur,
288 1474 362 1510 quod
394 1474 478 1501 homo
500 1476 635 1510 quantum
662 1474 697 1502 ad
729 1474 849 1502 animam
873 1475 990 1511 produci

141 1521 237 1550 debuit
258 1521 357 1549 ultimo
379 1524 440 1557 post
461 1521 563 1549 omnia.

221 1569 246 1596 ὃ.
268 1568 351 1599 ltein,
373 1568 394 1596 si
417 1568 509 1596 anima
531 1568 667 1604 producta
693 1571 765 1597 esset
787 1572 849 1598 ante
872 1577 990 1606 corpus,

141 1623 205 1643 cum
227 1615 343 1643 liaberet
365 1622 447 1643 usum
471 1614 550 1643 liberi
573 1615 697 1649 arbitrii⁷
720 1615 786 1644 nihil
810 1620 882 1645 esset
907 1617 991 1654 impe-

141 1662 220 1691 diens
241 1669 291 1690 nec
308 1661 468 1690 retardans:
494 1669 560 1698 ergo
582 1662 706 1696 videtur,
728 1663 802 1699 quod
825 1666 888 1691 ante
913 1664 990 1692 unio-

140 1718 202 1738 nem
226 1709 260 1738 ad
276 1717 378 1746 corpus
400 1709 547 1737 meruisset
563 1709 606 1737 vel
628 1709 827 1739 demeruisset:
850 1718 917 1747 ergo
933 1719 990 1739 cor-

140 1765 193 1794 pus
214 1764 267 1784 non
289 1759 362 1784 esset
377 1756 515 1792 particeps
536 1756 626 1784 omnis
641 1756 731 1784 meriti
756 1756 842 1793 ipsius
863 1757 988 1791 animae,

138 1812 189 1832 nec
211 1803 303 1831 anima
334 1803 449 1831 deberet
476 1803 650 1831 remunerari
674 1803 698 1831 in
722 1811 857 1839 corpore:
888 1804 987 1841 quodsi

140 1851 191 1879 boc
214 1850 315 1879 salsum
337 1854 391 1884 est,
414 1850 527 1887 planum
544 1853 601 1879 est.
623 1850 744 1878 animam
761 1850 833 1879 Adae
854 1854 917 1879 ante
932 1859 989 1880 cor-

139 1906 193 1935 pus
214 1905 297 1926 suum
320 1905 373 1925 non
396 1897 480 1925 fuisse
503 1897 668 1933 productam
681 1897 698 1924 5.

219 1945 244 1972 6.
266 1944 349 1978 Item,
372 1943 393 1972 si
416 1943 508 1971 anima
530 1943 602 1971 Adae
624 1946 687 1972 ante
709 1951 812 1980 corpus
833 1948 906 1973 esset
927 1953 989 1981 pro-

139 1991 240 2019 ducta:
263 1993 311 2018 aut
332 1990 512 2027 appetivisset
542 1989 624 2017 uniri
645 1989 770 2025 corpori,
796 1993 844 2019 aut
866 1999 930 2019 nou.
961 1992 986 2019 Si

138 2047 213 2066 non:
235 2045 302 2074 ergo
323 2037 389 2065 unio
411 2037 471 2065 eius
493 2037 528 2065 ad
550 2044 652 2073 eorpus
667 2045 720 2065 non
743 2041 816 2066 esset
836 2038 987 2073 naturalis,

139 2093 189 2114 nec
210 2085 276 2113 unio
299 2085 359 2113 eius
380 2084 414 2113 ad
437 2092 540 2120 corpus
555 2083 634 2111 fieret
655 2091 705 2120 per
727 2087 869 2118 naturam:
886 2085 906 2113 si
929 2085 986 2113 sie:

137 2132 285 2169 appetebat
306 2139 372 2168 ergo
394 2139 512 2168 corpus,
541 2130 615 2167 quod
638 2138 690 2158 non
714 2130 842 2159 habebat.
872 2131 897 2159 Si
920 2139 987 2169 ergo

138 2186 240 2215 corpus
261 2179 283 2207 ei
307 2178 501 2211 differebatur,
534 2177 593 2214 ipsa
616 2177 641 2204 in
664 2177 820 2214 appetendo
848 2177 986 2215 affligeba-

138 2229 199 2253 tur:
222 2233 289 2262 ergo
310 2232 399 2261 poena
420 2227 479 2252 erat
500 2224 524 2252 ei
546 2227 609 2252 ante
631 2223 742 2259 culpam
754 2224 771 2252 ⁶.

1851 183 1907 211 417

1367 268 1382 287 e
1394 267 1410 288 o
1422 268 1440 287 N
1449 267 1464 287 e
1477 268 1491 287 L
1504 268 1521 288 u
1534 268 1546 288 s
1558 268 1566 287 1
1578 267 1602 288 o.

1151 352 1262 381 Anima
1279 352 1361 381 Adae
1379 353 1527 389 producta
1548 352 1607 389 s'zttc
1630 353 1660 381 in
1683 362 1814 390 corpore.

1137 445 1317 473 Rsssrounsso:
1349 445 1523 481 Dicendum,
1559 447 1634 484 quod
1670 447 1799 484 quamvis
1834 447 1908 476 circa
1946 455 2023 487 [inuitat
2054 465 2060 469 ·

1056 490 1137 519 istam
1167 492 1358 528 quaestionem
1380 493 1510 521 videatur
1535 494 1679 523 dubitasse
1710 494 1840 531 egregius
1862 494 1907 523 do-
1922 479 2000 502 '‘um‘'

1056 541 1115 565 ctor
1136 538 1340 574 Augustinus⁷‚
1369 539 1434 576 quia
1456 543 1575 577 utraque
1596 548 1662 577 pars
1691 541 1803 569 videtur
1826 548 1906 577 posse

1056 585 1186 613 sustineri
1208 585 1403 622 probabiliter,
1418 589 1445 614 et
1466 587 1535 615 ordo
1551 595 1693 624 congruus
1711 588 1817 616 servari
1833 591 1907 616 utro-

1055 630 1139 667 bique
1147 642 1154 665 3
1176 631 1326 660 tenendum
1349 636 1390 661 est
1412 636 1504 661 tamen
1527 636 1658 671 tanquam
1682 642 1780 663 verum
1803 638 1830 663 et
1852 642 1907 662 ma-
1920 647 2028 665 eouunsio.

1055 677 1096 713 gis
1118 685 1287 714 congruum,
1310 679 1385 715 qnod
1410 679 1503 707 anima
1524 680 1597 708 Adae
1619 681 1756 717 producta
1777 681 1906 710 fueritin

1055 731 1183 760 corpore,
1199 732 1250 753 nec
1265 725 1339 753 Deus
1361 733 1421 753 eam
1438 726 1606 762 produxerit
1626 731 1689 756 ante
1711 728 1836 764 corporis
1854 728 1907 756 for-

1056 771 1348 800 mationem—Licet
1368 773 1441 800 enim
1464 773 1594 802 videatur
1616 774 1683 803 satis
1704 775 1906 803 rationabiliter

1054 826 1135 855 posse
1157 818 1224 852 dici,
1240 819 1315 855 quod
1330 819 1405 848 Deus
1426 820 1548 848 animam
1570 823 1634 849 ante
1649 828 1752 858 corpus
1770 822 1830 851 eius
1846 830 1906 859 pro·
1945 834 2037 861 Rationes

1054 863 1182 898 duxerit,
1197 867 1229 892 ut
1243 865 1471 900 ostenderetur⁸‚
1493 874 1555 895 eam
1570 875 1587 895 a
1601 875 1718 904 corpore
1738 876 1790 896 non
1807 868 1907 905 depen-
1925 858 2032 880 Augffl'm'

1054 911 1134 945 dere,
1156 912 1205 940 sed
1226 919 1277 949 per
1292 920 1321 940 se
1342 920 1424 949 posse
1439 913 1605 947 subsistereg
1627 917 1658 942 ut
1674 915 1756 943 etiam
1773 923 1837 943 cum
1854 915 1906 944 hoc

1053 959 1159 995 pariter
1180 959 1340 988 ostenderet
1361 960 1582 989 conformitatem
1602 961 1662 990 eius
1678 965 1705 990 et
1728 966 1845 991 naturae
1860 970 1906 990 an-

1053 1005 1157 1041 gelicae
1179 1009 1235 1034 tam
1258 1006 1283 1034 in
1314 1007 1441 1035 rationis
1463 1008 1641 1044 capacitate,
1670 1017 1721 1046 per
1750 1018 1834 1046 quam
1864 1012 1905 1038 est

1052 1052 1146 1080 anima
1162 1052 1268 1089 imago,
1290 1061 1375 1090 quam
1392 1054 1418 1082 in
1442 1053 1632 1089 beatitudine,
1655 1056 1789 1093 adquam
1812 1057 1905 1085 aninia

1052 1101 1079 1126 et
1100 1099 1220 1136 Angelus
1242 1099 1347 1128 habent
1372 1100 1513 1129 ordinari:
1536 1101 1617 1138 longe
1644 1105 1736 1131 tamen
1759 1103 1905 1132 rationabi-

1052 1145 1106 1174 lius
1128 1146 1239 1174 videtur
1261 1154 1378 1183 ponere,
1401 1147 1476 1184 quod
1491 1148 1584 1176 anima
1605 1149 1742 1185 producta
1757 1150 1792 1178 sit
1810 1151 1903 1178 statim

1051 1200 1115 1221 cum
1132 1201 1260 1230 corpore.
1278 1197 1336 1222 tum
1359 1195 1425 1231 quia
1439 1195 1532 1223 anima
1554 1196 1651 1224 unitur
1666 1197 1775 1233 corpori
1798 1200 1829 1225 ut
1843 1205 2045 1235 per-nationespm

1050 1239 1131 1268 sectio
1154 1241 1297 1274 naturalis7
1313 1241 1358 1270 cui
1373 1242 1539 1271 naturaliter
1553 1243 1658 1279 appetit
1673 1243 1807 1279 copulari⁷
1823 1244 1902 1279 adeo,
1917 1232 2043 1251 ⁶⁰⁰⁰¹¹¹⁵¹⁰¹¹⁸⁴

1051 1289 1081 1314 ut
1102 1287 1161 1315 sine
1184 1287 1230 1315 illo
1251 1295 1341 1324 poena
1362 1288 1398 1316 sit
1419 1288 1443 1316 ei
1466 1295 1527 1317 esse
1548 1292 1575 1317 et
1589 1289 1625 1317 ab
1647 1289 1694 1317 illo
1716 1290 1902 1327 sequestrari3

1050 1335 1110 1361 tuin
1125 1334 1222 1368 etiam,
1245 1334 1310 1371 quia
1325 1335 1423 1363 unitur
1445 1335 1516 1363 sicut
1538 1339 1628 1364 motor
1644 1336 1752 1370 mobili.
1776 1337 1812 1365 ita
1827 1338 1902 1374 quod

1050 1380 1109 1408 sine
1130 1380 1190 1417 ipso
1211 1389 1266 1409 non
1288 1385 1379 1417 potest
1407 1383 1509 1410 mereri
1532 1390 1582 1411 nee
1610 1382 1765 1417 demereri3
1787 1386 1814 1412 et
1841 1384 1903 1413 ideo

1049 1435 1103 1455 non
1136 1427 1233 1456 debuit
1254 1431 1317 1457 ante
1349 1436 1451 1466 corpus
1473 1429 1609 1466 produci:
1631 1438 1666 1458 ne
1697 1423 1760 1459 ante
1789 1431 1901 1468 culpam

1048 1472 1214 1509 puniretur,
1236 1477 1263 1502 et
1285 1482 1318 1502 ne
1340 1474 1447 1511 absque
1469 1483 1585 1512 corpore
1612 1479 1769 1505 mereretur
1791 1477 1835 1505 vel
1858 1477 1903 1506 de-

1048 1523 1214 1548 mereretur.
1227 1538 1266 1540 —
1277 1521 1344 1550 lluie
1366 1526 1458 1551 autem
1475 1523 1603 1559 positioni
1619 1531 1673 1551 non
1690 1526 1798 1552 tantum
1811 1524 1820 1537 ⁹
1841 1532 1902 1553 con-

1047 1567 1143 1596 cordat
1158 1568 1238 1600 ratio.
1254 1568 1339 1597 immo
1350 1569 1433 1597 etiam
1446 1569 1607 1606 Scripturae
1623 1570 1794 1607 suffragatur
1809 1574 1902 1600 aucto-

1047 1614 1124 1648 ritas,
1139 1622 1211 1651 quae
1226 1615 1301 1647 dicit,
1313 1618 1374 1652 post
1387 1615 1598 1652 productionem
1612 1619 1637 1645 et
1650 1616 1843 1646 formationem
1856 1616 1901 1646 lio-

1046 1661 1136 1689 minis
1146 1661 1163 1676 ¹⁰
1174 1661 1262 1690 Deum
1276 1662 1327 1690 sibi
1347 1662 1419 1691 vitae
1433 1663 1605 1699 spiraculum
1623 1663 1900 1700 inspirasse-Huic

1048 1709 1132 1745 igitur
1146 1709 1218 1746 parti
1238 1712 1371 1746 tanquam
1394 1710 1574 1746 probabiliori
1597 1713 1624 1738 et
1645 1710 1780 1739 securiori
1800 1711 1900 1740 adhae-

1046 1755 1150 1789 rendo,
1179 1756 1331 1784 concedere
1364 1764 1514 1793 possumus
1543 1757 1664 1785 rationes
1691 1758 1762 1786 lianc
1790 1761 1898 1795 partem

1046 1806 1212 1831 astruentes.

1130 1851 1151 1877 l.
1173 1849 1212 1878 Ad
1236 1850 1305 1878 illud
1321 1858 1388 1878 vero
1407 1851 1480 1887 quod
1497 1850 1589 1887 primo
1603 1851 1734 1880 obilcitur
1749 1852 1775 1880 in
1792 1855 1898 1880 contra·
1910 1863 1981 1882 solutio
1994 1869 2027 1887 01]-

1046 1897 1119 1925 rium
1143 1897 1177 1925 de
1200 1900 1292 1931 textu,
1314 1897 1479 1931 dicendum,
1501 1898 1577 1934 quod
1593 1898 1712 1926 alterum
1735 1906 1833 1927 eorum
1856 1902 1897 1928 est
1915 1889 2025 1910 m⁵¹²⁰¹¹¹m

1045 1943 1151 1972 dictum
1167 1952 1217 1980 per
1232 1944 1518 1980 recapitulatiouem,
1535 1945 1578 1973 vel
1594 1945 1718 1981 primum
1733 1949 1774 1974 est
1790 1945 1895 1974 dictum

1044 1999 1095 2028 per
1116 1991 1364 2028 (t›ztieipcttioueim
1394 1991 1491 2019 Melius
1512 1995 1603 2020 tamen
1627 1995 1667 2020 est
1689 1992 1797 2025 dicere⁷
1819 1993 1893 2029 quod

1044 2037 1189 2074 Scriptura
1210 2037 1280 2066 illud
1303 2038 1482 2074 recapitulat,
1506 2041 1536 2066 ut
1557 2038 1680 2067 addat¹¹.

1123 2086 1148 2112 2.
1172 2085 1209 2113 Ad
1232 2085 1301 2113 illud
1324 2085 1398 2122 quod
1422 2085 1567 2117 obiicitur.
1590 2086 1664 2122 quod
1687 2094 1789 2123 corpus
1811 2086 1893 2115 simul

1043 2131 1212 2168 productum
1245 2135 1286 2160 est
1318 2140 1381 2160 cuin
1416 2132 1520 2163 brutis.
1543 2140 1609 2169 ergo
1637 2136 1701 2167 etc.;
1726 2133 1893 2167 dicendum,

1043 2178 1118 2215 quod
1140 2186 1194 2206 non
1223 2182 1265 2207 est
1286 2179 1394 2212 simile:
1426 2179 1574 2216 productio
1595 2179 1667 2208 enim
1701 2180 1825 2216 corporis
1855 2179 1893 2208 sie

1043 2226 1193 2254 concordat
1214 2226 1388 2263 pron‘luctioni
1406 2226 1554 2254 brutorum
1578 2226 1757 2261 animalium,
1779 2229 1810 2254 ut
1831 2235 1892 2263 pro-

200 2605 207 2619 1
227 2605 290 2628 Vers.
309 2605 330 2627 Τ,
350 2618 378 2621 —-
396 2605 440 2627 Ctr.
458 2611 526 2633 supra
545 2612 566 2634 q.
589 2606 606 2626 1.
625 2605 653 2627 ad
676 2605 680 2626 1
696 2623 700 2632 ‚
719 2604 759 2626 ubi
780 2604 891 2632 expositio
916 2604 983 2626 liuius
1027 2626 1030 2627 ⁷

138 2648 210 2666 textus
228 2644 331 2666 liabetur.

201 2683 210 2697 ’ἕ
227 2683 284 2705 Vide
302 2689 371 2711 supra
390 2690 443 2711 pag.
462 2684 505 2711 Ὦ,
525 2687 575 2705 notu
599 2683 615 2704 1.
634 2695 664 2698 -
681 2682 712 2704 De
730 2681 819 2704 minori
835 2682 865 2703 ait
878 2682 981 2707 Ariston,

137 2723 159 2744 ll.
179 2722 206 2744 (lc
224 2723 317 2749 Anima,
336 2725 386 2744 text.
405 2722 440 2744 26.
455 2722 482 2746 (c.
496 2722 527 2749 2.)
539 2727 543 2744 ;
556 2722 741 2749 Uniuscuiusque
754 2721 814 2742 enim
828 2724 891 2742 actus
904 2721 924 2742 in
942 2726 981 2747 co,

137 2761 200 2790 quod
218 2762 315 2788 potentia
333 2761 417 2788 existit,
430 2764 452 2783 et
463 2762 484 2782 in
498 2762 589 2788 propria
604 2761 696 2782 materia
709 2762 775 2787 aptus
788 2762 866 2781 natura
880 2762 914 2781 est
926 2759 980 2781 fieri.

199 2799 209 2813 3
226 2800 297 2822 lluius
315 2806 363 2827 arg.
381 2801 545 2827 expositionem
564 2799 617 2821 vido
635 2805 704 2826 supra
724 2798 745 2820 d.
767 2798 799 2819 15.
826 2804 846 2819 a.
865 2797 885 2819 Ξ.
912 2804 933 2826 q.
961 2798 980 2820 2.

138 2840 159 2861 in
177 2845 240 2865 corp.

200 2877 208 2891 ⁴
226 2877 270 2899 (It'r.
289 2884 358 2905 supra
378 2884 429 2905 pag.
449 2877 501 2905 330,
520 2882 570 2899 nom
590 2877 611 2898 ἴ).

199 2917 208 2931 5
225 2916 269 2939 Cir.
289 2918 342 2939 insi-u
363 2916 384 2938 (l.
406 2917 438 2938 is.
456 2923 475 2938 a.
495 2917 514 2938 2.
534 2923 555 2944 q.
574 2917 593 2937 Ξ.
608 2915 709 2938 fundam,
723 2916 743 2938 3.
759 2928 786 2931 —-
799 2915 854 2937 Cod.
868 2921 893 2937 cc
905 2918 926 2937 et
943 2915 980 2937 orl.

140 2958 146 2977 1
169 2961 219 2983 post
239 2962 306 2979 usum
327 2955 394 2977 libers
410 2954 504 2977 arbitrii
521 2954 664 2982 subtuna-um
682 2955 708 2976 ΡΙ.

262 3007 286 3030 S.
306 3007 392 3029 Hanno.
410 3018 442 3022 —
460 3006 526 3027 Toni.
546 3005 568 3027 11.

1102 2604 1111 2617 ⁶
1129 2603 1175 2625 Hoc
1193 2610 1241 2631 arg.
1260 2604 1331 2631 tangit
1349 2604 1460 2631 August„
1481 2604 1524 2625 Vll,
1543 2603 1571 2625 ‹lc
1589 2604 1644 2625 Gen.
1663 2604 1691 2625 :ul
1716 2604 1745 2626 lit.
1765 2610 1783 2625 c.
1811 2605 1847 2626 25.
1867 2611 1886 2630 n,

1041 2642 1076 2664 36.
1095 2649 1158 2671 seqq.
1177 2647 1198 2665 ct
1216 2643 1243 2664 X⁴
1262 2642 1290 2664 de
1308 2642 1355 2664 CiV.
1374 2643 1428 2670 Dci⁷
1447 2649 1465 2664 c.
1485 2643 1520 2664 30.
1539 2642 1584 2664 Cl'r,
1602 2643 1705 2669 Ariston,
1724 2643 1737 2664 1.
1757 2643 1785 2665 (le
1798 2644 1886 2670 Anima,

1040 2684 1089 2703 text.
1108 2681 1143 2702 0'3
1163 2681 1190 2705 (c.
1210 2681 1248 2708 3.).
1268 2694 1297 2696 —
1314 2680 1369 2702 Cod.
1388 2687 1412 2703 ce
1430 2684 1450 2703 cl
1468 2681 1504 2703 ed.
1527 2682 1531 2702 Ι
1554 2682 1683 2711 (inteqwmi
1701 2682 1778 2710 culpa.

1101 2719 1110 2733 ⁷
1128 2719 1188 2741 Libr.
1208 2719 1250 2740 Vll:
1270 2719 1297 2740 (le
1315 2719 1370 2740 Gen.
1388 2719 1418 2740 :ul
1436 2719 1465 2741 lit.
1485 2725 1503 2741 e.
1522 2718 1558 2740 24.
1578 2725 1598 2741 n.
1617 2719 1652 2741 35.
1672 2726 1737 2748 seqq.

1101 2757 1110 2771 ⁸
1128 2758 1205 2779 Plures
1222 2757 1288 2780 codd.
1307 2764 1359 2779 cum
1379 2758 1428 2779 Vnt.
1446 2756 1582 2779 ostenderet.
1596 2770 1625 2772 —
1638 2757 1669 2779 Dc
1691 2764 1738 2786 seq.
1758 2764 1824 2786 prop.
1845 2758 1885 2780 cfr.

1039 2803 1107 2824 supra
1127 2797 1147 2818 d.
1170 2797 1202 2818 16.
1220 2803 1240 2819 a.
1259 2797 1279 2818 2.
1298 2803 1320 2825 q.
1344 2797 1359 2818 Ι.
1378 2800 1397 2818 et
1417 2797 1438 2818 (1.
1463 2797 1478 2818 l.
1498 2803 1519 2824 p.
1539 2797 1560 2818 11.
1579 2803 1598 2818 a.
1619 2797 1638 2818 2.
1658 2804 1679 2825 q.
1699 2798 1720 2819 ⁴2.

1101 2836 1110 2847 ‘¹
1128 2836 1177 2858 Vnt.
1197 2842 1318 2863 pcrpcrum
1337 2836 1422 2857 tumen.

1102 2873 1120 2888 ¹⁰
1138 2874 1252 2902 Scriptura
1271 2874 1335 2901 ponit
1352 2874 1387 2896 lii(-
1404 2875 1479 2896 [olum
1497 2880 1538 2901 pro
1555 2875 1630 2903 parte,
1651 2875 1697 2896 scil.
1716 2880 1820 2902 corpore.

1103 2913 1119 2927 ¹¹
1139 2913 1196 2934 Vidc
1215 2915 1321 2941 August.⁷
1340 2913 1375 2934 Vl,
1393 2913 1421 2934 ‹le
1438 2913 1493 2935 tien.
1512 2913 1540 2935 ad
1558 2914 1587 2934 lit.
1606 2920 1623 2934 ις.
1648 2914 1663 2934 1.
1683 2919 1702 2934 n.
1725 2914 1742 2935 1.
1760 2920 1824 2942 seqq.

1728 3004 1756 3025 53
