2243 3425
341 202 397 230 674

338 282 364 306 et
383 279 481 312 Pelagii
502 285 606 305 errores
627 276 770 308 collidens,
790 275 876 301 docet.
902 273 1068 306 «Liberum,
1088 273 1187 308 iuquit,

337 321 377 348 sio
396 321 555 348 confitemur
574 319 729 349 arbitrium,
749 321 778 344 ut
797 318 933 347 dicamus,
957 324 1005 343 nos
1024 323 1131 350 semper
1152 316 1188 342 in-

338 363 429 398 digere
448 363 495 390 Dei
515 362 629 394 auxilio;
649 364 675 388 et
695 363 747 387 tam
767 360 826 386 illos
852 366 957 392 errare,
983 359 1028 393 qui
1052 366 1114 386 cum
1133 359 1188 386 Ma-

338 407 451 433 nicliaeo
471 406 578 436 dicunt,
598 404 733 431 hominem
754 406 896 437 peecatum
916 402 1002 429 vitare
1022 409 1074 429 non
1093 409 1187 436 posse,

338 457 418 484 quam
438 449 511 480 illos,
532 448 577 482 qui
598 454 660 473 cum
674 446 810 473 Ioviniano
830 448 964 478 asserunt,
985 445 1120 472 homiuem
1135 452 1187 471 uon

1023 196 1275 225 SENTENTIARUM
1296 195 1356 224 LIB.
1379 195 1408 223 ll.

1244 280 1323 308 posse
1344 279 1467 307 peccare.
1494 272 1613 307 Uterque
1639 272 1707 299 tollit
1726 272 1830 299 arbitrii
1857 271 2015 299 libertatem.
2042 272 2094 299 Nos

1244 323 1308 343 vero
1329 316 1457 349 dicimus,
1477 315 1612 342 homiuem
1630 322 1737 350 semper
1757 319 1782 342 et
1794 323 1909 350 peccare
1929 318 1954 342 et
1970 323 2023 342 11011
2036 322 2095 350 pec-

1244 366 1308 386 care
1327 365 1420 393 posse,
1442 361 1471 385 ut
1490 365 1597 393 semper
1616 365 1664 385 nos
1684 358 1761 385 liberi
1784 358 1960 385 confiteamur
1980 365 2038 384 esse
2057 365 2097 384 ar-

1244 401 1326 428 bitrii.
1347 402 1418 428 Haec
1439 404 1479 428 est
1505 401 1585 433 fides⁷
1605 408 1687 435 quam
1711 401 1737 427 in
1757 401 1895 428 Catliolica
1914 400 2034 428 Ecclesia
2060 400 2097 427 di-

1243 444 1358 471 dicimus
1379 447 1404 471 et
1423 451 1504 478 quam
1524 451 1631 478 semper
1651 444 1822 470 tenuimus».

591 558 1031 608 COMMENTARIUS
1066 558 1127 606 IN
1160 557 1602 606 DISTINCTIONEM
1635 557 1842 606 XXVIII.

857 674 903 707 De
928 679 1077 718 potestate
1108 672 1195 706 liberi
1226 672 1341 707 arbitrii
1374 673 1439 706 sine
1470 673 1575 717 gratia.

904 779 939 808 Id
954 788 1022 808 vero
1037 779 1208 808 inconcusse
1222 783 1248 808 et
1262 780 1468 808 incunctanter
1483 782 1534 808 etc.

1078 877 1201 906 DIVISIO
1222 878 1360 907 TEXTUS.

417 979 507 1016 Supra
523 977 720 1006 determinavit
738 976 880 1013 Magister,
896 978 1033 1014 quantum
1056 978 1147 1013 potest
1161 975 1191 1004 li-

337 1027 437 1055 berum
453 1024 603 1054 arbitrium
616 1032 679 1053 cum
696 1023 792 1061 gratia.
809 1023 838 1051 In
853 1023 906 1052 hac
920 1031 988 1051 vero
1007 1027 1086 1060 parte
1102 1023 1190 1051 deter-

337 1073 438 1108 minat,
454 1075 590 1110 quantum
606 1073 697 1108 potest
711 1070 831 1099 liberum
847 1070 997 1099 arbitrium
1017 1070 1076 1099 sine
1091 1070 1189 1107 gratia.

339 1121 370 1149 Et
384 1120 520 1149 dividitur
544 1119 611 1148 baec
626 1127 692 1156 pars
714 1118 741 1146 in
764 1118 843 1147 duas.
859 1118 888 1146 In
909 1117 1001 1155 prima
1023 1117 1191 1146 determinat

338 1168 373 1197 de
395 1170 530 1205 potestate
546 1166 626 1195 liberi
649 1165 758 1194 arbitrii
773 1165 843 1202 lapsi
856 1165 875 1200 ¹„
891 1173 976 1202 quam
992 1164 1086 1199 habet,
1102 1164 1191 1201 gratia

338 1215 558 1251 circumscripta.
575 1213 703 1242 Secundo
725 1221 792 1241 vero
808 1212 976 1241 determinat
998 1212 1032 1240 de
1047 1211 1136 1240 libero
1150 1219 1192 1239 ar-

338 1262 421 1291 bitrio
436 1261 521 1300 primi
536 1260 669 1294 hominis,
686 1263 783 1288 utrum
799 1259 889 1296 gratia
903 1262 1037 1296 operante
1055 1261 1082 1287 et
1097 1265 1193 1295 coope-

339 1312 418 1338 rante
433 1308 555 1346 eguerit,
578 1307 650 1336 infra
665 1307 841 1336 distinetione
864 1306 999 1343 vigesima
1013 1313 1098 1334 nona:
1122 1305 1193 1333 Post

340 1356 410 1385 111166
425 1354 676 1385 considerandimi
690 1357 744 1387 est,
760 1357 863 1381 atrum
879 1356 930 1382 etc.

418 1402 559 1431 Dividitur
571 1404 665 1430 autem
680 1408 746 1438 pars
758 1400 811 1429 ista
825 1400 853 1428 in
865 1402 922 1428 tres
937 1402 1039 1437 partes.
1052 1399 1080 1427 ln
1092 1399 1193 1436 prima,

341 1450 407 1488 quia
422 1449 558 1487 pelagiani
581 1449 714 1477 errabant
736 1448 809 1477 circa
833 1450 999 1485 potestatem
1024 1447 1104 1476 liberi
1124 1446 1195 1475 arbi-

340 1498 403 1532 trii,
418 1498 495 1535 ponit
516 1497 592 1525 illius
606 1495 731 1524 haeresis
755 1494 997 1532 improbationem.
1020 1494 1048 1522 ln
1071 1493 1194 1523 secunda

341 1553 408 1574 vero
419 1544 570 1582 respondet
584 1543 620 1572 ad
632 1543 843 1580 Pelagianorum
859 1541 1128 1579 argumentationes,
1145 1540 1193 1569 ibi:

344 1592 427 1628 Quod
441 1600 509 1620 vero
524 1591 636 1625 dicunt,
653 1590 715 1618 siue
727 1589 832 1627 qratia
843 1593 893 1617 etc.
911 1588 938 1617 In
954 1588 1036 1617 tertia
1050 1595 1117 1616 vero
1133 1588 1197 1617 sub-

342 1639 431 1676 iungit
443 1637 595 1667 catholicae
607 1637 732 1666 veritatis
744 1636 965 1673 expressionem,
977 1635 1026 1664 ibi:
1040 1635 1076 1663 Ia
1085 1643 1153 1663 11610
1163 1635 1196 1663 dc

340 1685 444 1723 qratia
465 1688 492 1713 ct
505 1684 593 1712 libero
608 1683 735 1712 arbitrio
757 1682 958 1711 indubitanter
980 1685 1128 1710 teneamus
1143 1685 1195 1711 etc.

1248 974 1336 1003 Media
1362 982 1428 1012 pars
1454 974 1589 1003 dividitur
1615 974 1642 1003 in
1665 978 1722 1003 tres
1746 978 1840 1012 partes
1866 975 2023 1004 secundum
2048 975 2101 1003 tria

1249 1021 1353 1055 media,
1368 1029 1384 1050 a
1407 1021 1510 1059 quibus
1525 1025 1679 1051 sumuntur
1701 1025 1758 1051 tres
1773 1022 1907 1057 rationes,
1929 1022 2033 1060 quibus
2050 1022 2102 1050 Ma-

1248 1068 1335 1105 gister
1350 1068 1509 1105 respondet.
1527 1069 1619 1098 Primo
1634 1069 1707 1098 enim
1725 1069 1876 1106 respondet
1890 1070 1926 1098 ad
1941 1069 2012 1098 illud
2027 1068 2101 1106 quod

1250 1115 1377 1152 Pelagius
1393 1115 1515 1150 dicebat,
1531 1115 1641 1144 nullum
1664 1124 1725 1145 esse
1745 1116 1931 1153 culpandum,
1951 1116 1973 1145 si
1996 1124 2051 1145 non
2066 1115 2103 1144 vi-

1251 1166 1300 1197 tat,
1317 1163 1361 1191 vel
1383 1171 1437 1191 non
1453 1163 1518 1191 facit
1534 1163 1617 1198 illud,
1633 1163 1708 1201 quod
1728 1163 1780 1192 sibi
1795 1167 1837 1193 est
1859 1163 2038 1200 impossibile.
2063 1163 2103 1192 Ex

1249 1218 1305 1247 quo
1331 1213 1483 1242 sumuntur
1506 1210 1579 1239 duae
1601 1210 1738 1245 rationes,
1761 1210 1797 1239 ad
1817 1219 1887 1248 quas
1909 1211 2039 1248 Magister
2064 1218 2104 1239 re-

1250 1257 1368 1294 spondet
1390 1257 1502 1286 duobus
1524 1257 1653 1295 capitulis
1670 1257 1689 1285 ².
1715 1258 1843 1287 Secundo
1866 1266 1932 1287 vero
1954 1257 2104 1295 respondet

1250 1305 1285 1333 ad
1310 1305 1380 1333 illud
1406 1305 1481 1342 quod
1505 1305 1631 1342 Pelagius
1654 1305 1776 1340 dicebat,
1799 1305 1875 1342 quod
1896 1305 1966 1333 nihil
1984 1308 2026 1334 est
2047 1307 2103 1333 tan]

1251 1353 1278 1381 in
1300 1356 1396 1381 nostra
1414 1355 1549 1389 potestate
1572 1360 1657 1390 quam
1676 1352 1736 1389 ipsa
1761 1352 1903 1387 voluntas,
1929 1352 2004 1389 quod
2020 1352 2104 1381 etiam

1251 1399 1286 1428 ab
1312 1399 1372 1436 ipso
1397 1399 1550 1436 Augustino
1575 1399 1703 1436 Pelagius
1728 1402 1917 1434 assumserat,
1942 1399 1998 1428 ibi:
2025 1399 2106 1427 Alibi

1251 1446 1338 1475 etiam
1356 1447 1543 1484 Augustinus
1562 1446 1634 1475 dicit
1651 1447 1728 1485 quod
1746 1445 1814 1475 haic
1837 1446 1957 1484 gratiae
1972 1449 2022 1475 etc.
2042 1447 2104 1475 Ter-

1252 1493 1290 1522 tio
1312 1501 1379 1522 vero
1405 1494 1554 1530 respondet
1578 1494 1613 1522 ad
1640 1493 1710 1522 illud
1733 1494 1809 1531 quod
1830 1493 1958 1531 Pelagius
1980 1493 2102 1523 dicebat:

1255 1540 1339 1576 Quod
1359 1540 1476 1569 eredere
1499 1544 1635 1569 nostram
1657 1544 1714 1574 est,
1736 1540 1811 1578 quod
1833 1541 1917 1569 etiam
1939 1544 2105 1570 extraxerat

1253 1587 1288 1616 de
1303 1588 1397 1616 verbis
1415 1588 1559 1625 Augustini
1576 1595 1612 1616 ex
1631 1587 1743 1616 duobus
1762 1587 1841 1622 lociS3
1857 1590 1884 1616 et
1899 1588 1961 1617 ideo
1976 1588 2105 1625 Magister

1253 1635 1405 1672 respondet
1423 1635 1450 1663 in
1466 1635 1578 1664 duobus
1597 1635 1734 1672 capitulis.
1752 1635 1783 1663 Et
1798 1635 1894 1672 incipit
1911 1635 1959 1663 illa
1974 1643 2039 1672 pars
2055 1635 2103 1664 ibi:

1253 1682 1288 1710 [11
1304 1681 1490 1719 Ει1ρο81110116
1505 1681 1698 1720 quarumdam
1709 1681 1945 1719 propositiommn
1961 1685 2011 1711 etc.

998 1780 1185 1808 TRACTATIO
1207 1779 1450 1817 QUAESTIONUM.

423 1880 462 1909 Ad
484 1879 695 1916 intelligentiam
710 1882 803 1907 autem
828 1878 914 1907 liuius
929 1879 1016 1916 partis
1038 1879 1135 1907 incidit
1149 1878 1195 1907 1110

344 1928 470 1965 quaestio
495 1927 530 1956 de
556 1929 692 1964 potestate
719 1926 798 1955 liberi
828 1926 954 1961 arbitrii,
983 1926 1196 1963 circumscripta

344 1975 440 2012 gratia.
463 1974 541 2003 Circa
564 1974 616 2003 boc
639 1976 816 2011 quaeruntur
838 1973 903 2002 duo.

423 2021 515 2050 Primo
530 2021 692 2058 quaeritur,
716 2023 853 2057 quantum
875 2019 962 2056 possit
982 2019 1103 2048 liberum
1125 2019 1197 2048 arbi-

345 2068 431 2096 trium
447 2068 553 2104 absque
575 2067 664 2104 gratia
688 2070 798 2104 gratum
822 2066 946 2095 faciente.

423 2113 550 2142 Secundo
572 2121 638 2141 vero
658 2113 813 2150 quaeritur,
832 2115 969 2150 quantum
992 2112 1079 2149 possit
1100 2120 1151 2149 per
1167 2120 1196 2141 se

344 2161 451 2198 absque
473 2160 562 2198 gratia
583 2160 670 2197 gratis
692 2159 765 2188 data⁴

1333 1877 1412 1906 Circa
1433 1877 1557 1914 primum
1580 1880 1758 1915 quaeruntur
1781 1878 1842 1906 tria.

1333 1925 1425 1953 Primo
1441 1925 1596 1962 quaeritur⁷
1618 1928 1715 1953 utrum
1738 1924 1859 1954 liberum
1881 1924 2031 1953 arbitrium
2047 1925 2106 1954 sine

1254 1972 1343 2008 gratia
1365 1975 1476 2009 gratum
1500 1972 1616 2001 faciente
1638 1972 1726 2009 possit
1746 1980 1763 2000 a
1784 1971 1867 2008 culpa
1888 1979 2046 2009 resurgere.

1333 2020 1460 2048 Secundo
1483 2020 1638 2057 quaeritur,
1660 2022 1757 2048 utrum
1780 2019 1867 2056 possit
1889 2019 1996 2057 absque
2018 2019 2107 2057 gratia

1254 2070 1367 2103 gratum
1389 2066 1505 2095 faciente
1527 2066 1724 2095 adversarium
1747 2066 1866 2095 vincere.

1334 2113 1426 2141 Tertio
1445 2113 1601 2150 quaeritur,
1620 2116 1719 2142 utrum
1738 2114 1825 2150 possit
1843 2114 1891 2142 Dei
1912 2113 2044 2142 mandata
2059 2114 2108 2142 im-

1254 2159 1339 2196 plere.

1080 2256 1316 2291 ARTICULUS
1344 2258 1365 2290 1.

653 2353 804 2389 Quamnam
823 2352 916 2389 possit
939 2352 1064 2380 liberum
1086 2351 1249 2380 arbitrium
1271 2351 1379 2390 absque
1398 2352 1503 2390 pratia
1522 2356 1647 2389 gyratam
1668 2351 1801 2389 faciente..

1128 2450 1291 2487 QUAESTIO
1314 2451 1331 2479 I.

515 2551 620 2579 Utrum
642 2550 766 2579 liberam
788 2550 951 2601 arbitrium
974 2549 1081 2588 absque
1101 2549 1206 2587 qratia
1225 2553 1349 2587 pratum
1370 2548 1496 2585 jaciente
1514 2549 1609 2586 possit
1630 2558 1649 2578 a
1672 2549 1760 2587 culpa
1781 2558 1944 2587 1681119616.

427 2649 505 2677 Circa
520 2649 644 2686 primum
660 2650 699 2678 sic
714 2649 876 2686 proceditur
888 2652 915 2677 et
930 2649 1086 2686 quaeritur,
1102 2652 1198 2676 utrum

349 2695 469 2724 liberum
486 2696 635 2724 arbitrium
651 2696 756 2733 absque
775 2696 864 2733 gratia
880 2699 992 2733 gratum
1008 2696 1125 2724 faciente
1136 2691 1200 2732 'pos-

350 2742 384 2770 sit
402 2751 418 2770 a
436 2742 519 2779 culpa
538 2751 695 2780 resurgere.
716 2743 746 2771 Et
765 2743 841 2780 quod
860 2750 934 2777 non,
954 2743 1078 2771 videtur:

431 2790 454 2817 1.
477 2790 568 2817 Primo
593 2798 643 2827 per
664 2790 751 2825 illud,
773 2790 848 2827 quod
875 2790 978 2819 dicitur
1003 2790 1039 2818 ad
1061 2789 1198 2817 Romanos

1258 2648 1339 2676 tertio
1356 2647 1379 2675 ⁵:
1404 2647 1563 2684 Iastt‘fieati
1584 2648 1683 2686 gyratis
1706 2657 1761 2685 per
1786 2648 1921 2686 qratiam
1948 2648 2049 2686 ipsias.
2078 2648 2217 2682 Etrundameut

1258 2694 1343 2731 paulo
1364 2698 1438 2724 ante:
1463 2695 1507 2723 Eae
1529 2694 1664 2732 operibas
1683 2695 1753 2733 legyis
1775 2704 1833 2723 11011,
1851 2695 2033 2732 iustificatior
2052 2703 2108 2723 om-

1257 2742 1304 2770 nis
1330 2751 1409 2771 earo.
1437 2743 1468 2771 Et
1493 2743 1657 2779 expressius
1681 2743 1717 2771 ad
1743 2743 1836 2771 Titum
1862 2743 1959 2771 tertio:
1987 2742 2052 2771 Non
2073 2751 2107 2771 cx

1257 2790 1394 2826 operibus
1419 2790 1566 2823 iustitiae,
1593 2798 1668 2828 ([11116
1693 2788 1818 2827 fecimus
1843 2799 1913 2823 snos,
1934 2790 1986 2818 secl
2010 2798 2108 2818 8661171-

419 2921 426 2935 ¹
443 2922 492 2944 Vnt.
511 2928 563 2944 cum
581 2923 634 2945 edd.
651 2924 671 2951 3,
696 2923 709 2945 [1-
732 2923 834 2946 immons
858 2923 924 2953 lapsi.
950 2925 999 2947 Mox
1022 2931 1064 2953 pro
1082 2924 1109 2947 [Ze
1128 2923 1201 2947 libero

353 2959 451 2982 arbitrio
470 2960 529 2988 edd..
547 2964 640 2989 excepta
662 2963 678 2990 l⁷
699 2961 798 2985 liborum
816 2962 951 2985 arbitrium.

416 2999 425 3013 ‘2
443 2999 492 3021 Vnt.
511 3006 563 3022 cum
581 3001 632 3022 odd.
652 3001 672 3028 3,
692 3001 703 3023 4
722 3001 826 3030 duabus,
847 3003 931 3025 omissa
950 3009 1007 3025 voco
1025 3002 1142 3032 capitulis.

1322 2924 1331 2938 ³
1349 2925 1414 2947 Vers.
1433 2923 1469 2946 24.
1488 2936 1519 2940 —
1536 2924 1588 2952 Soq.
1607 2926 1681 2946 textus
1699 2926 1732 2945 est
1750 2922 1805 2945 ibid.
1823 2929 1845 2945 v.
1865 2924 1905 2946 20:
1918 2924 1997 2945 tertius
2016 2923 2057 2945 loc.
2071 2923 2105 2945 cit.

1259 2969 1280 2984 Y.
1300 2972 1320 2985 ι).
