2243 3425
1 2066 4 2079 t

13 1982 130 2001 und-amenta.

750 207 832 235 Dts'r.
856 207 931 235 xxti.
954 207 1026 234 ART.
1049 206 1068 234 [l
1091 206 1226 242 QUAEST.
1250 205 1278 233 lt.

132 291 171 317 tat
192 288 227 317 de
248 296 280 316 eo
302 287 376 324 quod
400 287 526 323 ignorat3
548 290 575 315 et
599 290 662 315 tuuc
684 294 734 315 nec
755 286 829 315 circa
851 285 918 314 illud
945 285 981 313 af-

132 335 226 363 ficitur
258 335 415 363 voluntarie
447 342 497 362 nec
523 334 728 365 involuntarie;
749 336 776 361 et
797 332 836 361 sic
857 335 918 361 erat
946 332 980 360 de

131 382 179 410 illa
201 381 356 418 ignorantia
378 381 457 409 Evae.

211 429 238 456 [ι.
260 428 297 456 Λᾶ
321 428 388 456 illud
423 428 496 465 quod
527 427 672 461 obiicitur,
695 426 768 463 quod
792 429 840 454 aut
862 429 919 454 erat
943 425 981 453 in-

132 479 211 509 nata,
234 479 282 503 aut
303 478 444 504 contracta
466 478 537 508 010,
559 474 725 506 dicendum.
748 473 821 509 quod
846 473 892 500 illa
908 473 981 509 igno-

132 523 223 552 rantia
244 523 354 551 dicebat
374 522 514 559 quandam
538 521 668 549 scientiae
689 519 932 556 incompletionem
954 523 981 547 et

132 570 386 607 imperfectionem,
422 576 493 605 quae
522 568 611 596 inerat
644 567 791 596 animabus
825 566 978 603 primorum

132 620 281 655 parentum
303 624 339 645 ex
355 616 464 644 delectu
480 615 610 652 propriae
625 617 758 646 naturae,
773 621 823 650 per
838 613 889 641 lioc
905 613 981 649 quod

132 665 241 693 animae
262 671 359 692 eorum
382 671 436 691 non
469 665 548 690 erant
571 662 596 690 in
619 661 779 689 omnimoda
805 660 875 688 lucis
897 660 982 697 pleni-

132 711 237 740 tudine.
261 710 287 738 ln
311 709 357 738 tali
379 712 473 737 autem
496 711 568 737 statu
591 708 685 737 decuit
700 707 738 736 sic
753 707 894 735 hominem
912 706 981 741 fieri,

132 758 207 795 quia,
229 757 301 786 sicut
322 757 393 784 infra
408 756 415 768 ¹
439 755 559 793 patebit,
581 755 661 792 prius
682 754 779 783 debuit
794 762 855 782 esse
885 753 981 781 viator

133 813 216 842 quam
244 802 474 840 comprehensor.
505 802 557 831 Nec
584 806 676 830 tamen
699 809 735 830 ex
758 797 805 829 illa
827 800 981 837 ignorantia

133 851 235 880 dicitur
252 851 335 879 homo
356 850 442 879 fuisse
466 850 490 878 in
514 849 637 878 tenebris
658 848 700 877 vel
717 848 744 876 in
760 848 901 881 caecitate,
916 847 982 884 quia

133 898 275 927 sufficiens
300 897 395 926 lumen
428 897 549 925 habebat
570 896 605 925 ad
628 896 813 925 incedendum
838 903 886 931 per
908 895 981 922 viam

132 945 273 979 iustitiae,
295 948 321 973 et
344 945 405 973 ideo
427 952 480 972 non
504 947 545 972 est
567 943 657 972 simile
679 943 713 972 de
732 942 889 979 pronitate.
912 942 983 970 Pro-

1827 204 1883 233 ‘5⁶23

1037 284 1116 313 nitas
1138 284 1211 313 enim
1244 292 1297 312 non
1326 283 1503 312 solummodo
1535 283 1601 311 dicit
1629 283 1886 320 imperfectionem,

1038 331 1086 360 sed
1109 331 1191 359 etiam
1214 331 1355 368 quandam
1388 333 1505 358 naturae
1536 329 1745 363 curvationem,
1776 338 1808 358 ac
1836 337 1886 366 per

1037 378 1090 406 hoc
1111 378 1360 406 deordinationem.

1118 426 1142 453 5.
1165 425 1201 453 Ad
1225 425 1295 454 illud
1318 425 1391 462 quod
1407 425 1506 453 ultimo
1521 425 1668 459 obiicitur,
1683 424 1758 461 quod
1774 425 1816 452 vir
1832 432 1885 452 non

1037 473 1162 509 peccavit
1183 481 1219 501 ex
1246 473 1415 509 ignorantia,
1438 473 1503 509 quia
1525 481 1577 500 non
1600 472 1653 500 fuit
1674 472 1825 506 seductus,
1848 471 1886 500 di-

1038 519 1173 553 cendum,
1196 519 1269 556 quod
1293 528 1346 547 non
1369 519 1546 548 solummodo
1568 519 1669 548 mulier
1691 520 1833 556 ignorasse
1848 519 1886 547 (11-

1038 566 1111 593 citur
1141 569 1255 602 propter
1281 566 1493 599 seductionem,
1516 566 1565 595 sed
1586 566 1670 595 etiam
1693 566 1758 603 quia
1781 566 1887 602 ignora-

1039 613 1077 640 vit
1088 620 1199 648 pontiae
1218 612 1414 649 subsequentis
1428 612 1617 641 acerbitatem.
1635 613 1665 641 Et
1681 613 1743 641 licet
1758 613 1784 640 in
1800 613 1886 641 Adam

1038 667 1092 687 nou
1115 659 1198 687 suerit
1229 659 1386 695 ignorantia
1406 658 1482 687 illius
1503 660 1697 693 seductionis,
1719 660 1771 688 fuit
1795 664 1885 689 tamen

1038 706 1194 743 ignorantia
1222 714 1272 743 per
1304 706 1535 743 inexperientiam
1559 707 1677 735 (livinae
1698 707 1839 740 ultioni&
1861 710 1887 736 et

1038 753 1100 782 ideo
1122 753 1216 789 aliqua
1238 753 1393 789 ignorantia
1415 753 1473 782 sive
1495 753 1645 782 nescientia
1671 754 1722 782 fuit
1743 755 1770 782 in
1792 755 1887 785 Adam„

1039 801 1102 829 licet
1134 800 1225 828 minor
1247 808 1330 837 quam
1353 800 1379 828 in
1404 800 1467 828 Eva.
1489 818 1527 821 —
1549 801 1603 829 Neo
1624 801 1698 829 valet
1719 801 1787 829 illud
1812 802 1887 838 quod

1039 848 1170 877 obiicitur
1191 848 1226 876 de
1247 848 1359 882 radice,
1382 848 1448 885 quia
1470 848 1625 884 ignorantia
1646 857 1701 877 non
1723 848 1836 885 ponitur
1851 848 1888 876 ibi

1039 902 1099 923 esse
1121 898 1253 932 tanquam
1276 902 1313 923 ex
1328 903 1384 923 una
1399 895 1508 926 radice,
1524 895 1570 923 sed
1588 895 1654 932 quia
1669 895 1790 932 quodam
1806 896 1889 924 modo

1039 941 1102 970 talis
1131 941 1281 970 nescientia
1302 941 1474 969 occasionem
1498 941 1627 978 praebuit
1648 942 1683 970 ad
1706 942 1888 979 peccandum.

879 1044 1140 1080 SCHOLION.

196 1149 210 1170 l.
231 1149 357 1176 Responsio
378 1148 407 1170 ad
425 1149 483 1170 11000
506 1148 664 1176 quaestionem
682 1147 770 1169 eruitur
791 1152 818 1168 ex
840 1146 984 1168 distinctione

133 1188 285 1210 communiter
302 1190 406 1215 recepta.
424 1194 483 1215 quae
502 1187 525 1209 fit
540 1188 598 1209 inter
615 1187 767 1214 ignorantiam
785 1185 881 1216 proprie
898 1185 982 1208 dictam

134 1227 206 1256 (quae
224 1228 331 1254 importat
352 1225 509 1255 privationem
527 1232 568 1248 000
586 1232 630 1248 non
649 1226 754 1253 culpam,
773 1226 809 1247 1·οΙ
828 1225 907 1247 saltem
932 1231 983 1252 poc-

133 1272 198 1293 nam,
216 1272 242 1288 ac
260 1267 384 1294 supponit,
408 1265 537 1287 subiectum
555 1268 577 1287 ‹1t
594 1267 674 1293 aptum
696 1270 746 1286 esse
763 1266 785 1286 01
803 1265 873 1286 teneri
896 1270 938 1292 pro
956 1270 983 1285 00

134 1308 239 1333 tompore
256 1305 285 1327 ad
302 1305 440 1333 sciendum),
453 1307 520 1333 atque
534 1305 591 1326 inter
603 1305 756 1332 ignorantiam
770 1303 836 1333 [αι-90
853 1306 983 1331 acceptam,

134 1351 193 1373 quae
211 1344 264 1366 1111111
287 1345 328 1366 0151
352 1344 496 1371 negationem
518 1343 614 1365 0110111115
631 1343 738 1365 scientiae
760 1344 869 1370 importat
891 1346 913 1364 01
934 1348 984 1364 osse

134 1386 208 1412 potest
232 1385 280 1406 51110
298 1384 365 1411 culpa
390 1387 412 1405 et
437 1389 519 1411 poena.
545 1384 649 1405 Attamen
677 1383 764 1405 nullum
792 1385 911 1409 peccatum
934 1388 984 1404 0550

134 1426 223 1451 potest,
242 1423 283 1445 0151
302 1423 420 1451 supposita
438 1422 513 1451 aliqua
532 1423 665 1449 nescientia,
684 1425 708 1444 ut
725 1424 793 1449 patet.

198 1463 229 1484 De
248 1462 360 1484 divisione
373 1465 534 1490 peccatorum,
552 1467 622 1490 quam
641 1460 709 1483 habet
724 1461 792 1483 ctiam
811 1461 916 1488 Magister
935 1460 984 1487 (liic

135 1508 154 1524 c.
167 1502 212 1529 5.)
232 1502 278 1524 scil.
292 1502 313 1523 in
332 1504 424 1529 peccata
449 1500 610 1530 ignorantiae,
636 1500 782 1530 infirmitatis
799 1502 821 1521 1-1
838 1498 982 1527 industriae,

1041 1146 1081 1168 cfr.
1100 1147 1136 1168 liic
1162 1145 1217 1168 dub.
1237 1147 1257 1168 2.
1276 1150 1297 1168 ct
1314 1146 1371 1168 intra
1390 1146 1411 1168 d.
1431 1146 1467 1168 -13,
1486 1153 1505 1168 a.
1525 1147 1544 1168 3.
1563 1153 1585 1175 q.
1604 1147 1625 1168 2.
1643 1147 1665 1168 in
1683 1153 1748 1175 corp.
1774 1151 1795 1170 01
1818 1147 1847 1169 ad
1866 1147 1890 1176 i,

1042 1191 1083 1207 1100
1102 1192 1145 1207 non
1165 1185 1219 1207 dub.
1240 1185 1260 1207 i.
1279 1186 1303 1208 Et
1328 1185 1468 1213 notandum,
1494 1186 1556 1214 quod
1575 1186 1636 1208 aliud
1659 1189 1693 1208 est
1717 1190 1837 1214 peccatum
1861 1193 1891 1210 ex

1041 1224 1190 1254 iyizorctiztia,
1211 1225 1272 1247 aliud
1291 1228 1411 1252 peccatum
1429 1225 1586 1254 lynci-antiae.
1605 1226 1651 1248 Hoc
1678 1226 1739 1248 enim
1762 1229 1795 1248 est
1812 1227 1891 1254 culpa-

1042 1263 1093 1286 bilis
1110 1265 1204 1286 omissio
1222 1264 1312 1286 debitae.
1334 1265 1452 1292 scientiae,
1471 1264 1525 1286 illud
1548 1271 1603 1286 vero
1621 1267 1655 1287 051
1672 1268 1792 1292 peccatum
1815 1266 1891 1293 quale-

1042 1309 1155 1331 cumque,
1169 1303 1232 1331 qnod
1250 1303 1399 1325 committitur
1419 1304 1551 1331 ignoranter
1569 1303 1688 1332 (Contiloq.
1701 1310 1723 1331 p.
1742 1304 1755 1325 l.
1768 1307 1821 1326 5001.
1836 1304 1890 1332 2152).

1107 1342 1128 1364 ll.
1147 1342 1209 1364 llanc
1227 1343 1385 1371 quaestionem
1404 1343 1474 1370 tangit
1486 1343 1547 1364 Alex.
1561 1343 1616 1370 llat,
1634 1343 1655 1364 S.
1666 1349 1687 1371 p.
1699 1343 1721 1365 11.
1733 1349 1754 1372 q.
1769 1343 1858 1365 101111.
1874 1344 1890 1365 l.

1043 1381 1070 1403 ad
1090 1382 1110 1403 3.
1124 1395 1153 1397 —
1173 1382 1203 1403 Ue
1220 1388 1258 1404 ea:
1277 1382 1344 1409 5001,
1363 1382 1399 1404 liic
1416 1389 1437 1410 q.
1456 1383 1573 1404 101100.-
1591 1382 1647 1405 Petr.
1666 1389 1676 1404 a
1697 1383 1757 1409 Tar„
1777 1383 1812 1404 liic
1829 1389 1851 1411 q.
1870 1384 1891 1404 Q.

1043 1427 1062 1443 a.
1085 1422 1102 1443 l.
1116 1434 1145 1436 —
1158 1421 1264 1443 Ricliard.
1282 1428 1294 1443 a
1313 1421 1378 1449 Med.7
1391 1422 1427 1443 liic
1439 1429 1458 1444 a.
1478 1422 1498 1443 2.
1517 1429 1537 1450 q.
1562 1423 1578 1444 l.
1592 1435 1621 1437 --
1630 1422 1704 1450 1Egid.
1716 1422 1748 1444 R.⁴
1760 1423 1796 1444 liic
1806 1429 1827 1451 q.
1841 1423 1891 1445 (1.0.

1048 1461 1108 1482 1.-
1120 1460 1213 1488 Dionys.
1232 1460 1315 1487 Cartli¹⁷
1334 1461 1362 1482 (10
1380 1461 1423 1482 liae
1440 1463 1461 1483 01
1479 1467 1543 1489 seqq.
1562 1468 1600 1489 qq.
1620 1462 1656 1483 liic
1674 1462 1781 1490 (1.110100.
1796 1474 1825 1476 -
1838 1461 1891 1489 13101,

1043 1499 1072 1521 (10
1090 1500 1171 1530 1100101
1188 1506 1252 1528 seqq.
1271 1506 1308 1528 qq.
1328 1500 1364 1522 liic
1381 1506 1402 1528 (1.
1422 1500 1442 1521 2.

907 1588 1070 1625 00105110
1092 1589 1121 1616 n.

556 1688 660 1717 Utrum
684 1687 857 1725 ignorantia
879 1688 910 1716 iti
931 1688 1031 1726 aliquo
1053 1687 1167 1716 homine
1185 1688 1280 1725 possit
1301 1696 1360 1716 csse
1382 1687 1478 1724 culpa.

215 1788 342 1816 Secundo
370 1787 516 1824 quaeritur
537 1787 626 1824 gratia
658 1787 758 1821 liuius,
789 1789 886 1815 utrum
915 1786 989 1823 igno-

137 1835 229 1864 rantia
251 1836 278 1864 in
300 1835 396 1872 aliquo
419 1835 532 1863 homine
553 1835 641 1872 possit
663 1842 723 1863 esse
745 1834 836 1871 culpa.
861 1834 891 1862 Et
912 1834 985 1871 quod

137 1883 191 1916 sic,
214 1882 334 1911 videtur.

221 1930 242 1957 1.
264 1928 373 1957 Primae
395 1928 430 1957 ad
452 1929 609 1957 Corinthios
624 1928 733 1957 decimo
748 1927 883 1965 quarto21
908 1928 988 1965 [900-

137 1984 211 2004 rans
233 1975 439 2013 iynorabitum
460 1976 508 2004 sed
530 1975 627 2004 nullus
649 1975 795 2012 ignoratur
817 1983 833 2003 a
855 1975 911 2004 Deo
933 1975 985 2004 nisi

136 2025 252 2060 propter
274 2022 399 2059 culpam:
422 2030 489 2059 ergo
510 2026 560 2051 etc.

217 2071 243 2098 2.
265 2070 348 2104 ltem,
378 2078 463 2107 super
492 2069 562 2098 illud
596 2069 734 2098 Psalmi³t
766 2069 866 2097 Noluit
888 2069 988 2098 inteili-

135 2126 204 2155 9cre
225 2121 286 2152 etc.‚
309 2117 405 2145 Glossa
427 2117 588 2153 Augustini:
617 2127 629 2141 «
641 2116 799 2153 Ignorantia
826 2117 851 2144 in
874 2117 917 2145 1115
939 2117 986 2154 (1111

137 2164 292 2201 Intelligere
314 2164 429 2195 nolunt,
451 2168 493 2192 est
514 2167 699 2200 peccatum».

217 2210 242 2239 3.
264 2211 347 2245 item,
369 2211 483 2239 ratione
505 2211 625 2239 videtur.
651 2210 826 2248 Cognoscere
847 2211 987 2240 credenda

137 2261 164 2286 et
185 2258 328 2295 operanda
349 2261 391 2286 est
412 2261 491 2286 actus
513 2258 645 2293 virtutis,
668 2258 773 2286 scilicet
796 2258 859 2286 lidei
882 2261 988 2295 0111111-

138 2305 276 2334 dentiae⁴:
299 2313 366 2342 ergo
388 2305 457 2333 haec
479 2305 621 2342 iquorctrc
642 2309 683 2334 est
699 2305 852 2333 virtutibus
868 2305 986 2341 privari;

138 2353 187 2381 sed
208 2352 380 2390 privationes
401 2352 539 2380 virtutum
562 2355 628 2381 sunt
649 2352 715 2380 vitia
737 2356 764 2380 et
779 2355 904 2388 peccata:
920 2359 987 2388 ergo

137 2400 232 2436 aliqua
254 2399 411 2435 ignorantia
432 2402 474 2427 est
496 2399 587 2435 culpa.

216 2447 242 2474 [1.
266 2446 348 2480 11001,
375 2454 430 2473 non
461 2444 561 2482 lacere
592 2453 624 2474 ea
656 2453 728 2482 quae
760 2446 844 2473 liomo
877 2448 987 2473 tenetur

138 2494 241 2525 facere.
264 2497 305 2522 est
326 2497 488 2530 peccatum.
512 2492 640 2521 similiter
662 2500 715 2520 non
732 2492 844 2525 dicere,
860 2492 988 2520 similiter

138 2550 193 2569 non
215 2549 320 2569 (tiuare
341 2549 371 2569 ea
395 2548 467 2577 quae
489 2540 573 2567 homo
595 2542 707 2568 tenetur
732 2547 844 2573 amare,
866 2542 908 2568 est
929 2547 989 2575 pec-

139 2592 245 2617 catum:
268 2597 335 2626 ergo
364 2588 493 2617 similiter
524 2587 636 2615 nescire
660 2586 756 2623 quod5
778 2590 889 2614 tenetur
917 2585 988 2614 scire

139 2638 181 2664 est
200 2638 362 2672 peccatum,
384 2635 433 2663 sed
455 2634 536 2663 multi
559 2637 641 2669 sunt,
656 2633 704 2670 qui
720 2633 849 2670 ignorant
870 2640 902 2661 ea
917 2640 989 2669 quae

1047 1789 1178 1814 tenentur
1201 1786 1287 1820 scire,
1316 1789 1412 1823 utpote
1435 1794 1485 1820 ea,
1508 1786 1567 1815 sine
1589 1786 1693 1823 quibus
1715 1786 1817 1815 salvari
1840 1795 1895 1815 non

1046 1837 1177 1870 possunt:
1200 1842 1267 1870 ergo
1288 1834 1315 1861 in
1337 1833 1441 1862 talibus
1464 1834 1619 1870 ignorantia
1641 1838 1683 1862 est
1704 1834 1795 1871 culpa.

1126 1882 1151 1909 )'
1175 1881 1257 1915 item,
1279 1889 1358 1909 error
1380 1884 1421 1909 est
1442 1884 1587 1918 peccatum
1602 1881 1623 1909 ⁰:
1643 1884 1693 1910 aut
1707 1889 1773 1918 ergo
1789 1883 1895 1911 ratione

1046 1929 1106 1957 eius
1128 1929 1202 1966 quod
1223 1929 1322 1965 pouit,
1344 1931 1393 1956 aut
1416 1929 1521 1957 ratione
1541 1929 1602 1958 eius
1618 1929 1693 1965 quod
1712 1929 1821 1965 privat.
1838 1930 1894 1958 Non

1046 1975 1152 2003 ratione
1184 1975 1245 2004 eius
1273 1975 1349 2012 quod
1378 1975 1473 2011 ponit,
1505 1975 1572 2012 quia
1603 1978 1748 2012 peccatum
1776 1976 1895 2012 privatio

1046 2025 1100 2056 est,
1122 2030 1176 2050 non
1198 2022 1306 2058 positio.
1340 2022 1365 2050 Si
1399 2022 1506 2050 ratione
1528 2022 1589 2051 01115
1611 2022 1684 2059 quod
1704 2023 1825 2059 privam
1846 2023 1895 2051 sed

1046 2077 1126 2097 error
1147 2068 1239 2105 privat
1260 2069 1404 2097 scientiam
1415 2091 1421 2103 ,
1443 2072 1469 2097 01
1486 2069 1604 2105 privatio
1620 2069 1751 2097 scientiae
1766 2072 1807 2097 est
1823 2069 1895 2105 igno-

1046 2116 1147 2144 rantia:
1172 2124 1239 2153 ergo
1262 2116 1414 2153 ignorantia
1439 2120 1480 2145 est
1503 2116 1594 2153 culpa.

1125 2164 1252 2192 Coxrna:
1281 2165 1302 2191 l.
1334 2163 1506 2200 Augustinus
1539 2163 1565 2191 in
1598 2163 1778 2191 ΕοοΙ1111111ο7
1812 2163 1893 2197 dicit,

1045 2211 1121 2248 quod
1148 2210 1278 2239 «inflicta
1299 2214 1341 2239 est
1362 2210 1442 2238 nobis
1472 2210 1628 2246 ignorantia
1659 2217 1755 2238 rerum
1778 2210 1895 2246 agenda-

1046 2266 1109 2286 rum
1149 2261 1176 2286 et
1206 2257 1432 2294 concupiscentia
1467 2257 1617 2284 noxiarum
1631 2267 1667 2290 »3
1699 2256 1747 2285 sed
1783 2257 1893 2285 nullum

1046 2309 1190 2342 peccatum
1221 2307 1263 2333 est
1291 2304 1371 2332 nobis
1399 2303 1550 2332 inflictum:
1574 2311 1640 2340 ergo
1662 2303 1817 2340 ignorantia
1839 2312 1894 2332 non

1046 2355 1087 2381 est
1108 2354 1262 2388 peceatum.

1126 2399 1151 2425 2.
1174 2397 1257 2431 ltein,
1278 2396 1394 2424 ratione
1417 2396 1537 2424 videtur.
1559 2396 1587 2424 ln
1603 2397 1676 2424 omni
1693 2396 1765 2424 enim
1783 2400 1896 2433 peccato

1046 2447 1088 2473 est
1108 2443 1217 2472 aversio
1249 2451 1265 2471 a
1296 2443 1368 2471 bono
1398 2443 1619 2471 incomnuitabili
1645 2447 1672 2471 et
1693 2443 1839 2471 conversio
1860 2443 1896 2472 ad

1046 2490 1284 2523 commutabile&
1317 2490 1365 2518 sed
1392 2489 1419 2517 in
1448 2490 1604 2526 ignorantia
1626 2490 1703 2518 nulla
1732 2494 1773 2519 est
1794 2491 1828 2519 ad
1853 2491 1897 2519 bo-

1046 2546 1114 2566 num
1143 2537 1343 2566 commutabile
1374 2537 1533 2565 conversio:
1563 2544 1631 2573 ergo
1663 2537 1819 2574 ignorantia
1840 2546 1895 2566 non

1046 2589 1088 2614 est
1109 2585 1201 2621 culpa.

1126 2631 1151 2659 3.
1175 2632 1259 2665 Item,
1281 2630 1392 2659 nullum
1414 2634 1560 2667 peccatum
1583 2635 1710 2660 remanet
1741 2636 1804 2668 post
1835 2640 1897 2669 poe-

203 2775 209 2789 1
228 2775 282 2797 Dist.
302 2775 338 2797 23.
356 2782 375 2797 a.
395 2776 415 2797 ⁴2.
435 2782 456 2804 q.
475 2776 495 2797 2.
513 2782 578 2804 seqq.

203 2814 213 2828 ²
230 2815 294 2836 Vers.
314 2814 350 2836 38.

202 2852 212 2867 ³
229 2853 310 2875 Psalm.
330 2853 369 2881 35,
397 2852 416 2875 4.
435 2866 465 2868 -
482 2854 586 2881 August.²
612 2853 682 2880 Epist.
708 2852 758 2874 191.
785 2853 854 2879 (alias
876 2852 934 2880 105.)
960 2852 989 2874 ed

140 2892 241 2920 Sinum,
259 2898 279 2914 0.
297 2892 318 2914 6.
336 2898 357 2914 n.
376 2892 412 2914 27.
431 2893 463 2914 sic
480 2893 521 2914 ait:
540 2893 596 2920 Quia
614 2895 636 2914 et
653 2893 701 2920 ipsa
715 2892 841 2920 ignorantia
860 2892 881 2913 in
900 2892 932 2913 eis
950 2891 988 2919 qui

140 2931 264 2959 intelligere
284 2932 416 2959 noluerunt,
435 2932 483 2953 5100
501 2931 641 2954 dubitatione
662 2935 782 2959 peccatum
800 2934 840 2953 051.
858 2930 902 2953 Csr.
921 2931 988 2952 ctiam

140 2970 190 2992 eius
208 2970 307 2992 Enarrat.
326 2971 348 2992 in
366 2970 401 2992 Ρ5.
420 2970 455 2992 35.
475 2977 495 2992 0.
519 2971 535 2992 Ι.
554 2972 575 2992 01
592 2970 628 2992 hic
645 2970 674 2991 lit.
693 2970 804 2997 Magistri,
823 2975 841 2991 c⁴
860 2969 881 2990 5.

203 3008 212 3023 ⁴
231 3009 288 3031 Vide
307 3010 337 3032 lll.
356 3010 416 3032 Sent.
435 3010 457 3032 (1.
476 3010 512 3031 33.
531 3016 552 3038 q.
576 3010 592 3031 l.
611 3012 633 3031 et
651 3008 671 3031 4.

1110 2772 1119 2787 ⁵
1137 2772 1192 2795 Cod.
1211 2772 1228 2793 T
1247 2777 1314 2801 quac.

1110 2811 1119 2825 f·
1135 2811 1179 2833 cn.
1198 2811 1253 2833 insra
1273 2811 1294 2832 d.
1313 2811 1349 2832 23.
1367 2817 1387 2832 a.
1405 2811 1425 2832 2.
1444 2817 1465 2839 q.
1485 2811 1506 2833 2.
1523 2811 1545 2832 in
1563 2816 1625 2838 corp.

1109 2850 1118 2864 7
1136 2849 1190 2877 Cap.
1210 2849 1245 2871 24.
1265 2856 1284 2871 0.
1305 2850 1330 2871 8:
1352 2849 1438 2871 Deinde
1456 2850 1502 2871 iam
1520 2850 1587 2871 ctiam
1606 2849 1735 2872 nolentibus
1758 2850 1896 2873 subintravit

1047 2890 1172 2918 ignorantia
1192 2895 1269 2911 rerum
1287 2889 1430 2919 agendarum
1448 2892 1469 2911 01
1487 2890 1668 2917 concupiscentia
1687 2891 1814 2912 noxiarum.

1110 2927 1119 2942 ⁸
1136 2927 1180 2950 Cfr.
1198 2928 1255 2950 int'ra
1275 2927 1296 2949 (1.
1316 2927 1350 2949 42.
1373 2934 1392 2949 a.
1417 2928 1437 2949 2.
1457 2934 1478 2956 q.
1505 2929 1520 2950 l.
1537 2931 1559 2950 01
1576 2934 1595 2950 a.
1615 2928 1635 2950 3.
1654 2935 1675 2957 q.
1696 2930 1716 2951 2.
1735 2942 1765 2945 —
1780 2930 1830 2951 Mox
1853 2936 1895 2957 pro

1047 2967 1070 2990 in
1087 2967 1239 2997 tqnorantta,
1260 2971 1284 2990 ut
1302 2968 1400 2996 legimus
1430 2967 1474 2990 nde
1496 2968 1563 2990 codd.
1588 2968 1642 2990 Taa
1653 2975 1678 2991 00
1696 2973 1717 2992 et
1738 2969 1774 2991 ed.
1801 2970 1822 2997 l,
1846 2969 1894 2991 Vat.

1047 3006 1191 3036 iyuttrnmia.

1901 617 2015 636 Notandum.

1907 2167 1936 2185 Ad
1950 2165 2024 2189 opposi-

1944 2192 1989 2208 tum.
