2243 3425
758 183 801 211 AD
824 183 851 211 11.
874 183 997 212 LIBRUM
1019 184 1279 214 SENTENTIARUM.
1871 190 1891 218 V

146 260 175 282 tia
193 261 307 288 gignentis
325 259 388 287 [sive
404 259 490 288 aliquid
511 260 629 283 excidatur
645 267 657 283 a
680 261 811 289 gignente],
832 261 854 283 d.
873 261 908 283 30.
928 268 942 290 q
969 269 990 284 ο.

147 308 179 335 (a.
198 308 218 330 3.
237 314 258 336 (1.
280 308 315 335 1.).

208 355 244 376 55.
263 355 342 376 Utrum
356 358 475 382 peceatum
488 356 553 382 prius
564 356 616 377 insit
636 356 657 377 in
669 355 794 377 substantia
813 356 902 377 animae
919 361 989 384 quani

144 404 262 431 potentiis:
281 403 302 424 in
320 403 490 425 Bonaventura.
510 403 531 425 d.
551 403 586 424 31.
601 402 633 425 (a.
650 403 677 429 1.)
691 409 712 431 q.
727 403 746 429 2,
760 403 782 424 111
796 403 897 430 Tlioma,
916 402 937 424 d.
952 403 988 424 31.

144 449 180 479 (q.
200 451 219 471 -2,
238 456 257 472 a.
278 450 315 477 Ἰ1.).

207 497 243 519 56.
262 497 341 519 Utrum
360 497 446 525 gradus
464 497 595 519 nobilitatis.
619 497 658 525 qui
676 500 709 519 est
727 497 747 518 in
771 496 893 519 animabus
911 497 989 525 [omit-

143 545 180 566 tit:
198 545 237 572 qui
255 549 289 566 est
306 545 327 566 in
346 543 479 572 animabus]
498 544 526 566 sit
543 550 553 565 a
572 543 719 571 corporibus
738 544 759 565 in
777 544 937 566 Bonaventura
950 550 988 566 su-

142 596 184 618 per
202 590 297 612 litteram
315 590 336 612 d.
355 590 391 612 32.
412 590 478 617 (dub.
498 590 542 617 6.),
560 591 581 611 111
602 590 701 617 Thomu,
720 589 742 612 d.
761 590 797 612 32.
818 590 851 618 ((1.
871 590 891 612 2.
910 596 929 612 a.
948 591 987 618 3.>.

206 636 241 658 57.
261 636 341 658 Utrum
358 637 494 658 conscientia
507 642 602 658 erronea
621 635 717 664 obliget,
736 636 757 658 d.
777 636 812 658 39.
832 636 865 662 (a.
883 637 899 658 l.
913 643 934 664 (1.
948 636 987 664 3.).

205 684 242 706 58.
260 685 340 706 Utrum
358 684 443 706 malum
461 684 551 706 dicatur
574 684 608 706 de.
620 684 680 705 malo
702 684 783 711 culpae
801 688 822 707 et
840 690 940 712 poenae,
964 684 986 706 d.

144 732 179 754 37.
199 733 233 760 (S.
253 732 343 757 Tuom„
361 731 383 754 d.
401 730 437 753 35.
455 737 475 753 a.
495 731 502 752 l
514 749 519 759 ,
537 731 559 752 S.
579 731 662 753 Bonav.
680 731 702 753 d.
721 731 757 753 36.
776 732 873 759 passim:
896 731 937 753 sed
959 731 988 753 de

142 780 185 802 1100
203 785 246 801 11011
265 782 298 800 051
315 778 457 806 dissensus).

204 825 241 848 59.
260 826 339 847 Utrum
357 828 421 847 actus
443 825 567 847 voluntatis
583 824 747 847 deliberativae
771 825 799 846 sit
816 824 935 847 distinctus
958 824 987 846 ab

141 876 192 896 actu
210 873 333 895 voluntatis
349 872 469 899 naturalis,
488 871 509 894 d.
529 871 564 894 41.
587 871 619 898 (a.
643 872 659 893 l.
678 878 699 900 q.
723 872 739 893 1.
757 875 779 893 01
796 871 818 893 d.
837 871 874 893 24.
892 878 914 899 p.
934 871 947 893 1.
966 878 986 893 a.

140 921 161 943 2.
179 927 201 949 (1.
219 920 258 949 3.).

203 968 240 990 60.
258 968 339 990 Utrum
356 968 378 989 in
396 966 508 995 operibus
530 966 660 989 deliberatis
677 967 705 988 sit
727 966 801 995 aliqua
819 967 877 988 actio
900 966 988 988 indisse-

140 1021 203 1043 rens;
219 1016 241 1037 in
258 1015 429 1042 Bonaventura,
448 1014 470 1036 d.
489 1013 525 1036 4¹.
545 1013 578 1036 (a.
600 1014 617 1036 1.
636 1020 657 1042 q.
676 1013 697 1036 3.
706 1014 720 1041 1,
743 1014 765 1036 111
784 1013 883 1041 Thema,
908 1013 929 1036 d.
949 1013 985 1036 40.

140 1063 173 1091 (a.
192 1063 222 1089 5.)
242 1062 358 1091 [omittit].

202 1111 238 1132 61.
258 1110 336 1132 Utrum
354 1110 462 1137 suffragia
481 1109 537 1131 sacta
556 1115 597 1137 pro
624 1108 735 1130 defunctis
757 1109 845 1136 prosint
861 1108 905 1135 eis;
925 1108 986 1129 Τ110-

139 1158 227 1180 masin
251 1160 395 1186 quaestione,
419 1162 464 1185 qua
488 1156 616 1184 quaeritur,
640 1157 716 1177 utrum
734 1155 814 1177 eadem
833 1155 891 1177 actio
914 1156 986 1183 possit

139 1211 189 1227 esse
207 1204 265 1226 bona
284 1208 306 1227 et
321 1204 390 1231 mala,
409 1203 431 1225 d.
446 1202 481 1225 40.
500 1210 522 1231 q.
536 1202 556 1230 4,
574 1203 596 1224 in
612 1202 712 1231 quodam
731 1204 868 1230 argumento
886 1201 929 1228 (ad
941 1201 983 1229 5.);

138 1250 310 1277 Bonax'entura,
329 1250 350 1272 d.
370 1249 405 1272 45.
424 1250 457 1276 (a.
476 1250 496 1271 2.
516 1255 537 1277 q.
560 1249 576 1270 l.
595 1249 616 1270 2.
635 1248 665 1276 3.)
684 1249 757 1277 quarti
776 1247 834 1270 libri.

202 1297 237 1318 62.
256 1297 336 1319 Utrum
355 1296 436 1324 aliquis
454 1296 475 1317 in
498 1296 573 1323 primo
591 1296 680 1318 instanti
698 1295 770 1322 possit
786 1301 893 1323 peceare,
906 1294 928 1317 d.
948 1294 983 1317 43.

139 1344 184 1373 (de
202 1345 244 1366 nac
261 1344 394 1372 quaestione
412 1343 434 1364 S.
452 1343 536 1364 Bonav.
555 1342 642 1370 aliquid
665 1341 733 1363 habet
749 1341 771 1363 d.
795 1341 816 1363 3.
834 1348 857 1369 p.
880 1341 902 1362 11.
924 1348 944 1363 a.
967 1342 983 1362 l.

136 1398 158 1420 q.
177 1392 201 1418 2;
219 1391 259 1413 sed
278 1391 376 1418 scriptor
392 1396 480 1412 errasse
499 1389 590 1411 videtur
608 1391 630 1410 et
647 1389 723 1416 potius
735 1388 836 1410 voluisse
853 1387 983 1415 significare

137 1438 309 1467 quaestionem:
331 1440 408 1459 utrum
431 1436 513 1464 aliquis
534 1436 605 1463 possit
626 1441 723 1462 peccare
740 1435 762 1456 in
784 1433 901 1463 Spiritum
918 1433 943 1456 S.
962 1434 983 1455 iu

135 1484 213 1514 primo
230 1485 286 1507 actu.
302 1482 401 1513 peccati,
422 1482 450 1505 de
468 1488 514 1511 quo
527 1482 627 1510 loquitur
645 1481 666 1503 S.
687 1481 777 1509 Tuom,
790 1481 812 1503 d.
832 1480 868 1502 43.
887 1487 906 1502 a.
926 1480 946 1507 5,
962 1483 983 1502 et

137 1532 158 1554 S.
172 1532 265 1559 Bonan,
281 1530 310 1553 ibi
329 1537 348 1552 a.
371 1531 388 1552 1.
407 1536 428 1558 q.
442 1530 463 1551 2.
481 1529 506 1551 Et
518 1535 598 1551 revera
616 1528 645 1551 de
662 1529 705 1550 hac
720 1529 853 1556 quaestione
870 1527 940 1550 iidem
953 1528 984 1549 di-

135 1585 205 1602 verso
222 1579 292 1601 modo
308 1579 451 1607 loquuntur).

199 1626 229 1647 Ex
246 1627 289 1647 hoe
307 1625 422 1652 indiculo,
440 1624 491 1646 licet
512 1624 656 1652 aliquatenus
681 1623 831 1650 imperfecto,
858 1623 902 1644 iam
929 1623 983 1644 satis

136 1675 246 1701 apparet,
265 1671 395 1700 praedictos
412 1671 445 1692 Ss.
465 1670 573 1692 Doctores
591 1671 648 1692 inter
665 1676 689 1692 se
707 1669 818 1692 dissidere
837 1670 858 1691 in
877 1669 983 1697 pluribus

135 1723 157 1743 et
174 1721 267 1742 maioris
285 1719 394 1742 momenti
413 1717 586 1746 quaestionibus
604 1717 626 1739 ll.
644 1717 694 1739 libri
713 1718 893 1744 sententiarum,
912 1723 982 1745 quam

135 1768 266 1790 invenimus
285 1768 306 1789 in
324 1766 498 1795 quaestionibus
523 1766 537 1788 l.
563 1765 621 1787 libri.
639 1765 727 1786 Nemini
753 1767 830 1786 autem
857 1764 981 1792 prudenti,

135 1821 208 1843 aequa
227 1815 289 1836 lance
308 1820 356 1836 rem
374 1814 492 1842 pensanti,
510 1813 584 1835 videri
602 1812 671 1834 debet
688 1812 792 1834 mirabile
810 1815 831 1834 et
858 1811 981 1839 odiosum,

134 1861 198 1890 (111011
216 1862 262 1883 duo
280 1861 400 1887 Doctores,
419 1861 547 1887 sanctitate,
566 1860 670 1887 ingenio,
694 1859 797 1881 doctriua
823 1861 981 1886 praestantes,

133 1912 155 1931 et
170 1908 252 1931 eadem
271 1908 315 1930 fide
332 1912 354 1930 et
371 1908 467 1935 spiritu,
487 1914 527 1929 nee
547 1913 590 1928 non
604 1907 702 1928 amicitia
724 1906 900 1934 eorundemque
923 1906 981 1933 prin-

134 1956 247 1984 cipiorum
267 1955 409 1983 professione
426 1955 504 1976 intime
521 1954 648 1980 coniuncti,
668 1959 711 1975 non
730 1953 791 1975 idem
811 1953 838 1975 de
856 1953 937 1974 eadem
956 1959 980 1974 re

134 2008 226 2030 semper
244 2002 353 2028 doceantg
374 2001 446 2023 multo
464 2001 541 2023 miuus
559 2001 613 2022 haec
631 2006 668 2022 res
685 2000 751 2021 alicui
775 1999 885 2027 praebeat
909 2000 980 2021 olien-

132 2050 219 2072 sionetu
230 2067 235 2076 ,
254 2053 277 2071 ιιι
294 2048 330 2070 vel
348 2048 444 2070 alterum
463 2049 603 2070 contentiose
620 2048 685 2076 quasi
704 2048 725 2069 iu
744 2048 792 2069 acie
804 2047 897 2069 obiiciat
908 2048 979 2075 alteri,

131 2096 166 2118 vel
185 2096 320 2118 charismata
341 2095 378 2117 Dei
397 2095 459 2117 alteri
478 2095 557 2117 collata
577 2095 703 2122 despicatui
726 2094 814 2122 babeat,
837 2098 860 2117 ut
882 2095 978 2117 alterum

132 2149 174 2171 pro
192 2143 263 2171 gloria
284 2143 383 2165 numana
402 2142 494 2170 exaltet3
507 2142 536 2164 de
554 2148 600 2171 quo
618 2143 720 2170 graviter
732 2143 881 2171 conqueritur
900 2146 979 2164 auctor

131 2191 193 2212 aurei
211 2190 316 2218 opusculi
335 2189 363 2211 sle
380 2188 513 2211 Imitatione
531 2188 619 2211 Christi
635 2189 684 2217 (111.
703 2195 722 2211 0.
740 2189 776 2211 58.
789 2192 804 2216 ).

193 2236 237 2258 Sed
256 2240 280 2258 ut
297 2237 372 2265 aliqua
391 2236 496 2258 dieamus
513 2236 542 2258 de
560 2237 608 2258 istis
625 2236 773 2264 differentiis,
790 2235 869 2266 primo
882 2242 978 2264 perpen-

130 2283 232 2306 dendum
251 2287 299 2311 est,
319 2284 429 2306 maiorem
448 2284 530 2306 harum
552 2284 732 2306 differentiarum
759 2288 847 2311 partem
874 2287 978 2312 spectare

130 2331 165 2353 vel
184 2331 212 2353 ad
231 2333 350 2353 tractatum
369 2330 397 2353 de
415 2331 522 2358 Angelis,
541 2331 562 2352 in
582 2331 662 2358 primis
679 2330 708 2352 ad
728 2332 879 2358 proprietates
896 2338 977 2353 eorum

130 2378 258 2405 naturales,
271 2377 307 2399 vel
320 2377 348 2399 ad
362 2378 509 2406 quaestiones
526 2378 633 2404 physicas
646 2381 668 2399 et
682 2378 853 2405 philosophicas
866 2378 894 2400 de
907 2378 977 2401 rebus

131 2424 287 2451 naturalibus,
305 2429 327 2446 et
344 2424 439 2452 quidem
457 2425 511 2446 satis
528 2424 640 2446 obscuras
665 2428 687 2446 01
712 2424 811 2451 dubias,
838 2424 866 2447 de
892 2425 977 2453 quibus

129 2472 196 2493 etiam
215 2472 272 2493 inter
290 2471 369 2493 doctos
388 2472 456 2493 liuius
481 2472 560 2493 aetatis
577 2471 640 2493 viros
657 2470 727 2492 libere
746 2472 931 2493 controvertitur.
951 2471 977 2493 Ut

128 2518 234 2545 exemplo
253 2521 359 2545 utamur,
378 2517 479 2539 doctrina
499 2518 542 2544 illa,
561 2524 620 2546 quae
647 2521 720 2545 tenet,
748 2518 811 2546 quod
838 2519 931 2540 materia
955 2522 977 2541 et

130 2564 202 2586 forma
221 2565 265 2587 siut
282 2564 328 2586 duo
347 2565 457 2592 principia
477 2570 554 2585 rerum
572 2565 675 2586 omnium
702 2570 867 2592 corporearum
894 2566 977 2587 cunsti-

129 2612 216 2637 tutiva,
235 2612 365 2633 eommunis
382 2614 415 2633 est
432 2610 541 2632 omnibus
558 2611 716 2639 Sr>nolastici53
735 2611 776 2633 sed
794 2612 815 2633 in
834 2614 976 2635 accuratiore

128 2659 277 2686 explicatione
295 2661 317 2680 et
333 2658 485 2685 applicatione
505 2658 572 2679 liuius
590 2658 695 2685 principii
714 2659 849 2686 seraphicus
867 2664 886 2681 et
906 2666 976 2687 ange-

129 2704 185 2726 licus
202 2703 285 2726 Ductor
302 2705 386 2732 aliique
410 2705 430 2725 in
458 2704 563 2731 pluribus
589 2710 633 2726 11011
659 2706 813 2733 conveniunt,
840 2707 974 2732 praesertim

129 2751 206 2779 quoad
224 2751 382 2773 omnimodam
401 2752 509 2773 unitatem
533 2751 619 2773 formae.
645 2751 800 2774 substantialis
824 2753 845 2774 in
872 2754 975 2776 cliimicis

129 2799 277 2821 mixtionibus
294 2799 349 2823 (cfr.
367 2800 452 2821 scholia
471 2799 499 2821 ad
517 2798 540 2821 cl.
558 2799 578 2821 3.
597 2805 619 2826 11.
640 2799 653 2820 l.
671 2805 690 2821 a.
713 2799 730 2821 1.
749 2806 770 2828 (1.
793 2800 816 2825 1,
834 2799 855 2822 d.
875 2800 906 2822 13.
920 2807 939 2822 a.
953 2802 973 2823 2.

128 2853 150 2875 (1.
169 2847 212 2874 2.).
231 2859 261 2862 -
279 2847 300 2868 111
319 2847 354 2869 1115
370 2850 392 2869 et
409 2846 523 2869 similibus
541 2850 616 2868 autern
635 2847 824 2879 quaestionibus,
851 2848 880 2869 ad
904 2848 973 2870 iidem

127 2900 172 2916 11011
190 2894 353 2922 spectantibus,
373 2894 394 2916 S.
414 2894 572 2916 Eonaventura
591 2900 657 2916 suam
675 2895 808 2916 sententiam
835 2895 973 2923 plerumque

126 2940 216 2962 disertis
233 2940 318 2967 verbis,
331 2940 367 2962 1·οΙ
380 2940 460 2962 saltem
478 2941 593 2968 implicite,
612 2942 698 2962 tantum
717 2944 740 2962 111
758 2940 913 2969 probabilem,
937 2942 972 2964 vel

127 2990 152 3009 ut
163 2987 205 3010 sibi
224 2987 403 3016 probabiliorem
417 2989 538 3015 proponit,
553 2988 580 3009 ita
599 2990 623 3010 ut
636 2993 679 3009 11011
694 2990 738 3009 tam
758 2987 785 3009 de
803 2988 851 3016 ipsa
865 2994 889 3010 re
902 2995 971 3017 quam

253 3038 277 3061 S.
294 3039 382 3062 Bonae.
401 3051 432 3055 —
450 3039 516 3061 Tom.
536 3039 558 3061 ll.

1049 262 1077 284 de
1096 263 1182 284 maiore
1199 263 1235 285 vel
1254 264 1342 286 minore.
1360 264 1433 292 gradu
1453 264 1618 292 probabilitatis
1630 267 1657 288 sit
1670 267 1789 289 dissidium
1809 268 1894 294 opinio-

1050 315 1112 331 num.
1132 310 1178 331 Hoc
1195 317 1288 338 semper
1305 311 1484 339 supponendum
1503 315 1551 339 est,
1570 313 1663 341 quando
1687 313 1796 341 praedicti
1815 314 1894 336 Docto-

1048 362 1099 384 res,
1118 356 1238 385 loquentes
1256 357 1283 379 de
1301 357 1371 380 rebus
1389 359 1505 386 physicis,
1524 361 1697 387 astronomicis,
1716 360 1818 387 medicis,
1832 367 1891 389 quae

1048 404 1082 425 via
1102 405 1273 431 experimentali
1292 409 1431 432 noscuntur,
1450 412 1475 427 ex
1494 406 1565 427 aliena
1584 407 1676 428 scientia
1694 406 1834 434 depromunt
1847 410 1894 436 opi-

1048 451 1141 478 niones,
1160 457 1219 479 quae
1238 458 1249 472 a
1268 453 1347 479 peritis
1365 453 1386 474 in
1404 456 1451 474 arte
1469 456 1522 474 tunc
1540 456 1645 480 receptae
1662 456 1733 476 erant,
1751 454 1806 476 Nam
1827 463 1837 474 α
1849 461 1892 477 1110-

1046 497 1104 519 dicis
1121 498 1142 519 in
1162 499 1196 519 1115
1214 504 1273 526 quae
1292 499 1369 521 dicunt
1387 501 1445 521 eirca
1464 506 1529 522 suam
1547 501 1676 528 scientiam,
1696 500 1838 523 credendum
1850 504 1890 530 est,

1046 548 1067 567 et
1084 545 1226 567 naturalibus
1244 546 1346 568 similiter
1364 547 1385 567 in
1399 547 1433 568 1115
1445 553 1505 575 quae
1518 547 1596 569 dicunt
1608 548 1666 569 ciri-a
1680 554 1746 570 suam
1762 549 1892 577 seientiam,

1046 592 1187 614 credendum
1214 595 1268 615 est»
1290 592 1361 621 (intra
1380 593 1402 615 d.
1422 594 1457 616 30.
1476 600 1496 616 a.
1516 594 1536 616 3.
1555 601 1576 623 q.
1600 595 1616 616 1.
1642 595 1745 617 fundam.
1768 596 1806 624 l.).
1832 596 1892 618 Haec

1045 639 1124 666 regula
1139 645 1180 666 pro
1193 645 1240 661 usu
1251 638 1313 662 vitae
1325 643 1358 661 est
1376 640 1506 662 firmissima
1520 643 1588 669 atque
1602 648 1642 669 pro
1655 643 1717 663 omni
1730 645 1802 664 aetate
1815 649 1893 670 perne-

1045 687 1158 711 cessaria;
1177 687 1198 708 in
1217 688 1304 709 ratione
1321 690 1398 709 autem
1416 687 1549 716 doctrinae,
1570 689 1734 712 fluctuantibus
1752 691 1859 712 continuo
1871 694 1893 713 et

1045 733 1210 756 alternantibus
1228 734 1309 755 harum
1328 733 1501 761 disciplinarum
1520 735 1597 757 multis
1615 736 1791 765 assertionibus,
1809 738 1891 760 eadem

1045 781 1123 809 regula
1142 782 1276 809 saepissime
1295 781 1371 803 fefellit
1387 785 1408 803 et
1426 782 1479 803 t'allit
1497 785 1518 803 et
1536 782 1592 805 ultra
1612 783 1677 805 fallet.
1700 784 1747 806 Non
1769 787 1803 807 est
1823 786 1892 813 igitur

1045 834 1146 857 aequum
1159 828 1300 856 exprobrare
1312 828 1537 858 Scliolastieis,'quod
1547 831 1666 857 Aristoteli,
1678 831 1814 857 ptolomaeo,
1824 834 1894 855 Aver-

1045 876 1085 902 roi,
1104 875 1233 897 Avicennae
1251 875 1346 903 aliisque
1359 876 1380 896 111
1394 876 1428 897 liis
1446 876 1514 898 tidem
1533 879 1705 905 praestaverint,
1718 880 1739 900 et
1756 884 1800 900 non
1818 885 1892 906 pauca

1044 922 1177 944 admiserint
1196 922 1254 944 dicta
1280 922 1309 945 de
1335 923 1415 951 caelis,
1436 923 1463 945 de
1482 926 1545 946 motu
1563 924 1680 951 siderum,
1699 925 1727 947 de
1745 927 1892 953 generatione

1044 969 1171 997 aequivoca
1189 970 1286 998 aliisque
1303 970 1380 992 multis
1398 970 1600 993 observationibus
1612 972 1728 1000 physicis,
1742 979 1801 1001 quae
1813 976 1888 996 nostra

1044 1020 1131 1045 aetate,
1150 1018 1305 1045 multiplicatis
1331 1017 1413 1040 mediis
1434 1018 1602 1041 observationis
1625 1022 1647 1041 et
1672 1020 1768 1048 studiis,
1794 1021 1889 1048 probata

1043 1068 1095 1087 sunt
1113 1064 1149 1086 vel
1169 1068 1192 1086 ut
1211 1065 1280 1093 salsa,
1299 1065 1335 1086 vel
1354 1067 1377 1087 ut
1395 1066 1495 1093 incerta,
1514 1066 1549 1087 vel
1569 1069 1593 1088 ut
1611 1067 1769 1089 insufficientia
1792 1068 1849 1093 (cfr.
1868 1068 1889 1090 d.

1043 1111 1063 1132 2.
1081 1117 1104 1138 p.
1123 1111 1145 1132 ll.
1164 1117 1184 1133 a.
1207 1111 1223 1132 l.
1243 1117 1265 1140 q.
1287 1111 1304 1133 1.
1324 1111 1349 1138 2,
1368 1111 1389 1133 d.
1413 1111 1445 1132 14.
1464 1117 1486 1139 p.
1506 1112 1519 1133 1.
1539 1112 1562 1139 ll,
1581 1113 1689 1140 passim).
1710 1113 1781 1135 11111110
1799 1113 1890 1136 laudan-

1043 1157 1099 1179 dum
1117 1160 1151 1179 est
1168 1158 1244 1185 potius
1262 1157 1363 1180 studium
1382 1164 1482 1187 aequum
1500 1161 1521 1180 et
1539 1159 1666 1187 impigrum
1685 1162 1707 1181 et
1723 1159 1752 1182 ab
1770 1161 1831 1182 omni
1850 1161 1891 1183 ob-

1043 1205 1174 1226 trectatione
1193 1204 1303 1232 liberum,
1322 1211 1368 1233 quo
1386 1205 1415 1226 illi
1434 1206 1477 1227 viri
1495 1206 1516 1227 in
1536 1205 1644 1227 doctrinis
1662 1206 1804 1229 naturalibus
1821 1208 1890 1235 genti-

1042 1251 1096 1273 lium
1107 1253 1172 1280 quasi
1182 1252 1285 1273 scholam
1298 1252 1400 1274 discendi
1413 1258 1480 1274 causa
1495 1252 1683 1281 frequentabant,
1697 1260 1771 1283 neque
1785 1255 1889 1282 ipsorum

1042 1298 1159 1324 Arabum,
1177 1299 1308 1326 capitalium
1327 1299 1362 1320 illa
1380 1302 1452 1321 aetate
1470 1300 1584 1321 christiani
1604 1301 1702 1322 nominis
1724 1301 1887 1330 inimicorum,

1041 1345 1158 1367 scientiam
1178 1346 1199 1367 in
1218 1351 1274 1367 usus
1292 1352 1347 1368 suos
1364 1350 1499 1368 convertere
1517 1347 1715 1374 aspernabantur,
1733 1354 1761 1370 eo
1779 1349 1888 1371 altissimo

1042 1392 1100 1419 fine,
1120 1395 1144 1414 ut
1161 1392 1274 1421 quidquid
1288 1392 1429 1422 ubicumque
1448 1395 1577 1416 inveniatur
1594 1401 1648 1416 vere
1667 1395 1764 1423 dictum,
1783 1396 1804 1417 in
1821 1402 1888 1419 usum

1041 1442 1201 1462 converterent
1218 1442 1240 1462 et
1256 1440 1391 1462 famulatum
1411 1441 1525 1463 revelatae
1542 1442 1643 1464 vei-itatis
1655 1446 1677 1464 01
1689 1443 1812 1466 Salvatoris
1825 1443 1889 1466 Chri-

1041 1485 1076 1507 sti.
1095 1485 1151 1507 Hinc
1168 1487 1190 1508 S.
1209 1486 1302 1515 Bonan,
1321 1487 1417 1515 loquens
1436 1487 1463 1509 (10
1482 1494 1579 1516 corpore
1598 1489 1699 1511 humano
1718 1489 1753 1515 (d.
1776 1490 1811 1512 17.
1828 1497 1848 1512 a.
1866 1492 1887 1514 2.

1041 1539 1062 1561 q.
1080 1532 1121 1559 1-3,
1140 1532 1162 1554 d.
1180 1532 1217 1554 30.
1235 1539 1254 1555 a.
1274 1533 1294 1555 3.
1313 1539 1334 1562 (1.
1357 1534 1374 1555 1.
1393 1534 1431 1561 2.),
1450 1540 1494 1556 11011
1513 1540 1586 1561 pauca
1604 1541 1631 1557 ex
1650 1535 1712 1557 libris
1730 1536 1825 1558 medicis
1839 1537 1888 1558 Avi-

1040 1585 1125 1601 cenuae
1143 1580 1165 1601 in
1183 1586 1252 1602 suum
1271 1586 1339 1602 usum
1357 1582 1477 1603 convertit.

1103 1626 1211 1649 Secundo
1221 1646 1227 1654 ,
1248 1628 1373 1655 repetimus
1386 1630 1407 1649 et
1419 1627 1595 1656 confirmamus,
1613 1629 1680 1651 etiam
1700 1629 1777 1658 quoad
1790 1631 1851 1653 nune
1865 1631 1887 1653 11.

1040 1673 1124 1696 librum
1142 1674 1311 1696 Sententiarum
1323 1692 1328 1702 ,
1347 1674 1369 1696 id
1387 1675 1450 1703 quod
1477 1675 1576 1699 diximus
1594 1677 1615 1698 in
1635 1676 1806 1705 prolegomenis
1824 1678 1853 1700 ad
1872 1679 1886 1701 1.

1040 1721 1101 1743 Sent.
1119 1727 1138 1742 e.
1157 1721 1171 1742 1.
1189 1721 1202 1749 23,
1220 1720 1240 1742 5.
1260 1721 1328 1749 (pag.
1346 1721 1437 1749 LXlll),
1456 1722 1541 1744 scilicet
1564 1723 1626 1752 quod
1653 1724 1774 1747 nonnullae
1800 1728 1888 1748 seuten-

1040 1768 1082 1789 tiae
1100 1768 1122 1789 in
1141 1768 1175 1789 bis
1192 1767 1367 1790 Commentariis
1385 1769 1530 1791 inveniantur
1548 1776 1609 1791 nune
1629 1769 1759 1799 obsoletae,
1783 1772 1824 1794 sed
1842 1778 1886 1794 non

1038 1814 1134 1844 proprie
1150 1814 1294 1844 sinyalares,
1314 1821 1367 1837 cum
1385 1816 1406 1837 S.
1426 1816 1607 1844 Bonaventurae,
1621 1821 1645 1838 ut
1657 1818 1705 1844 ipse
1719 1818 1778 1846 dicit,
1792 1820 1886 1842 omnino

1039 1863 1184 1890 propositum
1202 1866 1276 1891 esset,
1295 1868 1339 1884 non
1358 1863 1448 1885 tradere
1466 1864 1508 1885 11151
1527 1863 1654 1886 doctrinam
1673 1867 1837 1895 cummuniter,
1850 1868 1885 1890 vel

1038 1910 1117 1931 saltem
1135 1917 1146 1931 a
1166 1909 1314 1937 gravioribus
1332 1911 1448 1937 magistris
1465 1911 1625 1938 approbatam.
1651 1913 1699 1939 lpse
1725 1919 1776 1935 raro
1794 1915 1887 1937 comra-

1038 1955 1093 1979 dicit
1103 1957 1209 1984 Magistro
1227 1957 1394 1979 Sententiarum
1413 1957 1480 1981 (11(111
1502 1957 1557 1980 intra
1581 1959 1774 1981 praelocutionem
1793 1966 1845 1988 pag.
1865 1962 1885 1989 2,

1038 2007 1059 2025 et
1075 2003 1097 2025 d.
1117 2003 1152 2025 44.
1171 2003 1227 2026 dub.
1247 2004 1290 2031 3.),
1310 2004 1358 2025 licet
1378 2005 1463 2032 pluries
1481 2005 1577 2027 aliorum
1602 2007 1736 2028 sententiam
1762 2008 1884 2036 praeferat,

1038 2052 1112 2072 rarius
1132 2051 1207 2073 adhue
1223 2051 1319 2073 discedit
1335 2058 1346 2072 a
1365 2058 1407 2073 suo
1424 2056 1572 2080 praeceptore
1590 2053 1717 2076 Alexandro
1735 2055 1790 2081 Hah,
1809 2058 1884 2078 tamen

1038 2098 1157 2125 complura
1178 2098 1281 2120 eiusdem
1304 2098 1361 2120 dicta
1382 2099 1511 2121 art-aratins
1529 2099 1643 2121 interdum
1662 2100 1746 2123 definit.
1767 2102 1885 2131 Quidquid

1037 2145 1106 2172 igitur
1127 2145 1240 2172 nonnulli,
1261 2146 1328 2167 etiam
1349 2146 1445 2173 egregii,
1466 2150 1571 2168 auctores
1588 2146 1617 2168 de
1635 2148 1750 2176 aliquibus
1776 2149 1844 2171 liuius
1862 2150 1883 2172 11.

1037 2191 1087 2213 libri
1108 2192 1224 2214 sententiis
1242 2191 1354 2220 dixerint,
1378 2192 1441 2221 quod
1459 2194 1544 2215 scilicet
1561 2194 1604 2215 sint
1621 2193 1756 2223 sinqulares
1774 2195 1796 2217 S.
1816 2195 1884 2217 Bona-

1036 2242 1147 2261 venturae
1165 2239 1300 2267 opiniones;
1318 2241 1460 2268 exploratum
1480 2240 1593 2263 babemus
1610 2244 1631 2262 et
1649 2242 1669 2263 in
1689 2242 1771 2264 nostris
1792 2243 1884 2265 scholiis

1035 2285 1127 2307 abunde
1152 2285 1317 2313 probavimus,
1338 2290 1425 2308 notatas
1450 2294 1461 2308 a
1482 2287 1603 2314 praedit-tis
1621 2288 1741 2315 opiniones
1759 2289 1853 2310 minime
1871 2295 1881 2310 a

1035 2331 1056 2353 S.
1076 2331 1160 2353 Bonav.
1180 2333 1249 2353 fuisse
1266 2333 1382 2359 inventas,
1400 2332 1440 2354 sed
1459 2339 1469 2355 a
1481 2333 1680 2360 >praet-edentibus
1698 2334 1775 2356 multis
1792 2337 1814 2356 01
1827 2334 1882 2356 cele·

1035 2378 1141 2400 berrinu's
1164 2380 1279 2407 magistris
1298 2382 1403 2407 acceptas
1428 2383 1450 2401 et
1467 2380 1495 2401 ab
1513 2381 1561 2402 aliis
1579 2380 1683 2402 eiusdem
1702 2382 1780 2403 aetatis
1797 2388 1883 2410 appro-

1035 2426 1105 2448 batas.
1125 2426 1171 2448 Hoc
1194 2430 1282 2448 tantum
1308 2427 1482 2449 concedendum
1506 2428 1671 2454 051,ου11110111
1698 2429 1813 2451 interdum
1840 2436 1882 2457 pro

1034 2480 1076 2495 suo
1094 2474 1186 2501 ingenio
1203 2477 1225 2495 et
1250 2479 1314 2495 more
1332 2473 1431 2495 mediam
1459 2475 1521 2496 viam
1538 2475 1596 2496 inter
1622 2475 1679 2497 duas
1703 2477 1842 2504 contrarias,
1869 2484 1880 2499 a

1034 2520 1146 2548 gravibus
1163 2520 1296 2543 auctoribus
1307 2521 1392 2548 positas
1410 2522 1531 2543 sententias
1545 2523 1670 2550 aperuisse,
1689 2523 1818 2551 ostendens,
1837 2524 1881 2547 sub

1034 2573 1080 2595 quo
1098 2569 1202 2594 respectu
1217 2570 1314 2595 utraque
1325 2573 1407 2589 verum
1422 2567 1481 2590 dicat
1493 2567 1543 2594 (cfr.
1558 2568 1684 2596 Prolegom.
1703 2570 1738 2591 cit.
1758 2576 1777 2592 c.
1797 2571 1809 2592 Ι.
1827 2570 1841 2599 <3
1860 2571 1880 2599 4,

1033 2619 1085 2640 pag.
1105 2613 1159 2634 an
1178 2613 1220 2635 col.
1240 2613 1280 2641 11.),

1098 2659 1190 2683 Tertio.
1209 2661 1230 2682 in
1248 2660 1436 2689 quaestionibus,
1456 2668 1515 2690 quae
1533 2668 1577 2684 non
1596 2662 1778 2686 determinantur
1791 2664 1835 2685 tide
1849 2671 1880 2686 re-

1032 2707 1104 2729 velata
1124 2708 1172 2728 sire
1196 2708 1328 2735 magisterio
1354 2709 1480 2736 Ecclesiae,
1508 2715 1549 2731 nec
1574 2716 1647 2738 prope
1674 2711 1843 2733 concluduntur
1868 2719 1878 2734 a

1032 2755 1113 2782 primis
1131 2755 1249 2782 principiis
1266 2755 1427 2783 evidentibus,
1445 2756 1497 2784 quis
1516 2757 1601 2783 nescit,
1625 2757 1692 2778 etiam
1719 2757 1880 2781 illuminatissi-

1032 2807 1082 2823 mos
1100 2801 1133 2823 Ss.
1149 2801 1225 2823 Patres
1238 2808 1282 2823 non
1295 2808 1347 2824 raro
1360 2802 1479 2826 dissentire
1489 2821 1494 2829 ,
1512 2808 1581 2832 atque
1599 2804 1620 2825 in
1634 2804 1704 2827 rebus
1717 2805 1839 2832 profundis
1856 2808 1878 2828 et

1031 2847 1136 2870 obscuris
1153 2848 1251 2871 diversis
1268 2849 1365 2877 ingeniis
1377 2849 1468 2872 diversa
1482 2850 1555 2872 videri
1574 2850 1720 2878 probabilia?
1733 2852 1800 2874 Solus
1818 2853 1878 2875 Deus

1031 2898 1064 2917 est
1080 2894 1168 2918 veritas
1184 2901 1227 2924 per
1243 2895 1388 2924 essentiam,-
1405 2897 1445 2918 soli
1465 2897 1576 2919 Ecclesiae
1594 2904 1646 2919 cum
1670 2904 1712 2920 suo
1730 2897 1810 2926 Capite
1836 2906 1878 2927 per

1030 2942 1154 2970 specialem
1168 2943 1266 2969 Spiritus
1280 2943 1302 2964 S.
1315 2943 1466 2966 assistentiam
1480 2945 1588 2971 competit
1600 2945 1620 2966 in
1634 2944 1770 2967 definiendis
1783 2945 1877 2973 dogma-

1030 2989 1091 3011 tibus
1107 2988 1248 3012 inerrantia.
1266 2989 1298 3012 De
1315 2990 1363 3011 aliis
1381 2990 1490 3012 omnibus
1514 2990 1721 3020 pereyrinantibus
1742 2998 1756 3014 a
1776 2991 1875 3014 Domino
