2243 3425
0 809 55 836 olutio
68 814 101 833 op-

0 835 93 852 ositorum.

677 207 758 235 DlST.
782 206 871 235 XXIV.
893 206 918 234 Ρ.
942 206 959 234 1.
981 206 1054 234 ART.
1078 205 1106 233 ll.
1128 205 1266 242 QUAEST.
1289 205 1306 233 1.

112 291 191 317 actus
224 287 406 324 principales,
438 290 468 315 ut
490 286 611 315 securim
644 286 679 314 ad
702 285 903 319 scindendum,
935 288 962 314 et

113 334 274 363 martellum
296 333 331 362 ad
353 333 565 367 fabricandum,
589 337 683 370 posset
713 337 804 361 tamen
825 331 962 360 nihilomi-

112 390 166 410 nus
188 382 247 418 ipsa
273 381 365 410 securi
394 381 434 409 uti
456 388 491 408 ex
514 388 571 408 una
592 383 671 417 parte
699 379 734 408 ad
757 379 961 413 scindendum,

113 431 209 465 utpote
231 436 267 457 ex
298 430 378 464 parte
410 427 494 462 aciei,
515 430 542 455 et
563 434 598 455 ex
631 426 685 455 alia
707 430 785 462 parte
816 425 852 454 ad
873 425 960 454 alium

113 480 207 504 actum
223 475 262 504 illi
284 482 445 504 consonum.
461 474 542 502 quta
558 473 610 502 hoc
624 472 768 502 materiale
783 472 962 509 exemplum,

114 522 189 560 quod
211 530 264 550 non
288 525 330 550 est
350 529 400 558 per
432 521 525 549 omnia
547 519 652 553 simile,
675 519 790 556 intelligi
823 521 913 555 potest
935 519 962 547 in

113 569 243 606 potentiis
264 567 466 606 spiritualibus.

193 612 391 644 Concedendae
413 618 478 643 sunt
493 614 578 651 igitur
599 614 721 642 rationes
736 616 763 642 et
784 612 963 641 auctoritates

113 663 306 696 ostendentes,
329 661 465 690 rationem
494 664 521 689 et
549 660 721 689 voluntatem
743 659 870 688 diversas
903 665 963 687 esse

112 710 259 747 potentias.

195 758 218 784 l.
241 756 280 785 Ad
296 755 366 784 illud
385 763 451 793 ergo
466 755 541 792 quod
562 754 654 792 primo
669 754 799 783 obiicitur
821 753 856 782 de
874 754 964 790 Augu-

113 804 198 837 stino,
219 803 294 840 quod
310 805 375 831 sunt
389 810 445 831 una
460 802 579 831 essentia
593 805 621 831 et
634 809 691 830 una
706 801 775 834 vita;
797 800 965 837 responden·
978 794 981 797 ’

114 850 183 879 dum
205 854 258 885 est,
274 849 349 887 quod
371 849 433 878 ideo
455 849 588 878 dicuntur
609 856 670 878 esse
691 856 748 877 una
769 847 889 877 essentia
903 854 965 884 pro-

114 901 176 934 pter
198 897 263 931 hoc,
285 897 360 934 quod
384 897 410 925 in
432 904 488 925 una
509 896 628 925 essentia
656 895 820 924 radicantur
841 897 868 923 et
893 894 964 923 adeo

114 944 268 973 adhaerent
293 944 332 972 illi
359 944 539 977 intrinsecus,
570 946 677 972 utnon
700 942 799 971 cedant
830 942 857 969 in
886 940 964 970 aliud

112 999 221 1029 qenes,-
242 994 269 1020 et
291 990 353 1019 ideo
374 990 409 1019 ad
431 990 506 1019 illius
527 989 737 1027 expressionem
754 989 844 1017 utitur
865 987 964 1017 beatus

114 1037 286 1075 Augustinus
309 1037 353 1066 tali
381 1037 596 1074 praedieatione.
620 1037 649 1065 Et
677 1036 753 1073 quod
776 1036 827 1064 ista
853 1043 906 1063 non
930 1035 964 1064 sit

114 1085 252 1122 expositio
273 1084 308 1113 ab
330 1084 473 1113 intellectu
494 1087 521 1112 et
536 1092 620 1113 sensu
642 1083 717 1112 illius
734 1083 811 1112 verbi
835 1083 964 1116 distorta,

115 1131 255 1168 colligitur
267 1131 319 1160 hoc
331 1139 365 1160 ex
380 1131 447 1168 ipsis
459 1131 552 1160 verbis
567 1131 638 1160 beati
651 1130 796 1167 Augustini
812 1130 840 1158 in
856 1129 964 1158 decimo

114 1179 211 1216 quinto
234 1179 268 1207 de
290 1179 455 1210 Trinitate¹,
478 1178 526 1206 uhi
548 1178 628 1212 dicit,
650 1178 724 1214 quod
748 1177 805 1214 ipse
828 1177 902 1205 Deus
924 1180 965 1205 est

116 1229 172 1254 tres
195 1233 343 1263 personae,
366 1226 414 1254 sed
431 1226 457 1254 10
480 1228 610 1254 creatura
628 1224 735 1253 habens
750 1227 807 1252 tres
829 1223 965 1260 potentias

115 1281 169 1301 non
192 1277 234 1302 est
256 1274 331 1310 ipsae
364 1273 519 1310 potentiae3
541 1276 568 1301 et
600 1272 668 1300 haec
693 1275 735 1300 est
766 1270 965 1300 dissimilitudo

115 1321 254 1358 quaedam
287 1320 418 1348 trinitatis
449 1323 558 1349 creatae
590 1322 617 1348 et
645 1319 787 1347 Trinitatis
819 1319 965 1347 increatae.

117 1368 184 1396 Cum
203 1368 287 1404 igitur
311 1367 412 1395 ibidem
429 1367 561 1403 explanet
582 1366 668 1394 verba
684 1366 763 1402 prius
784 1365 886 1402 posita,
902 1372 968 1402 qua-

117 1415 179 1443 liter
201 1418 266 1443 sunt
282 1413 476 1450 intelligend33
492 1421 526 1441 ex
544 1413 603 1450 ipso
625 1412 711 1441 verbo
727 1412 798 1440 beati
822 1412 966 1448 Augustini

117 1461 270 1498 colligitur,
300 1461 373 1498 quod
398 1468 460 1489 cum
495 1460 581 1493 dixit,
604 1459 782 1490 memoriam,
815 1459 967 1495 intelligen-

115 1509 181 1537 tiam
205 1512 232 1537 et
253 1508 425 1536 voluntatem
446 1515 531 1535 unam
551 1514 612 1535 esse
634 1507 796 1540 essentiam,
819 1514 872 1534 non
895 1506 967 1534 dixit

116 1563 167 1592 per
189 1554 377 1583 omnimodam
401 1554 587 1587 identitatem,
617 1553 665 1582 sed
687 1561 737 1590 per
765 1553 906 1590 quandam
930 1553 967 1581 in-

118 1602 265 1630 trinsecam
293 1601 511 1630 adhaerentiam.
542 1601 572 1629 Et
594 1600 668 1629 1111110
697 1600 811 1628 modum
836 1599 967 1637 loquendi

118 1649 290 1678 credendum
313 1652 354 1677 est
374 1648 506 1677 hahuisse
527 1652 670 1677 auctorem
688 1647 750 1676 libri
774 1648 809 1676 de
830 1648 927 1675 Anima
942 1650 968 1676 et

118 1697 234 1733 spiritu,
250 1696 308 1725 sive
329 1695 413 1724 suerit
428 1695 614 1732 Augustinus,
637 1695 695 1723 sive
717 1694 804 1728 alius,
826 1695 967 1731 quoniam,

118 1743 140 1771 si
162 1743 242 1772 aliter
266 1742 486 1779 intelligeretur,
509 1741 590 1770 valde
619 1741 841 1779 improbabiliter
863 1741 969 1770 videre-

118 1794 164 1819 tur
186 1790 271 1819 fuisse
294 1789 412 1818 locutus.
434 1789 605 1826 Sequeretur
626 1788 700 1817 enim
719 1796 755 1817 ex
779 1789 872 1817 verbis
894 1790 968 1823 suis,

118 1838 192 1875 quod
215 1845 302 1866 unum
326 1840 353 1865 et
374 1836 446 1865 idem
470 1840 542 1864 esset
564 1835 634 1864 ratio
656 1835 771 1864 interior
793 1839 819 1864 et
844 1836 968 1864 exterior

119 1892 230 1917 sensusg
264 1884 337 1921 quod
359 1883 430 1912 adeo
461 1887 557 1911 contra
578 1883 712 1911 rationem
746 1887 799 1913 est.
833 1887 863 1911 01
884 1883 966 1911 etiam

117 1931 237 1968 refugiat
258 1930 317 1967 ipse
337 1929 460 1958 auditus.

197 1980 224 2006 Ξ).
246 1978 284 2006 Ad
316 1976 387 2006 illud
418 1976 491 2013 quod
525 1976 671 2009 obiicitur,
702 1976 777 2013 quod
811 1976 968 2005 intellectus

119 2025 309 2062 speculativus
323 2024 486 2053 extensione
501 2023 532 2051 fit
546 2023 698 2059 practicusg
717 2023 877 2057 dicendum,
893 2024 968 2060 quod

121 2071 318 2108 Philosophus,
340 2071 412 2099 sicut
427 2071 453 2098 in
470 2070 591 2107 capitulo
607 2070 647 2098 De
662 2074 789 2098 movente
811 2073 901 2106 patet,
918 2075 969 2100 ter-

120 2119 156 2147 tio
179 2119 213 2147 de
228 2118 324 2147 Anima
335 2118 353 2148 ²,
369 2117 553 2146 differentiam
576 2118 698 2154 assignat
714 2117 785 2146 10101
801 2118 968 2154 practicam

120 2166 293 2194 intellectum
313 2168 340 2194 et
362 2165 539 2202 appetitum,
562 2172 612 2193 nec
634 2172 758 2202 unquam
789 2164 871 2197 dicit,
895 2165 970 2194 intel—

120 2212 222 2241 lectum
245 2211 304 2240 fieri
327 2212 495 2248 appetitum,
524 2211 571 2240 sed
595 2211 665 2239 bene
694 2211 773 2245 dicit,
797 2211 968 2240 intellectum

119 2258 332 2296 speculativum
354 2258 414 2287 fieri
432 2258 612 2295 practicam,
634 2258 698 2295 quia
730 2258 774 2287 ille
797 2258 870 2287 idem
894 2259 970 2287 iutel-

121 2306 209 2335 lectus
230 2310 258 2334 et
279 2305 325 2334 illa
346 2305 444 2334 eadem
467 2305 604 2342 potentia,
636 2312 707 2342 quae
740 2305 833 2342 dirigit
861 2306 886 2333 10
910 2314 971 2334 con-

121 2352 286 2384 siderando,
308 2352 487 2389 postmodum
510 2351 620 2388 regulat
642 2352 667 2379 in
691 2352 840 2388 operando.
870 2352 971 2380 Volun-

107 2404 167 2428 *tas
189 2403 282 2428 autem
305 2407 359 2427 non
382 2403 423 2428 est
445 2399 601 2427 intellectus
622 2399 776 2435 practicus,
799 2399 846 2427 sed
863 2403 904 2428 est
926 2407 970 2436 ap-

121 2447 225 2485 petitus
247 2446 469 2479 ratiocinativusg
492 2449 519 2474 et
540 2445 602 2474 ideo
622 2453 674 2473 000
697 2446 825 2482 sequitur
847 2454 882 2473 ex
906 2446 970 2479 hoc,

121 2494 197 2531 quod
219 2493 278 2522 sola
306 2493 468 2521 extensione
490 2493 560 2520 ratio
581 2491 629 2520 fiat
658 2492 802 2524 voluntas,
826 2492 868 2520 vel
895 2493 970 2529 quod

122 2540 278 2569 intellectus
301 2539 348 2568 fiat
372 2539 495 2568 affectus.

187 2665 192 2678 ¹
212 2664 265 2691 Cap.
284 2664 305 2685 7,
326 2670 346 2685 u.
371 2664 402 2684 11.
421 2675 450 2678 -
463 2663 531 2684 Paulo
549 2663 656 2690 superius
674 2668 715 2689 11111
734 2662 762 2684 Et
781 2661 844 2691 quud
861 2661 906 2684 ism
923 2667 969 2683 11011

123 2704 152 2726 sit
169 2702 282 2729 eaeposz'tio
302 2703 350 2724 Vat.
378 2707 431 2724 cum
457 2701 508 2723 edd.
528 2702 556 2729 3,
576 2701 587 2723 4
607 2706 745 2729 perperam:
766 2700 834 2728 Quod
853 2706 907 2723 uem
925 2700 970 2723 istu.

124 2742 153 2765 sit
171 2741 291 2770 αυῬο-ςῑΐῑο.
310 2740 365 2762 Dein
388 2745 440 2769 post
457 2740 577 2770 colliqilur
598 2739 650 2762 edd.
671 2740 691 2767 3,
710 2739 722 2761 4
746 2743 767 2762 et
790 2740 838 2761 Vat.
865 2740 971 2761 «amittunt

123 2780 173 2803 hoc.
192 2780 312 2807 Aliquanto
330 2780 424 2801 iuferius
441 2785 482 2806 pro
500 2778 590 2801 01111100
602 2779 634 2801 est
653 2778 730 2805 plures
743 2777 818 2802 codd..
837 2778 895 2799 inter
912 2784 971 2805 quos

124 2819 143 2840 V
154 2819 172 2839 Y
183 2825 207 2840 aa
219 2817 257 2845 bb,
275 2818 297 2839 et
313 2817 337 2839 ίη
355 2816 398 2840 1100
414 2819 454 2840 est.

187 2857 196 2870 ’ἔ
213 2857 276 2878 Text.
296 2856 331 2878 40.
350 2862 414 2884 501111.
433 2855 467 2883 (c.
486 2857 529 2883 a).
550 2855 607 2878 Vide
630 2862 700 2883 supra
728 2861 780 2883 pag.
799 2855 859 2882 558,
880 2857 929 2876 uota
950 2855 970 2876 2.

188 2895 196 2909 ³
214 2896 319 2922 Ariston,
339 2895 362 2916 ll.
390 2894 417 2916 de
435 2895 531 2921 Anima,
549 2897 599 2917 text.
619 2894 655 2916 33.
676 2894 709 2920 (r.
730 2893 765 2920 1,)
790 2893 870 2920 docet,
895 2896 971 2921 poten-

124 2937 166 2958 tias
184 2935 310 2963 specificari
329 2940 370 2961 per
387 2935 456 2957 actus
473 2938 495 2956 et
511 2934 563 2956 dein
582 2940 623 2961 per
641 2933 728 2957 01)ῐο010
739 2942 746 2959 ,’
765 2936 785 2955 et
810 2933 904 2961 quidem
930 2939 971 2960 per

127 2975 229 3002 obiecta,
249 2975 270 2995 iu
289 2977 401 3002 quantum
419 2974 533 3000 potentiae
550 2972 706 2995 mediantibus
728 2972 816 2995 actibus
835 2972 864 2994 ad
883 2972 971 2994 obieeta

127 3015 217 3036 diversa
236 3013 363 3036 secundum
382 3012 499 3035 rationem
517 3013 529 3033 i.
548 3018 567 3034 e.
590 3011 719 3034 secundum
745 3017 826 3033 eorum
851 3011 971 3033 [0101010111

252 3063 274 3087 S.
294 3064 381 3086 Bonan.
399 3075 430 3079 -—
447 3063 513 3085 Tom.
534 3063 556 3084 ll.

1812 205 1863 233 561

1099 283 1124 313 3.
1147 283 1185 312 Ad
1202 283 1271 312 illud
1286 283 1361 320 quod
1377 282 1521 317 obiicitur,
1536 282 1611 319 quod
1633 282 1772 319 potentiae
1794 282 1870 311 diffe-

1020 334 1087 360 runt
1108 338 1157 367 per
1179 330 1302 364 obiecta;
1333 329 1501 364 dicendum,
1522 329 1597 367 quod
1619 329 1809 358 immediatius
1831 330 1869 358 di-

1019 378 1201 415 stinguuntur
1223 377 1361 414 potentiae
1383 384 1433 413 per
1448 380 1533 405 decus
1554 384 1638 413 quam
1655 384 1705 413 per
1726 376 1867 405 obiectat

1020 425 1057 454 Ad
1080 424 1265 454 differentiam
1287 427 1381 453 autem
1404 424 1591 461 potentiarum
1614 423 1790 453 essentialem
1816 423 1870 453 suf-

1020 471 1076 500 ficit
1102 471 1250 500 diversitas
1276 471 1450 500 obiectorum
1472 471 1628 500 secundum
1656 471 1820 504 111110110οκ
1843 474 1870 500 01

1020 518 1098 552 ideo,
1120 518 1249 555 quamvis
1279 525 1378 546 verum
1407 521 1434 546 et
1455 518 1559 546 honum
1588 526 1644 547 non
1669 518 1799 547 differant
1830 526 1869 548 es-

1020 565 1188 599 sentialiter,
1217 564 1399 593 nihilominus
1429 568 1538 600 tamen,
1566 566 1632 602 quia
1657 574 1827 603 0090030010
1842 570 1869 595 01

1020 620 1125 641 amare
1145 612 1252 649 absque
1281 612 1367 640 dubio
1388 615 1454 640 sunt
1474 615 1553 641 actus
1583 612 1755 647 differentes,
1777 616 1870 650 poten-

1020 659 1090 693 tiae,
1112 667 1184 696 quae
1206 663 1272 687 sunt
1292 658 1328 687 ad
1352 659 1402 687 hos
1423 662 1515 693 actus,
1537 667 1587 696 per
1609 667 1638 688 se
1660 661 1734 697 ipsas
1756 660 1871 689 diversi-

1020 708 1104 734 tatem
1128 705 1239 734 habent.

1099 753 1125 780 4.
1148 751 1187 780 Ad
1208 751 1280 780 illud
1312 752 1386 789 quod
1409 752 1539 781 obiicitur
1571 753 1605 781 de
1628 754 1759 790 vestigio,
1781 754 1871 783 dicen-

1021 800 1103 834 dum,
1126 799 1201 836 quod
1224 799 1271 828 illa
1297 799 1367 828 ratio
1398 800 1491 836 potius
1513 802 1555 828 est
1575 800 1611 828 ad
1643 800 1816 837 oppositum,
1847 801 1870 830 si

1021 847 1084 883 quis
1106 850 1181 875 recte
1196 846 1345 883 intelligat,
1360 854 1445 883 quam
1460 846 1496 875 ad
1512 847 1696 883 propositum.
1712 848 1782 883 Quia
1796 848 1870 876 enim

1022 894 1110 930 magis
1132 896 1324 930 repraesentat
1345 893 1404 930 ipsa
1426 893 1525 931 t'mctyo
1547 893 1624 922 illam
1652 901 1793 923 summam
1815 895 1872 923 Tri-

1021 941 1136 970 nitatem
1158 948 1242 978 quam
1264 940 1435 978 vestigium,
1457 941 1564 969 000110
1587 940 1634 969 illa
1653 948 1764 969 summa
1786 941 1872 970 Trini-

1022 991 1077 1016 tate
1098 988 1132 1017 sit
1155 995 1221 1016 vera
1243 987 1383 1016 distinctio
1405 988 1432 1016 in
1462 987 1659 1025 hypostasibus
1680 991 1707 1016 et
1729 989 1870 1025 personis;

1022 1035 1043 1064 si
1059 1035 1151 1063 anima
1167 1038 1209 1063 est
1223 1042 1359 1072 expressa
1381 1034 1429 1063 Dei
1445 1035 1552 1072 imago,
1574 1035 1657 1064 debet
1672 1035 1700 1064 in
1716 1043 1744 1064 se
1767 1036 1871 1065 habere

1022 1082 1187 1116 trinitatem,
1209 1082 1236 1110 in
1259 1090 1315 1116 qua
1336 1082 1370 1110 sit
1392 1089 1459 1110 vera
1488 1082 1642 1116 distinctim
1671 1082 1793 1120 alioquin
1816 1092 1869 1113 non

1022 1129 1075 1158 erit
1096 1137 1232 1166 expressa
1247 1128 1410 1158 similitudo.
1433 1129 1481 1158 llla
1500 1132 1593 1158 autem
1616 1129 1784 1165 differentia,
1800 1139 1872 1168 quae

1022 1180 1064 1205 est
1086 1177 1112 1204 in
1135 1180 1265 1205 creatura
1287 1184 1357 1213 pure
1378 1176 1540 1205 secwzdum
1562 1175 1761 1205 habitudinem
1784 1181 1811 1206 et
1832 1185 1872 1207 re-

1024 1224 1166 1256 lationem,
1184 1231 1239 1252 000
1255 1223 1321 1252 dicit
1336 1223 1540 1252 distinctionem
1557 1225 1607 1253 nisi
1625 1224 1716 1253 solum
1735 1228 1872 1261 quantum

1023 1270 1205 1298 admodum.
1228 1270 1291 1299 ldeo
1312 1271 1362 1299 etsi
1385 1270 1447 1299 talis
1470 1271 1609 1300 distinctio
1634 1271 1754 1301 sufficiat
1780 1272 1805 1300 10
1832 1280 1874 1301 ra-

1024 1319 1096 1346 tione
1118 1317 1248 1355 vestigii,
1271 1318 1390 1355 amplior
1412 1318 1495 1347 debet
1519 1326 1580 1347 esse
1602 1319 1628 1347 in
1650 1319 1755 1347 ratione
1771 1319 1874 1357 imagi-

1026 1365 1088 1398 nis;
1104 1369 1130 1394 01
1152 1365 1213 1393 ideo
1238 1364 1283 1393 illa
1306 1365 1376 1393 ratio
1398 1373 1451 1393 non
1473 1365 1621 1394 concludit.

1105 1412 1194 1440 Potest
1215 1412 1297 1440 etiam
1319 1412 1400 1440 aliter
1422 1411 1489 1445 dici,
1505 1413 1579 1449 quod
1602 1413 1673 1441 ratio
1696 1413 1809 1450 oestz'yz't'
1829 1421 1872 1442 su-

1024 1460 1110 1488 mitur
1125 1466 1160 1487 ex
1177 1459 1384 1496 comparatione
1400 1462 1545 1487 creaturae
1561 1459 1596 1487 ad
1612 1459 1784 1494 Creatorem,
1799 1469 1871 1498 quae

1024 1505 1177 1534 attenditur
1193 1505 1348 1533 secundum
1369 1505 1531 1534 relationem
1551 1504 1666 1542 effectus
1680 1507 1714 1535 ad
1731 1515 1845 1536 causam
1857 1507 1873 1535 ⁴.

1027 1553 1056 1581 Et
1078 1552 1143 1589 quia
1167 1552 1213 1580 illa
1234 1553 1418 1589 comparatio,
1440 1552 1544 1581 scilicet
1565 1561 1637 1590 quae
1665 1557 1713 1582 est·
1727 1557 1873 1583 creaturae

1025 1599 1059 1627 ad
1081 1599 1240 1628 Creatorem
1263 1598 1419 1627 secundum
1452 1599 1555 1636 triplex
1578 1607 1666 1636 genus
1695 1608 1810 1635 causae,
1833 1604 1875 1629 est

1025 1646 1184 1675 omnimode
1207 1646 1258 1683 ipsi
1288 1649 1434 1674 creaturae
1455 1646 1636 1680 essentitatis,-
1665 1647 1727 1675 ideo
1750 1655 1802 1675 non
1825 1647 1873 1676 dif-

1025 1694 1119 1722 ferunt
1141 1693 1166 1721 in
1191 1693 1250 1729 ipsa
1271 1696 1401 1721 creatura
1425 1693 1526 1722 veritas
1547 1696 1574 1721 et
1597 1693 1704 1722 bonitas
1726 1694 1875 1722 essentiali-

1026 1744 1075 1769 ter.
1092 1757 1129 1760 —
1145 1740 1197 1769 Sed
1221 1740 1290 1768 ratio
1323 1740 1464 1777 z‘magyzffm‘s
1495 1740 1649 1769 attenditur
1672 1741 1697 1769 iu
1724 1745 1875 1775 creatura,

1026 1787 1181 1816 secundum
1205 1787 1279 1824 quod
1306 1787 1365 1823 ipsa
1397 1791 1577 1824 comparatur
1602 1787 1637 1816 ad
1670 1787 1759 1816 Deum
1786 1788 1812 1816 in
1835 1795 1877 1816 ra-

1027 1835 1099 1863 tione
1121 1834 1228 1862 obiecti.
1257 1845 1269 1858 «
1291 1834 1326 1862 Eo
1347 1834 1419 1862 enim
1444 1834 1534 1871 imago
1556 1834 1603 1862 Dei
1627 1838 1684 1868 est,
1706 1843 1761 1871 quo
1787 1843 1876 1872 capax

1025 1882 1086 1910 eius
1114 1885 1141 1910 et
1172 1881 1311 1918 particeps
1333 1888 1393 1910 esse
1415 1882 1525 1917 11010515
1539 1892 1565 1908 ».
1582 1882 1612 1910 Et
1633 1882 1699 1918 quia
1721 1882 1875 1911 secundum

1026 1928 1138 1957 easdem
1172 1928 1308 1965 potentias
1340 1928 1424 1957 habet
1451 1929 1545 1956 anima
1578 1928 1644 1957 ferri
1672 1929 1696 1957 iu
1730 1929 1818 1957 Deum
1850 1933 1877 1958 01

1026 1976 1109 2004 etiam
1125 1976 1152 2003 in
1175 1983 1219 2003 res
1241 1975 1309 2003 alias
1324 1975 1547 2011 cognoscenda53
1571 1975 1632 2004 ideo
1651 1983 1705 2004 non
1727 1979 1792 2004 51101
1807 1976 1877 2005 adeo

1026 2022 1187 2051 essentiales
1208 2022 1258 2059 ipsi
1275 2022 1384 2051 animae
1405 2023 1483 2051 ratio
1499 2026 1525 2051 et
1539 2022 1692 2057 voluutas,
1709 2024 1780 2052 sicut
1791 2032 1877 2060 prae-

1027 2070 1106 2098 (110111
1114 2081 1124 2103 ;
1146 2074 1172 2098 et
1202 2070 1263 2098 ideo
1292 2078 1345 2098 nou
1368 2073 1492 2106 oportet,
1522 2070 1595 2107 quod
1626 2073 1701 2099 tanta
1727 2070 1878 2099 511001110-

1026 2118 1129 2145 nientia
1152 2117 1222 2145 iuter
1254 2116 1465 2153 intelligentiam
1498 2120 1524 2145 et
1551 2117 1742 2152 voluntatem,
1773 2121 1877 2155 quanta

1026 2168 1067 2193 est
1091 2164 1161 2192 10101
1183 2164 1328 2192 veritatem
1351 2163 1562 2192 substantialem
1585 2167 1612 2192 et
1634 2164 1793 2192 bonitatem.

1107 2212 1132 2239 5
1155 2210 1193 2239 Ad
1217 2210 1284 2239 illud
1307 2210 1381 2247 quod
1404 2210 1550 2244 obiicitur,
1572 2210 1644 2247 quod
1663 2211 1697 2239 ad
1720 2211 1877 2240 delectatio-

1027 2266 1089 2287 nem
1113 2258 1255 2287 concurrit
1276 2265 1389 2291 sensus,
1412 2257 1575 2287 dicendum.
1598 2258 1671 2294 quod
1696 2266 1793 2286 verum
1817 2262 1874 2289 est,

1027 2305 1075 2334 sed
1098 2313 1151 2333 non
1174 2308 1290 2340 oportet,
1306 2304 1380 2341 quod
1402 2304 1446 2333 ille
1468 2311 1567 2332 sensus
1589 2304 1624 2332 sit
1640 2305 1727 2341 ipsius
1750 2305 1874 2333 volunta-

1030 2352 1078 2385 tis,
1100 2359 1171 2389 quae
1193 2351 1364 2383 delectatur,
1393 2350 1441 2379 sed
1464 2350 1582 2384 sufficit,
1604 2351 1679 2388 quod
1706 2352 1740 2379 sit
1763 2352 1876 2380 rationis

1027 2399 1196 2427 associantis.
1219 2398 1294 2426 Sicut
1322 2398 1395 2426 enim
1418 2397 1517 2426 oculus
1540 2398 1615 2426 videt
1630 2398 1681 2427 sibi
1703 2402 1729 2427 et
1748 2399 1827 2435 pedi,
1850 2403 1877 2428 et

1030 2449 1119 2473 tamen
1142 2449 1183 2473 est
1204 2444 1281 2473 aliud
1303 2452 1439 2481 organum
1469 2452 1553 2481 quam
1576 2453 1624 2481 pes
1637 2456 1643 2479 3
1666 2446 1704 2474 sic
1731 2447 1801 2474 ratio
1825 2446 1874 2475 sibi

1028 2492 1104 2520 videt
1131 2495 1158 2519 et
1182 2490 1327 2525 voluntati,
1349 2493 1376 2519 01
1395 2490 1524 2519 voluntas
1546 2491 1596 2519 sibi
1622 2492 1727 2529 appetit
1749 2496 1775 2521 et
1798 2493 1877 2521 ratio-

1030 2539 1055 2566 ni
1070 2538 1088 2565 5.
1112 2538 1142 2565 Et
1163 2538 1237 2574 quod
1264 2537 1333 2565 illud
1357 2538 1391 2566 sit
1413 2545 1528 2571 verum,
1558 2541 1633 2574 patet
1655 2546 1704 2575 per
1731 2539 1877 2568 auctorita-

1029 2662 1147 2688 rationem,
1163 2660 1304 2682 ordinantur.
1317 2672 1347 2676 -—
1360 2660 1428 2682 Paulo
1442 2661 1548 2687 superius
1562 2664 1612 2687 post
1625 2660 1688 2689 quud
1698 2660 1813 2689 perennare
1826 2661 1876 2683 cod.

1028 2706 1053 2721 cr
1070 2703 1091 2721 et
1109 2699 1145 2721 ed.
1169 2700 1173 2720 l
1196 2699 1340 2726 subiungant
1358 2699 1461 2722 ammae.

1091 2737 1099 2751 ⁴
1118 2738 1179 2759 Sicut
1208 2737 1292 2759 dictum
1320 2740 1352 2759 051
1379 2737 1392 2758 l.
1419 2737 1479 2759 Seni.
1504 2737 1525 2759 d.
1545 2738 1565 2759 3.
1584 2744 1606 2765 p.
1626 2738 1640 2759 l.
1659 2744 1680 2765 q.
1699 2738 1719 2759 -2.
1738 2738 1758 2759 in
1778 2737 1828 2759 fine.
1848 2750 1877 2752 —

1028 2778 1149 2806 Aliquanto
1167 2777 1275 2803 superius
1293 2779 1344 2803 post
1361 2775 1464 2804 amplior
1487 2775 1539 2797 odd.
1554 2776 1579 2803 3,
1598 2775 1610 2797 4
1629 2782 1681 2798 cum
1702 2776 1750 2798 Vat.
1769 2776 1878 2798 adiiciunt

1028 2818 1114 2839 tumen.

1090 2855 1100 2869 5
1117 2855 1229 2882 August,
1249 2854 1307 2876 XIV.
1326 2854 1355 2875 de
1373 2853 1434 2875 Trin.
1453 2859 1472 2876 c.
1492 2854 1512 2875 S.
1533 2860 1552 2875 n.
1573 2854 1608 2875 11.

1092 2894 1101 2908 s’
1117 2893 1162 2916 Ct‘r.
1181 2895 1292 2921 August,
1311 2892 1361 2914 XV.
1380 2892 1409 2915 de
1427 2893 1489 2915 Trin.
1510 2899 1528 2914 c.
1548 2893 1584 2914 22.
1604 2899 1624 2915 n.
1644 2892 1688 2921 42,
1706 2899 1732 2915 ex
1758 2899 1804 2922 quo
1830 2894 1874 2915 iam

1028 2934 1103 2961 aliqua
1121 2932 1239 2954 attulimus
1261 2936 1315 2954 tom.
1335 2932 1349 2954 l.
1368 2938 1420 2959 pag.
1441 2931 1469 2953 37
1481 2950 1486 2959 ,
1505 2935 1556 2954 uota
1576 2931 1595 2953 4..
1614 2944 1645 2948 —
1662 2932 1782 2960 Aliquanto
1809 2938 1877 2959 supe-

1029 2973 1076 2994 rius
1092 2971 1165 2993 verbo
1183 2970 1324 2993 associant&
1343 2971 1390 2993 Vat.
1410 2977 1463 2993 cum
1481 2977 1526 2993 uno
1545 2971 1662 3000 alteroque
1685 2971 1734 2993 cod.
1753 2971 1815 2993 addit
1833 2976 1874 2993 seu

1029 3010 1166 3034 assnciatae.

1720 3061 1744 3082 71

1885 1422 1927 1440 Alia
1940 1421 2017 1440 solutio.
