2243 3425
234 364 348 387 Interpreta-

231 388 256 406 tio
268 387 286 405 2.

225 539 348 562 Augustinus.

231 2360 356 2383 Augustinus.

359 201 415 229 71⁶2

359 278 436 312 quasi
462 278 486 303 in
514 283 610 303 massa.
636 276 695 310 Ipse
721 275 791 302 enim
816 282 865 308 per
891 276 1033 308 peccatum
1064 275 1209 307 corruptus

359 328 427 355 quos
446 319 549 354 genuit,
570 326 662 345 omnes
682 318 735 344 nati
760 320 822 344 sunt
840 316 891 343 sub
912 318 1038 350 peccato;
1059 322 1092 342 ex
1113 322 1144 342 eo
1165 315 1209 348 igi-

360 362 422 390 tur¹
443 363 532 389 cuncti
553 361 691 388 constituti
710 363 773 387 sunt
790 362 948 394 peccatores
961 370 985 385 ».
1009 359 1047 385 Ita
1067 361 1093 385 et
1118 358 1143 384 in
1164 358 1208 384 illo

360 413 413 433 uno
431 409 551 440 peccato,
575 403 647 439 quod
672 403 781 430 intravit
802 403 827 429 in
852 401 995 431 mundum,
1015 404 1090 428 recte
1117 408 1210 427 omnes

359 449 486 475 dicuntur
505 454 645 482 peccasse;
660 447 735 481 quia,
756 447 824 473 sicut
845 446 878 473 ab
899 445 943 472 illo
958 453 1011 472 uno
1030 445 1151 477 bomine,
1171 445 1210 471 sic

359 492 393 519 ab
414 491 507 518 eodem
522 498 574 516 uno
594 493 706 524 peccato
722 490 854 516 immunes
873 495 932 515 esse
949 496 1001 515 non
1021 490 1145 522 possunt,
1159 487 1208 513 nisi

359 534 392 561 ab
414 535 471 561 eius
485 537 561 560 reatu
576 541 624 568 per
637 532 734 559 Christi
748 532 913 567 baptismum
928 531 1111 558 absolvantur.
1130 541 1141 553 «
1153 530 1211 557 Alia

360 585 423 611 ergo
444 580 506 604 sunt
529 577 640 611 propria
660 579 784 611 peccata,
809 575 834 602 iu
853 575 953 610 quibus
974 578 1077 602 tantum
1097 577 1212 609 peccant

360 628 475 656 quorum
497 623 609 655 peccata
628 622 704 651 sunt;
724 619 796 646 aliud
818 619 869 645 boc
889 625 984 650 unum,
1006 618 1100 652 inquo
1120 624 1212 644 omnes

360 667 555 700 peccaverunt,
576 663 602 689 id
623 666 674 696 est,
695 670 728 689 ex
747 670 800 697 quo
821 669 914 689 omnes
938 664 1096 696 peccatores
1117 660 1214 687 consti-

360 707 408 734 tuti
429 710 491 734 sunt
505 717 515 729 ν»
534 705 552 732 ².

725 748 786 775 CAP.
806 748 849 774 Xl.

459 839 505 864 An
523 836 558 863 stt
574 840 713 872 peccatam
733 835 882 870 ortyytnttte,
903 834 933 861 tn
952 842 1004 870 quo
1024 842 1115 861 omnes

691 882 876 915 peccaverunt.

434 967 490 994 Hoc
513 970 552 994 est
578 966 708 1000 originale
735 969 894 1001 peccatum,
921 972 974 999 quo
994 967 1153 999 peccatores
1173 971 1216 990 na-

362 1013 473 1038 scuntur
487 1018 579 1037 omnes
593 1009 876 1043 concupiscentialiter
890 1008 980 1043 geniti,
995 1007 1067 1042 quod
1082 1015 1115 1034 ex
1129 1007 1215 1034 Adam

362 1054 418 1081 sive
439 1061 473 1081 ex
493 1053 550 1080 eius
578 1053 759 1079 inobedientia
785 1052 919 1078 emanavit
939 1054 965 1078 et
986 1051 1010 1077 in
1031 1054 1154 1085 posteros
1173 1050 1216 1077 de-

362 1098 494 1131 migravit.
515 1097 591 1124 Unde
611 1096 755 1131 Apostolus
767 1095 776 1108 ³
794 1098 990 1129 consequenter
1002 1102 1051 1129 per
1064 1093 1217 1121 inobedien-

363 1140 429 1168 tiam
449 1140 532 1167 ttm‘zts
554 1138 673 1166 ltowtcm's
692 1139 792 1166 wutltos
812 1138 878 1165 dicit
895 1137 1050 1164 constitutos
1064 1145 1117 1164 esse
1130 1145 1217 1171 pecca-

363 1188 446 1215 tores,
467 1190 536 1218 quae
557 1187 596 1210 est
615 1182 721 1210 actuale
741 1185 892 1217 peccatum.
913 1181 978 1208 Cum
999 1184 1088 1208 autem
1109 1180 1216 1211 dixerit,

361 1236 410 1263 per
430 1235 519 1255 totum
538 1226 676 1254 hommem
694 1229 831 1261 peccatum
852 1225 967 1252 intrasse
987 1224 1017 1251 t'n
1029 1223 1177 1255 mundum,
1192 1227 1217 1250 et

362 1271 393 1298 in
413 1280 441 1298 eo
462 1279 553 1298 omnes
576 1278 713 1306 peccasse,
738 1269 811 1304 quod
838 1269 871 1296 de
897 1268 1021 1302 originali
1048 1268 1151 1295 dictum
1178 1270 1218 1294 est

363 1317 488 1350 oportere
508 1313 604 1348 accipi.

718 1400 779 1427 CAP.
800 1400 854 1426 XII.

388 1489 432 1516 Ex
452 1497 504 1524 quo
523 1496 603 1515 sensu
623 1486 724 1514 ctt'ctttm
744 1491 791 1517 est,
808 1495 860 1521 per
880 1485 1090 1513 z'nobccttentt'ctm
1111 1484 1194 1512 ttttt'tts

578 1530 677 1558 multos
697 1529 826 1557 constitui
842 1533 998 1565 peccatores.

436 1617 512 1650 Quod
539 1624 602 1651 ergo
629 1617 682 1643 ait:
709 1617 761 1643 Per
788 1615 998 1642 tri-obcdt'entt'tmt
1026 1615 1109 1642 ettalus
1137 1615 1221 1642 multi

365 1659 504 1688 constituti
522 1664 585 1687 sunt
602 1663 766 1695 peccatores,
787 1667 818 1685 eo
837 1666 917 1685 sensu
944 1658 1046 1685 dictum
1067 1666 1125 1686 esse
1146 1659 1220 1685 intel-

366 1704 502 1738 ligendum
523 1707 577 1736 est,
597 1703 661 1737 quia
681 1710 713 1729 ex
741 1702 923 1729 inobedientia
952 1702 1038 1734 Adae,
1061 1701 1165 1728 scilicet
1185 1709 1218 1729 cx

365 1751 478 1783 peccato
489 1746 592 1774 actuali
604 1746 686 1779 Adae,
700 1746 833 1781 processit
847 1745 982 1781 ortqt'7zale
996 1748 1148 1779 pec-catum,
1162 1740 1216 1779 (Ῑιιο

366 1799 459 1818 omnes
484 1794 642 1826 peccatores
668 1793 828 1823 nascuntur,
853 1793 881 1817 ut
901 1792 926 1815 et
946 1789 972 1815 in
992 1789 1038 1815 illo
1058 1791 1128 1815 esset
1147 1792 1173 1815 et
1193 1789 1218 1815 in

366 1842 458 1862 omnes
479 1835 611 1861 transiret.

716 1919 778 1947 Cer.
798 1919 862 1946 Xlll.

484 2007 560 2041 Quod
578 2010 715 2043 peccatum
735 2005 870 2042 wz'yz'nate
889 2005 919 2032 2⁴72
939 2005 1030 2032 Actum
1049 2005 1103 2040 s'ztz't

674 2054 697 2076 ct
717 2049 747 2076 z'n
767 2048 843 2079 nobis
863 2053 907 2076 est.

437 2139 513 2166 Unde
533 2137 718 2171 Augustinus?
737 2136 839 2163 Iuliano
860 2136 1011 2167 haeretico,
1037 2135 1139 2163 nullum
1160 2143 1220 2170 pec-

367 2186 456 2210 catum
476 2183 503 2209 in
522 2181 643 2217 parvulis
657 2188 715 2207 esse
729 2179 913 2212 contendenti,
933 2179 1112 2214 respondens,
1126 2182 1219 2214 aperte

366 2226 476 2259 asserit,
496 2228 638 2260 peccatum
659 2223 789 2257 originale
809 2230 842 2250 ex
863 2222 1000 2249 voluntate
1020 2222 1094 2249 Adae
1113 2230 1220 2257 proees-

366 2270 433 2296 sisse
453 2276 485 2296 ac
504 2275 553 2303 per
572 2268 630 2295 eius
651 2266 859 2294 inobedientiam
887 2266 911 2292 in
940 2265 1069 2292 mundum
1096 2266 1218 2292 intrasse.

366 2313 475 2345 Quaerit
494 2312 564 2339 enim
586 2311 719 2338 Iulianus:
740 2310 789 2337 Per
803 2309 869 2345 quid
882 2312 1023 2344 peccat-um
1044 2309 1179 2335 invenitur
1194 2309 1219 2336 in

368 2356 495 2391 parvulo,
516 2356 551 2382 ita
572 2355 712 2389 inquiens:
738 2365 748 2377 «
762 2353 819 2380 Non
840 2356 936 2388 peccat
956 2353 1005 2379 istc
1025 2353 1071 2387 qui
1091 2353 1219 2383 nascitur,

367 2407 418 2426 non
438 2401 532 2433 peccat
558 2398 601 2425 illc
621 2398 666 2432 qui
687 2397 793 2433 genuit,
813 2405 865 2424 non
885 2399 981 2431 peccat
1001 2395 1044 2422 ille
1064 2395 1110 2430 qui
1131 2396 1220 2422 condi-

367 2442 413 2469 dit.
433 2443 483 2469 Per
502 2449 570 2477 quas
591 2441 672 2475 igitur
690 2441 785 2472 rimas,
806 2441 875 2467 iuter
889 2443 927 2466 tot
940 2439 1076 2474 praesidia
1098 2439 1221 2465 innoeen-

369 2486 435 2518 tiac‚
455 2488 597 2520 peccatum
618 2485 695 2518 tingis
714 2484 885 2519 ingressum?
905 2484 938 2509 Et
957 2482 1102 2517 respondet
1127 2485 1220 2509 sancta

368 2529 465 2563 Pagina
479 2538 483 2554 :
504 2529 557 2555 Per
570 2536 657 2555 unum
671 2527 809 2554 hominem
819 2530 959 2562 peccatum
973 2525 1087 2552 intravit
1101 2524 1131 2552 itt
1144 2533 1221 2552 mun-

368 2571 456 2603 daum
475 2580 524 2606 per
552 2570 632 2598 zontas
660 2569 884 2601 inobedientiam,
912 2569 949 2596 ait
974 2569 1127 2603 Apostolus.
1152 2568 1221 2601 Quid

433 2701 439 2716 ¹
459 2702 508 2724 Vat.
527 2705 549 2724 et
566 2701 627 2730 edd.y
640 2705 732 2730 excepta
756 2702 772 2729 1,
786 2701 827 2723 sed
845 2703 923 2724 contra
941 2701 1017 2730 codd,
1035 2701 1123 2724 addunt
1135 2701 1202 2725 sicut.

432 2740 441 2754 ²
458 2741 562 2768 August„
582 2741 596 2763 1.
614 2740 642 2763 de
665 2741 778 2763 Peccator.
797 2740 883 2763 meritis
904 2742 926 2762 et
943 2741 1031 2763 remiss.
1050 2747 1069 2762 c.
1092 2741 1124 2763 lO.
1143 2747 1164 2763 n.
1188 2741 1220 2763 11.

434 2778 443 2793 ³
460 2779 528 2807 Epist.
547 2779 576 2802 ad
594 2779 658 2801 Rom.
678 2779 698 2807 5,
719 2780 754 2802 to.
767 2780 831 2801 —ln
850 2779 894 2801 tine
912 2779 1004 2807 capituli
1022 2781 1100 2801 contra
1119 2779 1186 2801 codd.
1200 2782 1222 2802 ct

372 2817 424 2839 edd.
446 2819 463 2845 t,
482 2819 502 2846 2,
522 2819 542 2840 Β.
555 2819 605 2841 Vat.
623 2825 676 2841 cum
689 2819 770 2841 ceteris
787 2818 839 2841 edd.
859 2824 902 2841 non
922 2818 980 2841 bene
994 2824 1111 2848 peccasse,
1132 2817 1159 2841 de
1176 2818 1221 2841 ori-

373 2856 447 2886 yiuult'
464 2856 552 2880 [lictum
569 2863 626 2886 csse,
645 2859 737 2887 oportet
753 2857 834 2887 accipi.

436 2894 444 2909 ⁴²
461 2896 521 2919 Libr.
539 2897 562 2918 ll.
581 2896 609 2919 de
627 2897 713 2925 Nuptiis
730 2899 752 2919 et
769 2898 960 2926 eoncupiscentia,
979 2904 998 2920 c.
1017 2898 1054 2920 28.
1073 2904 1093 2920 n.
1113 2897 1149 2920 47.
1167 2897 1205 2920 48.

436 2934 446 2948 5
462 2934 522 2956 Ilaec
539 2938 560 2957 et
578 2935 659 2961 multa,
678 2942 737 2964 quae
755 2940 895 2965 setpumtur,
914 2940 966 2959 sunt
984 2944 1010 2959 ex
1028 2937 1133 2965 lingone,
1156 2938 1219 2959 Sum.

374 2972 434 2994 Sent.
448 2977 473 2995 tr.
493 2973 512 2995 23.
532 2980 551 2995 c.
569 2974 601 2996 10.
615 2987 644 2990 -
656 2975 730 3002 Supra
744 2976 827 2998 locutio
839 2976 967 2999 verborum.
979 2978 1107 3000 sectatores
1119 2977 1221 2999 alludere

376 3012 468 3034 videtur
481 3012 508 3034 ad
523 3013 587 3035 l‘rov.
605 3014 638 3041 19,
650 3014 675 3035 7:
694 3015 736 3042 Qui
751 3017 837 3037 tautum
851 3015 922 3038 verba
935 3019 1033 3039 sectatur
1046 3017 1100 3038 ninil
1120 3015 1220 3038 habebit.

1042 195 1296 224 SENTENTIARUM
1318 195 1377 223 tto.
1400 195 1428 222 11.

1269 273 1375 306 quaerit
1399 272 1534 306 amplius,
1558 273 1621 306 quid
1647 273 1753 307 quaerit
1776 273 1916 307 apertius?
1941 273 2006 299 Item
2035 273 2120 306 iuquit

1267 314 1402 341 Iulianus:
1423 315 1448 341 Si
1469 322 1519 349 per
1538 315 1674 342 hominem
1698 319 1840 350 peccatum
1862 316 1969 342 Intravit
1996 316 2020 342 iu
2045 323 2121 342 mun—

1268 357 1348 389 dum,
1371 361 1512 392 peccatum
1541 358 1582 385 vel
1607 365 1641 385 ex
1664 358 1817 389 voluntate,
1839 359 1879 385 vel
1900 366 1932 385 ex
1951 362 2053 385 noema
2073 362 2119 385 est.

1268 401 1295 427 Si
1315 408 1348 428 ex
1369 401 1506 428 voluntale
1528 405 1581 433 est,
1602 401 1672 428 mala
1686 405 1725 428 est
1740 401 1875 433 volunta&
1895 409 1964 436 quae
1980 405 2120 435 peccatum

1270 443 1348 476 facit;
1369 445 1390 471 si
1412 448 1500 471 autem
1520 452 1553 471 ex
1572 448 1673 471 nalum
1693 448 1745 476 est,
1766 444 1834 472 mala
1849 448 1888 472 est
1902 448 2005 471 natura.
2019 445 2067 471 Cui
2081 452 2122 471 re-

1270 487 1410 522 spondeo:
1434 488 1473 514 ΕΚ
1497 488 1634 514 voluntate
1661 491 1803 522 peccatum
1829 491 1876 515 est.
1903 488 2012 520 Quaerit
2037 488 2121 520 forte,

1270 534 1361 558 utrum
1381 532 1511 565 originale
1530 534 1673 566 peccatum
1694 538 1728 558 ex
1748 531 1884 558 voluntate
1898 532 1939 558 sit.
1953 532 2120 566 Responoteo,

1271 582 1382 608 prorsus
1403 578 1428 601 et
1448 575 1578 608 originale
1598 578 1739 608 peccatum
1761 582 1794 601 cx
1815 574 1951 601 voluntate
1971 582 2038 607 esse,
2058 575 2122 609 (mia

1271 617 1323 643 hoc
1343 625 1376 644 ex
1396 618 1532 644 voluntate
1552 618 1631 652 primi
1652 617 1768 644 bominis
1794 618 1954 644 seminatum
1976 621 2029 649 est,
2048 621 2078 644 ut
2096 618 2123 644 in

1271 660 1316 687 illo
1338 664 1407 688 esset
1427 664 1453 687 et
1473 662 1498 687 in
1519 668 1611 688 omnes
1632 661 1792 687 transiret».

1349 715 1359 726 «
1373 703 1412 729 Ad
1435 704 1485 730 boc
1506 707 1607 735 autem,
1636 704 1708 738 quod
1729 703 1858 736 diximus,
1885 705 1910 730 in
1938 704 2022 731 Adam
2042 705 2123 732 fuisse

1272 754 1365 773 omnes
1385 747 1521 779 homines,
1541 747 1651 781 quidam
1676 747 1822 774 verborum
1841 751 1979 774 sectatores
1999 748 2037 774 sic
2057 748 2124 775 obii-

1272 789 1347 816 ciunt
1366 789 1503 816 diceutes:
1529 789 1587 816 Non
1611 790 1697 816 omnis
1720 797 1798 821 caro,
1824 797 1893 824 quae
1914 790 1947 817 ab
1968 790 2052 817 Adam
2073 794 2125 818 tra-

1273 833 1353 860 ducta
1374 836 1425 865 est,
1446 833 1470 859 in
1492 840 1522 859 eo
1543 833 1623 859 simul
1643 833 1758 860 existere
1778 835 1878 867 potuit;
1894 834 1956 868 quia
1972 834 2055 860 multo
2069 842 2125 862 ma-

1273 876 1338 902 ioris
1357 876 1514 911 quantitatis
1534 879 1585 909 est,
1606 883 1687 911 quam
1707 876 1787 903 suerit
1807 884 1907 912 eorpus
1927 878 2015 909 Adae,
2030 878 2055 904 in
2070 886 2124 913 quo

1273 926 1322 946 nec
1344 922 1380 946 tot
1399 920 1478 946 etiam
1500 920 1580 946 atomi
1603 920 1722 951 suerunt,
1748 924 1813 955 quot
1834 921 1867 947 ab
1887 928 1918 948 eo
1942 922 2063 948 homines
2083 921 2126 948 de-

1275 963 1445 991 scenderunt.
1465 963 1595 995 Quocirca
1626 971 1718 990 verum
1749 971 1800 990 non
1825 971 1883 991 esse
1907 969 2040 997 asserunt,
2066 965 2126 992 sub-

1274 1007 1398 1034 stantiam
1419 1007 1633 1041 uuiusouiusque
1652 1007 1677 1033 in
1699 1007 1787 1041 primo
1808 1007 1889 1034 fuisse
1908 1012 2019 1042 parente
2031 1008 2039 1021 ⁵
2054 1019 2077 1034 ιι.

1628 1093 1689 1120 CAP.
1710 1093 1775 1120 XIV.

1363 1180 1499 1212 Quomodo
1520 1188 1611 1207 omncs
1631 1179 1760 1207 (licuntur
1780 1181 1810 1207 z‘n
1829 1181 1921 1207 Adam
1940 1180 2038 1215 sitisse,

1401 1223 1510 1258 qucmclo
1526 1223 1661 1259 peccauit,
1681 1228 1704 1250 ct
1724 1232 1756 1250 cac
1775 1232 1803 1250 eo
1824 1224 1997 1251 descendisse.

1347 1309 1450 1342 Quibus
1471 1310 1628 1344 responderi
1648 1314 1750 1344 potest,
1770 1311 1842 1345 quod
1856 1310 2035 1338 materialiter
2047 1315 2128 1346 atque

1276 1353 1437 1384 causatum,
1453 1361 1504 1380 non
1524 1353 1689 1388 fommttt'tcr,
1710 1354 1810 1381 dicitur
1830 1355 1910 1381 fuisse
1931 1355 1956 1381 in
1977 1355 2064 1390 primo
2084 1355 2128 1382 ho-

1276 1397 1347 1423 mine
1368 1403 1446 1423 omne
1460 1397 1532 1431 quod
1546 1397 1572 1423 in
1587 1397 1712 1423 luunauis
1729 1397 1890 1431 corporibus
1910 1398 2067 1425 naturaliter
2081 1401 2127 1431 est,

1277 1440 1470 1475 descenditque
1489 1447 1504 1467 a
1525 1441 1612 1474 primo
1632 1443 1744 1475 parente
1758 1440 1815 1475 Iege
1835 1441 2036 1475 propagationis
2055 1445 2080 1468 et
2098 1440 2128 1468 in

1276 1491 1302 1510 se
1316 1486 1426 1510 auctum
1441 1487 1466 1510 et
1480 1484 1687 1518 multiplicatum
1708 1487 1761 1514 est,
1777 1484 1846 1511 nulla
1863 1485 1989 1511 exteriori
2009 1485 2130 1512 substan-

1278 1527 1313 1554 tia
1334 1527 1359 1554 in
1380 1527 1407 1554 id
1428 1530 1595 1559 transeunte,
1619 1531 1646 1554 et
1665 1528 1751 1562 ipsum
1777 1528 1802 1554 in
1824 1528 1912 1554 futuro
1933 1531 2061 1560 resurget.
2082 1529 2129 1555 Fo-
2142 1531 2208 1558 Opinio

1276 1574 1397 1597 mentum
1423 1570 1533 1605 quidem
1559 1570 1636 1597 habet
1656 1578 1671 1598 a
1691 1571 1771 1602 cibis,
1791 1571 1837 1597 sed
1858 1579 1914 1598 non
1933 1575 2128 1598 convertuntur

1277 1614 1330 1640 cibi
1352 1614 1376 1640 iu
1398 1614 1542 1641 humanam
1563 1614 1753 1646 substantiam,
1773 1622 1844 1649 quae
1863 1614 1967 1641 scilieet
1986 1614 2055 1650 ρει-θ
2069 1623 2130 1650 pro-

1277 1658 1448 1692 pagationem
1469 1657 1608 1684 descendit
1627 1657 1660 1684 ab
1680 1657 1774 1684 Adam.
1789 1658 1946 1685 Transmisit
1960 1659 2029 1685 enim
2044 1659 2130 1685 Adam

1278 1700 1414 1727 modicum
1435 1700 1500 1735 quid
1521 1700 1554 1727 de
1573 1701 1722 1727 substantia
1743 1708 1789 1727 sua
1813 1701 1837 1727 iu
1858 1708 1973 1736 corpora
1999 1701 2129 1735 filiorum,

1277 1743 1385 1778 quando
1405 1750 1451 1770 eos
1471 1744 1637 1778 procreavit,
1666 1743 1692 1770 id
1723 1748 1776 1775 est⁷
1803 1744 1905 1779 aliquid
1932 1744 2069 1771 modicum
2096 1745 2129 1772 de

1277 1793 1365 1813 massa
1385 1786 1552 1814 substantiae
1573 1787 1630 1814 eins
1650 1787 1766 1814 divisum
1787 1791 1840 1819 est,
1861 1791 1886 1814 et
1905 1788 1967 1814 inde
1987 1788 2129 1815 formatum

1277 1838 1378 1865 corpus
1398 1830 1443 1857 tilii
1464 1831 1561 1865 suique
1581 1830 1805 1865 multiplicatione
1824 1832 1882 1858 sine
1903 1832 1940 1858 rei
1961 1832 2129 1860 extrinsecae

1277 1874 1427 1902 adiectione
1442 1878 1550 1901 auctum
1565 1877 1621 1906 est;
1641 1878 1667 1901 et
1686 1874 1719 1901 de
1735 1874 1779 1901 illo
1794 1875 1828 1902 ita
1843 1878 2013 1908 augmentato
2028 1875 2130 1910 aliquid

1278 1917 1359 1944 inde⁷
1380 1921 1536 1952 separatur,
1558 1917 1628 1944 uude
1648 1917 1796 1944 formantur
1816 1921 1985 1952 posterorum
2000 1926 2130 1953 corpora;

1278 1964 1303 1988 ct
1324 1962 1358 1988 ita
1378 1961 1551 1996 progreditur
1566 1961 1762 1995 procreationis
1776 1961 1842 1988 ordo
1856 1961 1914 1995 lege
1928 1963 2130 1996 propagationis

1278 2011 1363 2039 usque
1383 2004 1416 2031 ad
1438 2005 1516 2031 tinem
1537 2004 1646 2031 humani
1674 2005 1788 2037 generis.
1812 2005 1904 2039 Itaque
1930 2005 2072 2039 diligenter
2098 2013 2130 2033 ac

1278 2047 1422 2083 perspicue
1442 2047 1651 2081 intelligentibus
1671 2051 1759 2082 patet,
1779 2055 1871 2075 omnes
1896 2049 2045 2076 secundum
2071 2057 2131 2076 cor-

1278 2098 1344 2126 pora
1366 2091 1392 2117 in
1413 2091 1497 2118 Adam
1518 2091 1599 2117 fuisse
1620 2098 1669 2125 per
1687 2090 1846 2118 seminalem
1865 2092 1999 2118 rationem
2014 2096 2086 2119 etex
2099 2100 2130 2120 eo

1277 2134 1450 2161 descendisse
1469 2135 1670 2169 propagationis
1690 2135 1755 2168 lege.

1633 2221 1694 2248 Car.
1714 2221 1769 2248 XV.

1314 2307 1391 2340 Quod
1409 2306 1484 2334 nihil
1503 2306 1682 2333 etro-insecum
1705 2311 1877 2334 convertatur
1896 2307 1925 2335 in
1948 2307 2099 2335 litmzcmam

1449 2349 1646 2381 substanttam,
1666 2358 1733 2386 quac
1753 2355 1789 2377 est
1808 2359 1841 2377 cx
1859 2350 1960 2378 Adam.

1350 2436 1424 2469 Quod
1446 2445 1509 2464 vero
1530 2437 1595 2464 nibil
1615 2437 1796 2464 extrinsecum
1822 2438 1847 2464 in
1871 2437 1982 2464 humani
2008 2438 2131 2472 corporis

1280 2484 1401 2508 naturam
1429 2484 1561 2513 transeat,
1581 2481 1686 2508 Veritas
1706 2481 1730 2507 in
1751 2480 1917 2515 EvangelioS
1937 2480 2070 2514 significat
2095 2480 2131 2507 di-

1279 2533 1360 2552 cens:
1382 2524 1465 2551 Omne
1484 2523 1557 2559 quod
1576 2523 1662 2550 intrat
1681 2523 1712 2550 *in
1731 2532 1773 2555 os,
1793 2523 1824 2550 in
1844 2528 1963 2550 ventrem
1976 2523 2052 2550 vadit
2064 2527 2088 2550 ec
2100 2523 2130 2550 t'n

1278 2576 1407 2595 secessum
1426 2567 1566 2595 emittitur.
1585 2579 1595 2590 «ι
1609 2567 1684 2599 Quod
1699 2567 1780 2594 etiam
1799 2567 1902 2594 ratione
1923 2567 2025 2594 ostendi
2041 2569 2130 2601 potest

1342 2701 1351 2716 ⁵
1368 2701 1424 2723 Edd.
1451 2701 1468 2728 1,
1492 2701 1504 2722 8
1528 2699 1667 2723 secumtnm.
1686 2712 1716 2714 —
1734 2699 1765 2722 De
1788 2700 1830 2721 liae
1851 2700 1960 2722 sententia
1985 2699 2084 2727 Magistri
2108 2700 2129 2722 et

1279 2741 1394 2769 Hugonts,
1419 2746 1479 2768 qnae
1502 2740 1656 2762 communiter
1678 2745 1723 2761 noo
1746 2741 1846 2766 tenetur,
1869 2738 1909 2760 cfr.
1932 2738 2026 2766 Bonav.‚
2050 2738 2086 2760 bic
2109 2744 2128 2760 a.

1279 2779 1299 2802 3.
1318 2786 1340 2808 (Ι.
1363 2780 1380 2802 1.
1399 2779 1420 2801 2.

1340 2818 1349 2833 ⁷
1368 2818 1441 2841 Codd.
1459 2818 1477 2840 Α
1490 2818 1506 2840 Β
1524 2822 1543 2840 et
1557 2817 1593 2840 ed.
1611 2818 1615 2839 1
1638 2823 1682 2839 non
1696 2817 1755 2840 mole
1772 2816 1859 2839 itidem.
1872 2817 1941 2839 Paulo
1959 2817 2065 2844 superius
2079 2816 2127 2838 Vat.

1278 2857 1302 2881 in
1319 2858 1447 2887 commento
1465 2863 1506 2886 pro
1526 2857 1556 2879 ita
1569 2857 1735 2886 damaratum,
1756 2856 1809 2878 edd.
1831 2857 1848 2884 1,
1867 2856 1879 2875 8
1893 2855 1923 2878 itu
1943 2854 2127 2885 uumnentamlo.

2138 709 2196 732 [lugo.

2144 1557 2202 1578 gistri.

1341 2897 1351 2912 8
1368 2898 1443 2920 Mattli.
1470 2897 1508 2925 15,
1535 2897 1567 2919 17.
1586 2896 1673 2919 Deinde
1695 2897 1843 2925 prosequitur
1861 2896 1939 2924 Hugo.
1959 2896 1999 2918 loc.
2018 2896 2065 2923 cit.,
2089 2896 2128 2923 qui
2166 2920 2169 2921 .

1279 2937 1348 2959 multa
1367 2938 1449 2959 sumsit
1465 2943 1491 2959 ex
1509 2937 1613 2964 August,
1632 2936 1702 2958 xxii.
1725 2936 1754 2958 de
1771 2935 1819 2958 Cir.
1842 2936 1894 2963 Dei,
1917 2941 1935 2957 e.
1959 2934 1991 2957 1-1.
2014 2935 2046 2957 19.
2064 2946 2093 2950 —
2106 2934 2128 2956 ln

1279 2979 1339 2999 textu
1357 2982 1398 3004 pro
1415 2982 1490 3005 parra
1508 2975 1553 3005 suit
1570 2976 1667 2998 mortua
1684 2975 1737 2997 edd.
1760 2975 1777 3002 1,
1797 2974 1817 3003 5,
1837 2975 1849 2996 S
1867 2980 1942 3004 parra
1960 2973 2005 3003 fnit
2023 2973 2047 2996 in
2065 2975 2126 2996 ortu..
