2243 3425
209 508 321 527 Notandum.

208 1398 322 1416 Notandum.

337 191 392 219 866
1017 185 1269 214 SENTENTIARUM
1291 185 1351 213 Ltss.
1373 185 1402 212 11.

336 271 362 297 et
384 268 446 297 fecit
468 268 494 296 in
518 271 657 304 tempore,
679 267 727 295 sed
749 266 801 294 hoc
824 265 928 294 dictum
959 268 1016 298 est,
1038 264 1103 300 qnia
1124 271 1179 291 non

335 318 377 344 est
397 323 468 343 nova
488 314 612 351 operatio
633 322 669 342 ex
691 316 769 350 parte
784 313 841 346 Dei,
858 312 950 348 ipsum
965 310 1064 347 facere
1085 317 1181 347 super-

335 362 461 390 additum
477 361 511 389 ad
533 361 641 393 dicere,
657 360 729 388 sicut
743 359 875 395 contingit
890 358 917 386 in
932 358 1092 395 operatione
1108 365 1182 386 crea-

338 412 425 437 turae.
435 425 473 429 -—
482 408 534 436 Nec
548 408 620 435 valet
632 406 707 444 quod
719 406 867 439 obiicitur,
880 405 955 442 quod
968 405 1062 433 (licere
1074 413 1127 433 non
1140 407 1181 433 est

336 455 534 484 successivum.
557 453 710 482 Dicendum
734 453 824 486 enim,
846 452 921 489 quod
944 459 994 480 nec
1016 451 1110 479 dicere
1131 451 1180 479 Dei

337 510 385 530 nec
405 500 505 539 faeere
526 505 567 529 est
588 501 779 529 successivum
802 499 956 528 secundun]
981 499 1011 527 ut
1032 498 1110 536 quod
1123 501 1181 531 est,

337 549 401 586 quia
423 548 517 576 (Ζίριν-θ
532 550 558 576 et
571 546 671 584 facere
693 547 741 574 Dei
763 546 838 575 Dens
853 550 894 575 est
909 549 936 575 et
951 550 1096 574 aeternum
1114 545 1181 582 quid

335 598 383 624 est.
406 596 622 628 Verumtamen,
648 594 720 623 sicut
744 593 779 622 al]
794 596 908 622 aeterno
923 596 1014 630 potest
1028 593 1182 629 procedere

334 641 496 679 temporale,
518 641 557 670 sic
578 650 594 669 a
615 641 710 669 divino
732 641 843 674 (licere,
861 640 886 668 in
903 648 958 677 quo
974 639 1051 668 nulla
1067 642 1108 668 est
1123 647 1183 667 suc-

336 689 438 723 cessio,
467 691 557 725 potest
586 688 737 725 procedere
766 687 925 716 successiva
953 687 1078 719 duratio,
1110 693 1182 723 quae

336 736 450 773 quidem
466 735 623 764 successiva
635 738 685 769 est,
696 743 751 763 non
768 735 874 763 ratione
886 734 1042 771 exigentiae
1055 742 1091 762 ex
1103 736 1183 770 parte

335 783 383 812 Dei
405 783 604 815 conservantis,
626 782 675 811 sed
697 790 730 811 ex
756 785 835 819 parte
858 782 896 810 rei
920 784 1101 810 conservatae
1113 781 1128 808 ¹.

414 831 440 859 ⁶2.
462 830 501 858 Ad
523 830 594 858 illud
609 830 683 867 quod
700 829 846 861 obiicitur,
862 829 938 866 quod
954 829 1055 857 artifex
1072 832 1183 857 creatus

335 881 425 915 potest
445 878 536 906 facere
558 885 630 914 opus
651 884 701 913 per
722 884 751 905 se
773 876 888 910 stabile3
917 876 1084 904 dicendum.
1107 876 1182 913 qnod

335 933 390 953 non
412 928 453 954 est
475 924 581 959 simile,
603 933 654 961 pro
675 932 707 952 eo
729 924 805 961 quod
820 923 921 952 artifex
938 927 1050 952 creatus
1065 924 1104 951 sic
1119 923 1184 951 facit

336 980 410 1006 rem,
432 972 506 1009 quod
529 980 582 1000 non
606 971 669 1000 lacit
691 971 751 1000 eins
780 971 918 1008 principia
940 971 1106 1004 intrinseca;
1129 978 1182 998 non

335 1020 410 1048 enim
433 1023 522 1056 potest
545 1019 570 1047 in
594 1022 678 1047 totam
701 1019 741 1047 rei
764 1018 959 1047 substantiam.
984 1018 1014 1046 Et
1034 1020 1184 1054 propterea

334 1074 379 1095 res
400 1067 471 1095 facta
492 1066 651 1095 conservari
681 1069 771 1103 potest
802 1065 828 1093 in
850 1064 996 1102 propriis2
1023 1064 1183 1101 principiis,

334 1122 406 1151 quae
417 1122 470 1142 non
484 1113 641 1150 dependent
652 1121 668 1141 a
680 1116 815 1150 potestate
830 1112 953 1141 artificis.
966 1112 1023 1140 Non
1036 1112 1075 1140 sic
1089 1115 1183 1140 autem

334 1164 375 1189 est
397 1161 423 1189 in
445 1168 529 1197 opere
550 1161 607 1189 Dei.
630 1160 718 1189 Omne
740 1160 812 1189 enim
829 1168 908 1197 opus,
930 1159 1006 1197 quod
1023 1159 1097 1188 Deus
1111 1159 1184 1193 facit,

335 1208 490 1237 secundum
512 1212 601 1237 totum
623 1208 666 1236 sui
688 1208 768 1242 facit,
790 1211 816 1236 et
839 1208 901 1236 ideo
923 1207 1045 1235 totaliter
1067 1207 1102 1235 ab
1124 1207 1184 1244 ipso

335 1255 473 1293 dependet
488 1259 514 1284 et
530 1256 587 1284 sine
603 1255 663 1284 eius
678 1255 818 1284 adiutorio
832 1254 991 1284 conservari
1008 1263 1062 1283 non
1085 1258 1184 1291 potest.

415 1302 440 1331 3.
463 1303 501 1331 Ad
524 1302 594 1331 illud
616 1302 691 1340 quod
713 1302 852 1337 obiicitur,
874 1302 949 1339 qnod
965 1302 1038 1330 idem
1056 1305 1097 1330 est
1112 1302 1186 1338 prin-

336 1351 439 1387 cipium
461 1350 570 1379 essendi
593 1354 620 1378 et
642 1349 839 1383 conservandi,
861 1349 1021 1379 dicendum.
1044 1349 1118 1386 quod
1142 1357 1185 1377 ve-

336 1406 400 1426 rum
422 1401 464 1426 est
485 1397 511 1425 in
534 1405 635 1434 genere
657 1404 758 1425 causae
772 1395 929 1433 formalis:
951 1400 977 1425 et
999 1397 1127 1425 similiter
1142 1404 1186 1424 ve-

336 1453 399 1473 rum
422 1448 464 1473 est
486 1445 511 1473 in
534 1452 635 1481 genere
657 1451 757 1472 causae
779 1443 934 1481 efficientis.
951 1443 1084 1480 Quamvis
1101 1444 1185 1480 igitur

336 1502 395 1521 esse
416 1492 442 1520 in
465 1495 595 1521 creatura
617 1491 652 1520 sit
672 1499 688 1519 a
709 1491 799 1520 forma
820 1494 913 1519 creata
932 1494 1063 1528 tanquam
1087 1491 1122 1519 al]
1145 1491 1185 1519 111-

338 1539 499 1577 formante,
521 1539 705 1567 nihilominus
728 1542 819 1566 tamen
842 1546 857 1566 a
872 1538 928 1566 Deo
944 1541 985 1567 est
1001 1541 1133 1575 tanquam
1150 1538 1185 1566 ab

337 1587 480 1625 efficiente.
494 1586 564 1619 Ideo,
580 1585 652 1614 sicut
666 1585 700 1613 ad
717 1585 956 1613 conservationem
973 1585 1011 1613 rei
1028 1585 1183 1613 necessaria

337 1637 379 1663 est
399 1634 489 1662 virtus
510 1631 626 1670 formae
641 1632 825 1669 complentis,
842 1632 881 1661 sic
896 1632 978 1660 etiam
995 1633 1185 1661 necessarium

336 1684 377 1710 est
397 1680 570 1709 adiutorium
590 1680 684 1716 primi
704 1683 730 1707 et
750 1679 914 1707 immediati
935 1679 1081 1717 efficientis
1094 1679 1113 1707 ³.

415 1728 442 1756 [ι.
465 1728 501 1756 Ad
524 1727 595 1755 illud
618 1727 693 1764 qnod
716 1727 862 1760 obiicitur,
886 1726 961 1764 quod
983 1727 1004 1754 si
1030 1726 1103 1755 Deus
1125 1735 1187 1755 con-

337 1778 462 1804 servaret
485 1782 538 1809 res,
562 1774 629 1802 nihil
653 1778 899 1811 corrumperetur3
923 1774 1087 1808 dicendum,
1110 1774 1185 1810 qnod

338 1823 407 1851 illud
430 1825 627 1858 argumentum
643 1821 736 1850 deficit
751 1821 908 1858 dupliciter.
925 1821 1048 1849 Primum
1062 1821 1184 1858 quidem,

338 1869 403 1906 quia
425 1869 499 1897 Deus
515 1871 661 1897 conservat
676 1867 859 1901 voluntat-iffi
874 1872 900 1896 et
916 1868 978 1896 ideo
1000 1871 1108 1895 tantum
1124 1875 1186 1896 con-

1238 266 1343 297 servat,
1365 266 1500 300 quantum
1517 263 1607 300 placet
1622 263 1683 297 sibi,
1705 266 1732 292 et
1754 263 1909 293 secundum
1932 262 2086 300 dispositio-

1238 317 1301 338 nem
1314 309 1465 346 sapientiae
1477 318 1552 339 suae.
1566 327 1604 330 —
1615 310 1769 345 Praeterea,
1785 310 1959 339 conservatio
1974 310 2014 339 rei
2030 317 2084 338 non
2099 316 2210 336 Nomadum
2237 326 2238 337 1

1238 360 1280 385 est
1300 364 1317 385 a
1337 356 1393 385 Deo
1415 360 1549 394 tanquam
1570 365 1586 385 a
1601 361 1660 385 tota
1675 365 1786 391 causa,
1809 357 1857 386 sed
1880 356 2034 393 requiritur
2049 364 2085 385 ex

1239 406 1318 440 parte
1339 407 1484 433 creaturae
1505 404 1641 433 idoneitas
1662 404 1697 432 ad
1719 403 1971 438 conservationem,
1994 406 2020 432 et
2034 403 2088 431 vir-

1240 455 1286 480 tus
1307 451 1429 488 quodam
1449 451 1532 480 modo
1556 451 1757 485 conservativa,
1782 451 1817 480 ad
1843 451 1923 480 cuius
1948 451 2086 480 defectum

1240 498 1406 527 velociorem
1429 499 1472 527 vel
1496 499 1646 527 tardiorem
1663 499 1790 536 sequitur
1805 498 1965 527 diuturnior
1980 497 2025 526 vel
2040 497 2088 525 mi-

1240 553 1293 574 nus
1315 546 1449 574 diuturna
1471 546 1583 574 duratio
1604 549 1765 577 creaturae:
1788 548 1815 574 et
1837 553 1901 574 cum
1924 548 1965 573 est
1986 544 2088 573 idonei-

1240 595 1282 621 tas
1304 596 1450 622 creaturae
1478 593 1513 622 ad
1543 593 1704 622 durandum
1731 593 1757 621 in
1787 595 1969 630 perpetuum,
1992 594 2088 629 utpote

1240 639 1418 677 sjmplicitas,
1441 640 1515 668 Deus
1536 649 1595 668 esse
1616 640 1677 669 eius
1698 640 1876 669 aeternaliter
1898 639 2048 668 continuat.

1321 688 1345 716 5.
1368 687 1406 715 Ad
1429 687 1498 716 illud
1521 687 1595 724 qnod
1617 687 1772 724 quaeritur,
1795 690 1891 715 utrum
1914 686 1936 715 si
1958 690 2088 715 creatura

1241 734 1292 763 sibi
1315 734 1531 772 relinqueretur,
1547 738 1793 772 corrumperetur,
1809 734 1885 769 dico,
1901 734 1976 771 quod
1992 733 2039 762 sic.
2051 749 2090 754 --

1242 782 1272 810 Et
1292 782 1320 810 si
1337 785 1472 820 quaerat,
1494 785 1591 810 utrum
1610 782 1704 819 aliquo
1726 786 1836 819 agente,
1857 782 1901 810 vel
1923 789 1994 815 non:
2016 781 2087 815 dico,

1241 829 1315 866 quod
1338 829 1415 857 nullo
1437 832 1547 866 agente,
1570 829 1619 858 sed
1640 832 1755 866 propter
1771 829 1910 858 defectum
1933 829 1959 857 in
1976 836 2005 857 se
2020 828 2088 865 ipsa.

1241 876 1314 905 Talis
1336 876 1409 905 enim
1432 877 1584 913 corruptio,
1606 884 1678 913 quae
1699 879 1740 905 est
1761 876 1933 910 annihilatio,
1954 875 2021 904 dicit
2042 883 2091 912 pu-

1242 931 1307 951 rum
1323 923 1478 958 defectuum
1500 927 1527 952 et
1549 923 1611 952 ideo
1633 931 1688 952 nou
1703 923 1822 960 requirit
1837 930 1950 952 causam
1973 922 2091 951 efficien-

1242 974 1310 1003 tem,
1334 970 1382 999 sed
1405 970 1594 1004 deficientem3
1624 970 1692 999 haec
1720 973 1815 999 autem
1840 970 1867 998 in
1889 972 2020 998 creatura
2048 972 2090 998 est

1241 1025 1277 1046 ex
1300 1018 1361 1052 hoc,
1384 1018 1458 1055 quod
1481 1025 1517 1046 ex
1533 1017 1620 1046 nihilo
1641 1022 1690 1047 est.
1706 1035 1745 1038 —
1761 1018 1791 1046 Et
1811 1017 1839 1046 si
1859 1017 1992 1051 obiiciat,
2014 1015 2091 1054 quod

1241 1064 1377 1094 naturalis
1399 1065 1539 1093 inclinatio
1568 1064 1718 1094 cuiuslibet
1744 1065 1785 1093 rei
1807 1067 1849 1093 est
1869 1064 1905 1093 ad
1927 1063 2089 1093 durandum

1242 1112 1268 1139 in
1291 1120 1363 1145 esse,
1387 1116 1411 1141 et
1434 1112 1508 1149 quod
1532 1115 1624 1140 motus
1653 1111 1780 1148 sequitur
1808 1111 2030 1145 inclinationem3
2052 1110 2091 1139 di·
2105 1103 2216 1133 Notandum-¹
2237 1099 2239 1134 Ῐ

1242 1159 1376 1191 cendum,
1398 1159 1473 1196 quod
1495 1167 1595 1187 verum
1617 1162 1658 1187 est
1680 1159 1714 1188 de
1740 1159 1916 1188 inclinatione
1939 1161 2030 1187 motus
2052 1157 2090 1186 di-

1243 1209 1320 1234 cente
1342 1206 1515 1242 positionem.
1536 1207 1639 1235 Verum
1663 1209 1705 1235 est
1726 1206 1808 1234 etiam
1831 1205 1866 1234 de
1885 1205 2028 1242 principiis
2049 1204 2090 1233 rei

1243 1253 1357 1282 salvatis
1380 1254 1405 1281 in
1421 1262 1490 1287 esse,
1512 1261 1598 1291 snper
1620 1261 1691 1291 quae
1713 1253 1849 1282 fundatur
1871 1253 1918 1281 illa
1940 1252 2090 1281 inclinatio.

1242 1300 1267 1328 Si
1291 1304 1384 1329 autem
1407 1304 1537 1330 creatura
1562 1301 1615 1330 sibi
1646 1301 1870 1337 relinqueretur,
1892 1300 2029 1337 principia
2051 1299 2091 1328 rei

1243 1349 1269 1377 in
1292 1357 1351 1376 esse
1372 1356 1425 1376 non
1455 1351 1652 1377 servarentur,
1680 1348 1764 1376 immo
1789 1348 1817 1376 in
1843 1355 1871 1376 se
1896 1347 1964 1385 ipsis
1996 1347 2093 1376 defice-

1243 1400 1317 1430 rent3
1340 1400 1366 1424 et
1389 1396 1450 1424 ideo
1472 1395 1613 1424 inclinatio
1641 1396 1675 1424 ad
1698 1404 1757 1423 esse
1778 1395 1884 1433 periret
1895 1395 1911 1423 ⁴.
1938 1411 1977 1416 ——
1998 1395 2092 1423 Posset
2105 1397 2170 1416 Aliter·
2216 1412 2218 1433 1
2239 1378 2240 1396 ἶ

1243 1444 1326 1472 etiam
1356 1443 1425 1477 dici,
1447 1442 1522 1479 qnod
1545 1450 1608 1471 cum
1636 1443 1764 1480 ponitur,
1791 1443 1867 1480 quod
1889 1446 2019 1471 creatura
2040 1442 2092 1471 sibi

1244 1490 1430 1527 relinquatur,
1453 1489 1580 1526 ponitur,
1603 1489 1678 1526 quod
1701 1489 1795 1517 divina
1817 1489 1907 1518 virtus
1929 1497 1958 1518 se
1980 1489 2092 1518 subtra-

1244 1538 1304 1571 liat3
1325 1540 1352 1566 et
1373 1545 1437 1566 cuin
1460 1537 1585 1574 ponitur,
1608 1536 1681 1573 quod
1706 1536 1800 1565 divina
1821 1537 1912 1566 virtus
1934 1545 1963 1566 se
1985 1537 2093 1565 subtra-

1244 1586 1307 1617 liat,
1337 1593 1387 1621 per
1416 1592 1589 1621 consequens
1616 1584 1730 1621 ponitur
1752 1587 1898 1613 creaturae
1919 1584 2092 1612 annihilatio.

1244 1632 1320 1660 Sicut
1336 1632 1409 1660 enim
1427 1639 1477 1668 per
1492 1631 1681 1668 operationem
1693 1630 1702 1643 ⁵
1725 1631 1838 1659 virtutis
1859 1631 1982 1660 infinitae
2003 1634 2094 1669 potest

1244 1679 1303 1707 fieri
1327 1678 1438 1707 eductio
1467 1678 1501 1706 de
1524 1678 1611 1706 nihilo
1634 1678 1659 1706 in
1682 1687 1758 1711 esse,
1780 1678 1818 1707 ita
1847 1679 1929 1707 etiam
1959 1686 2010 1716 per
2032 1678 2095 1707 sul]-

1244 1726 1407 1754 tractionem
1431 1728 1520 1761 potest
1542 1724 1603 1753 fieri
1619 1725 1799 1760 anniliilatiog
1821 1729 1847 1754 et
1862 1734 1914 1763 pro
1930 1729 2006 1754 tanto
2028 1726 2095 1755 dicit

1244 1772 1353 1809 llugo⁶,
1375 1772 1450 1810 quod
1473 1772 1523 1801 soli
1546 1772 1657 1801 divinae
1680 1773 1776 1800 virtuti
1793 1773 1934 1809 possibilis
1956 1776 1998 1802 est
2019 1773 2095 1801 anni-

1244 1820 1341 1848 hilatio
1363 1823 1519 1848 creaturae.
1542 1820 1743 1848 Verumtamen
1768 1820 1836 1848 illud
1855 1820 1974 1849 verbum
1998 1821 2096 1849 intelli-

1244 1867 1367 1904 gendum
1389 1870 1430 1896 est
1452 1875 1530 1897 sane.
1553 1867 1619 1904 quia
1642 1867 1763 1895 inultum
1785 1870 1827 1896 est
1849 1867 2056 1897 calumniabile.

1084 1979 1346 2015 SCHOLION.

400 2085 413 2106 l.
433 2084 500 2112 Quod
512 2086 629 2106 creaturae
642 2089 683 2111 por
695 2083 854 2105 immediatum
868 2083 907 2104 Dei
920 2083 1031 2104 intluxutu
1049 2088 1186 2104 conservan-

337 2127 384 2152 tur,
403 2125 431 2146 ita
450 2126 538 2150 tamen,
557 2126 581 2145 ut
598 2129 642 2144 non
655 2123 748 2144 omnino
760 2129 772 2144 a
785 2123 958 2144 conservatione
970 2122 1120 2144 excludantur
1132 2128 1186 2143 cau-

337 2170 375 2185 sae
392 2162 520 2190 secundae,
538 2166 598 2184 certa
617 2166 650 2184 est
668 2161 777 2183 doctrina.
797 2161 892 2189 lnsuper
909 2161 976 2183 docet
994 2161 1015 2183 S.
1029 2161 1111 2183 Tuom.
1126 2162 1157 2187 (S.
1171 2161 1184 2183 l.

337 2208 359 2230 (1.
381 2201 429 2223 104.
448 2208 467 2223 a.
490 2201 506 2222 1.
525 2201 554 2222 ad
573 2200 616 2229 4.),
638 2208 647 2220 <t
661 2200 723 2228 quod
741 2201 885 2222 conservatio
902 2206 980 2222 rerum
998 2206 1009 2222 a
1029 2200 1075 2222 Deo
1094 2206 1138 2221 non
1152 2203 1185 2222 est

337 2247 378 2269 per
395 2241 496 2269 aliquam
514 2246 602 2262 nortem
619 2240 744 2267 actionem,
762 2239 803 2261 51111
816 2246 857 2267 per
870 2240 1064 2261 continuationem
1082 2240 1183 2267 fictionis,

337 2286 382 2308 qua
400 2279 439 2301 dat
455 2284 517 2306 esse,
546 2285 605 2307 quae
631 2279 725 2307 quidem
752 2279 809 2300 actio
827 2283 861 2301 est
878 2279 926 2300 sinc
945 2283 1007 2301 motu
1026 2282 1048 2300 ct
1065 2282 1184 2306 tempore3

337 2320 395 2341 sicut
411 2319 478 2341 etiam
505 2319 649 2340 conservatio
672 2318 765 2340 luminis
782 2319 803 2339 iu
822 2318 874 2340 ae'rc
892 2322 926 2340 est
943 2324 984 2346 per
1002 2319 1136 2340 continuum
1155 2319 1185 2339 iu-

337 2359 424 2380 ssuxum
442 2365 453 2379 a
472 2358 518 2379 sole
532 2366 551 2379 ».
578 2356 692 2379 (Ionsentit
718 2358 739 2378 in
767 2357 809 2378 hoc
835 2358 929 2378 omniuo
955 2357 1014 2378 Seot.
1033 2360 1054 2378 et
1072 2358 1140 2379 etiam
1163 2358 1185 2378 S.

338 2398 434 2424 Bonav.,
453 2398 519 2419 cuius
536 2396 639 2419 doctrina
666 2397 702 2418 hic
720 2396 799 2418 tradita
826 2396 951 2418 illustratur
977 2397 1004 2418 iis
1034 2402 1093 2424 quac
1116 2402 1185 2424 supra

338 2436 359 2457 d.
378 2437 398 2458 2.
416 2442 439 2464 p.
458 2436 470 2458 1.
489 2443 509 2458 a.
533 2437 551 2458 1.
569 2442 590 2464 q.
609 2436 630 2457 3.
649 2436 702 2458 dit-it
720 2436 748 2458 de
766 2436 886 2458 duratione
904 2442 983 2457 reruni
1000 2436 1185 2463 aeviternarum,

339 2475 376 2497 ulJi
390 2476 457 2497 etiam
470 2476 512 2502 ait,
531 2475 594 2503 quod
612 2481 661 2498 esse
674 2482 715 2503 per
728 2476 866 2497 creationem
884 2484 893 2494 11
908 2475 986 2497 datum
1000 2481 1041 2502 per
1054 2475 1187 2496 continuam

338 2514 376 2535 Dei
394 2514 535 2536 influentiam
553 2515 722 2536 continuatur»
752 2514 801 2537 (1111.
819 2515 887 2536 otiam
908 2514 920 2535 l.
939 2514 999 2535 Scnt.
1018 2514 1039 2535 d.
1059 2514 1080 2535 (J.
1099 2520 1120 2541 q.
1140 2512 1186 2540 4.);

338 2553 360 2574 in
379 2553 420 2574 linc
437 2556 512 2574 nutem
531 2554 664 2581 quaestione
681 2553 751 2579 addit,
770 2553 832 2581 11111111
851 2553 994 2574 conservatio
1007 2559 1052 2574 nou
1065 2556 1098 2575 est
1109 2553 1187 2574 innno-

339 2591 397 2613 (liatt¹
411 2598 422 2613 a
436 2591 482 2612 Deo
501 2594 525 2613 ut
542 2599 552 2613 a
572 2593 618 2614 111111
637 2598 712 2614 caus-¹1.
731 2605 761 2608 —
778 2592 845 2613 llonr.
864 2592 936 2613 fiand.
960 2591 1050 2620 (Quodl.
1074 2592 1106 2613 10.
1126 2598 1147 2620 q.
1165 2591 1186 2619 7,

339 2630 420 2658 Quodl.
441 2632 460 2652 1.
479 2638 500 2659 11.
520 2631 550 2658 9.)
570 2632 663 2653 omniuo
682 2635 761 2659 negat,
781 2631 843 2659 quod
863 2631 923 2653 Deus
941 2631 1022 2653 eaden]
1040 2632 1128 2653 actione
1151 2637 1188 2653 res

340 2672 400 2691 creet
417 2672 484 2698 atque
503 2673 634 2697 conservet,
654 2670 852 2698 quemadmodum
871 2670 952 2692 eaden]
971 2671 1058 2692 actione
1076 2670 1153 2692 lumen
1166 2670 1187 2691 in

1244 2082 1320 2104 modio
1338 2086 1445 2104 causetur
1463 2086 1484 2104 et
1501 2086 1667 2109 conse1·vctu1·;
1686 2085 1755 2110 atque
1772 2082 1840 2104 simut
1859 2082 1936 2104 multis
1954 2083 2097 2111 argumentis

1242 2121 1342 2148 probare
1360 2122 1452 2148 nititur,
1471 2126 1519 2143 esse
1537 2122 1569 2142 rei
1588 2123 1677 2143 creatae
1696 2127 1740 2142 non
1759 2121 1850 2143 differre
1868 2121 1958 2143 realiter
1976 2121 2004 2143 al)
2022 2127 2098 2146 essen,

1244 2162 1272 2182 tia
1291 2160 1410 2183 eiusdem:
1430 2166 1489 2189 quae
1507 2161 1617 2183 sententia
1635 2161 1705 2182 etiam
1724 2160 1801 2182 multis
1818 2160 1986 2187 posterioribus
2003 2161 2096 2189 placuit.

1244 2200 1317 2221 Etiam
1335 2200 1441 2222 Ricliard.
1460 2206 1472 2221 a
1491 2199 1547 2221 Med.
1565 2202 1587 2221 et
1605 2199 1705 2221 Durand.
1724 2200 1745 2221 in
1772 2200 1814 2221 hac
1838 2201 1972 2228 quaestione
1989 2201 2097 2230 aliquate-

1244 2244 1287 2260 nus
1305 2244 1317 2260 a
1335 2238 1357 2259 S.
1376 2238 1465 2260 Thomu
1484 2238 1612 2260 discedunt.

1308 2278 1331 2299 11,
1351 2277 1391 2299 ‚xlii
1410 2276 1606 2299 Commentatores
1624 2278 1682 2299 lianc
1696 2278 1854 2306 quaestionem
1873 2278 1915 2300 hoc
1933 2278 1981 2300 loco
1994 2285 2039 2301 non
2053 2282 2098 2301 tra-

1244 2319 1314 2343 ctant,
1332 2316 1373 2338 sed
1390 2316 1427 2338 vel
1445 2317 1466 2338 iu
1486 2317 1508 2338 11.
1527 2316 1588 2339 Sent.
1606 2316 1628 2338 d.
1651 2317 1668 2344 l,
1686 2320 1725 2339 aut
1743 2317 1770 2345 2,
1796 2317 1832 2339 vel
1851 2323 1902 2339 ean]
1922 2318 2013 2345 penitus
2033 2319 2098 2340 omit-

1244 2359 1300 2377 tunt.
1319 2368 1349 2371 —-
1366 2355 1398 2377 De
1416 2362 1440 2377 ea
1460 2358 1550 2383 praeter
1567 2356 1646 2378 citatos
1664 2358 1750 2383 agunt:
1768 2356 1829 2378 Alex.
1843 2356 1903 2383 llal.,
1917 2357 1938 2378 S.
1952 2363 1974 2384 p.
1988 2357 2010 2379 ll.
2023 2364 2045 2385 q.
2063 2357 2096 2379 13.

1245 2401 1275 2417 111.
1290 2395 1310 2417 3.
1325 2394 1344 2416 4.
1358 2407 1388 2410 —-
1401 2395 1476 2421 scot,
1494 2395 1518 2416 11.
1537 2395 1597 2417 Sent.
1617 2395 1638 2417 d.
1658 2395 1678 2417 2.
1697 2402 1718 2424 q.
1742 2396 1758 2417 1.
1772 2401 1793 2417 11.
1807 2395 1828 2417 3.
1841 2402 1905 2424 seqq.
1920 2408 1949 2411 —
1961 2396 1983 2418 S.
1998 2396 2080 2418 Tuom.
2091 2414 2096 2424 ,

1245 2434 1287 2456 loe.
1306 2434 1341 2456 cit.
1360 2440 1380 2455 a.
1403 2434 1419 2455 l.
1439 2433 1467 2460 ‘Z;
1486 2434 1507 2455 S.
1527 2440 1545 2455 c.
1564 2434 1627 2455 Gent.
1643 2434 1675 2456 lll.
1694 2441 1712 2456 r.
1732 2434 1768 2456 65.
1788 2446 1817 2449 —
1834 2434 1941 2456 Riehard.
1960 2441 1971 2456 a
1990 2434 2060 2462 Med„
2074 2435 2096 2456 ll.

1246 2473 1306 2494 Sent.
1326 2472 1347 2494 d.
1370 2473 1386 2494 l.
1405 2479 1424 2494 a.
1443 2473 1463 2494 ⁴2.
1482 2479 1504 2501 q.
1526 2471 1567 2494 1-4.
1587 2484 1619 2488 —-
1639 2473 1751 2501 Durand.‚
1779 2473 1801 2495 ll.
1828 2474 1888 2495 sent.
1907 2473 1928 2495 d.
1953 2474 1968 2495 l.
1987 2480 2008 2502 q.
2028 2474 2048 2495 2.
2066 2485 2097 2489 —

1245 2512 1338 2539 Dionys.
1357 2511 1444 2538 Ωιι-111.,
1465 2512 1488 2533 ll.
1506 2512 1566 2534 Scnt.
1579 2512 1601 2534 d.
1619 2513 1635 2534 1.
1655 2519 1676 2541 q.
1695 2512 1715 2534 7.
1731 2513 1822 2539 -Biel,
1842 2513 1865 2534 ll.
1885 2513 1944 2535 Sent.
1964 2513 1985 2535 d.
2000 2514 2020 2535 Ξ.
2034 2520 2055 2541 q.
2076 2514 2096 2535 2.

1309 2552 1339 2573 111.
1359 2551 1390 2573 De
1408 2554 1516 2579 sequente
1535 2551 1576 2579 (3.)
1590 2555 1679 2580 quaest.
1693 2552 1807 2573 neminem
1821 2552 1952 2574 invenimus
1969 2553 2097 2580 specialiter

1246 2594 1379 2613 tractantem
1397 2591 1438 2612 nisi
1457 2590 1517 2612 Alex.
1536 2590 1597 2617 Hah,
1616 2591 1638 2611 S.
1657 2596 1680 2618 p.
1700 2590 1723 2612 11.
1741 2597 1763 2619 q.
1786 2591 1818 2612 1-2.
1838 2597 1867 2612 111.
1887 2591 1912 2615 2,
1931 2598 1948 2609 »1
1967 2591 1989 2613 B.
2003 2591 2096 2620 Albert„

1245 2631 1266 2652 S.
1286 2636 1307 2658 p.
1326 2630 1349 2652 ll.
1368 2633 1394 2652 tr.
1414 2630 1433 2651 11.
1452 2636 1473 2658 q.
1492 2630 1512 2651 3.
1532 2635 1561 2651 m.
1581 2630 1601 2651 3.
1620 2636 1640 2651 n.
1659 2630 1679 2652 ²2.

404 2793 411 2807 ¹
429 2793 473 2816 Ct'r.
493 2794 506 2816 1.
525 2794 585 2816 Sent.
603 2794 625 2816 d.
644 2795 681 2817 27.
699 2802 721 2823 p.
740 2795 763 2817 u.
787 2802 808 2823 q.
832 2796 848 2817 l.
867 2801 930 2824 seqq.
950 2802 991 2818 noc
1010 2802 1053 2818 non
1073 2796 1094 2818 d.
1113 2796 1149 2817 36.
1169 2802 1187 2817 a.

346 2831 362 2852 1.
381 2838 402 2859 q.
421 2832 449 2858 2,
468 2839 487 2854 n.
507 2834 526 2854 2.
546 2840 567 2861 q.
591 2834 607 2855 1.
626 2838 645 2855 et
665 2840 684 2855 a.
703 2834 723 2856 3.
742 2841 764 2863 q.
787 2834 803 2855 1.
822 2847 851 2850 -—
869 2835 989 2863 Aliquanto
1013 2836 1120 2862 superius
1139 2835 1187 2857 Vat.

342 2874 363 2891 οι
380 2870 432 2892 cdd.
451 2872 477 2898 3,
497 2871 509 2893 lt-
527 2874 634 2895 omittunt
651 2873 738 2895 verba:
767 2873 894 2897 Dicendum
922 2874 984 2896 mum
1002 2881 1075 2904 usquc
1093 2874 1122 2896 ad
1139 2880 1189 2897 suc-

342 2908 457 2931 cessivum
474 2910 591 2932 inclusive.

405 2946 414 2960 ἵ
433 2947 487 2969 131111.
506 2949 532 2975 2,
551 2949 563 2969 3
579 2949 680 2977 primis,
701 2951 749 2972 Vnt.
766 2950 851 2979 primis
869 2953 889 2974 el
906 2951 1016 2982 propriis.

406 2984 415 2999 3
433 2985 490 3007 Vidt¹
508 2992 577 3014 supra
597 2988 618 3009 d.
641 2989 673 3009 to.
691 2995 710 3010 a.
730 2989 749 3011 3.
769 2997 790 3018 q.
813 2991 830 3012 1.
849 2991 877 3012 ad
896 2991 916 3013 ὅ.

1309 2794 1317 2809 ⁴¹
1336 2794 1379 2817 Csr.
1398 2801 1467 2823 supra
1486 2794 1508 2816 d.
1531 2795 1563 2816 19.
1582 2801 1601 2816 a.
1621 2795 1641 2816 3.
1660 2801 1681 2823 q.
1699 2795 1715 2816 l.
1729 2794 1757 2816 ad
1777 2793 1797 2820 4,
1816 2797 1836 2816 et
1856 2794 1868 2816 1.
1887 2795 1947 2816 Scut.
1966 2794 1988 2816 d.
2007 2794 2027 2816 8.
2046 2800 2068 2822 p.
2082 2794 2096 2816 l.

1247 2841 1266 2856 a.
1285 2835 1305 2856 ⁶2.
1324 2841 1345 2863 q.
1364 2836 1384 2856 ⁴2.
1404 2847 1433 2850 —
1450 2834 1506 2856 Edd.
1530 2834 1555 2862 3,
1580 2834 1591 2856 >l
1611 2838 1633 2855 ot
1656 2834 1706 2856 Vnt.
1731 2834 1931 2856 conservarentur
1952 2839 1994 2861 pro
2016 2839 2096 2856 serru-

1247 2876 1338 2897 reiitetr.

1310 2913 1319 2927 ⁵
1336 2912 1407 2935 Codd.
1427 2912 1519 2940 plurimi
1538 2915 1559 2934 et
1576 2911 1612 2934 cd.
1635 2912 1651 2936 1,
1671 2912 1691 2934 2.
1711 2912 1723 2933 3
1742 2910 1951 2940 comparutionem.

1310 2951 1319 2965 ⁶
1337 2951 1397 2973 LilJr.
1416 2952 1429 2972 l.
1448 2951 1476 2973 de
1494 2952 1595 2973 Sacrani.
1614 2957 1636 2978 p.
1655 2951 1689 2972 Vt.
1709 2956 1728 2972 c.
1747 2950 1782 2972 37.
1803 2950 1859 2971 vide
1877 2956 1948 2977 supra
1966 2955 2019 2977 pag.
2038 2948 2094 2976 7¹29,

1249 2995 1299 3013 nota
1319 2991 1331 3012 6
1350 2994 1371 3013 ct
1388 2997 1440 3019 pag.
1459 2990 1511 3018 854,
1530 2993 1581 3012 nota
1601 2989 1620 3011 4.
