2243 3425
21 922 123 941 indameuta
128 936 132 940 .

0 1958 3 1989 1
20 1955 37 1974 id
50 1955 121 1979 opposi-

766 199 848 228 DIST.
871 200 934 228 XLI.
955 201 1027 229 ART.
1049 201 1067 228 I.
1090 201 1225 237 QUAEST.
1248 202 1265 229 l.

1837 205 1892 234 937

872 325 1106 359 ARTICULUS
1132 327 1155 359 Ι.

354 420 393 448 De
414 420 556 448 divisione
577 419 703 448 actionis
725 419 930 448 deliberativae
952 421 983 448 in
1006 420 1111 450 bonam
1132 426 1157 450 et
1178 422 1209 450 in
1230 422 1342 451 malam
1364 427 1390 452 et
1410 424 1442 452 z'n
1463 423 1682 462 indifferentem.

916 507 1080 543 QUAESTIO
1101 508 1119 536 1.

496 592 600 620 Utrum
622 591 699 619 (totio
721 591 912 619 deliberativa
934 591 1088 620 (lividatur
1106 601 1160 629 per
1182 593 1363 631 differentias
1384 597 1541 633 oppositas.

218 679 297 708 Circa
318 679 443 716 primum
465 679 504 708 sic
525 678 687 716 proceditur
702 681 729 706 et
750 677 909 715 quaeritur,
924 685 989 706 cum

139 727 210 755 actio
239 725 421 755 deliberativa
453 726 597 754 dividatur
629 725 656 753 in
684 725 785 753 honam
815 728 842 754 et
870 725 989 759 malam,

138 777 234 802 utrum
258 773 401 802 dividatur
424 781 473 810 per
495 773 666 801 differentias
687 773 836 810 oppositas.
860 773 891 801 Et
912 773 988 810 quod

138 822 192 856 sic,
214 821 334 850 videtur.
706 824 712 828 “

220 869 244 896 l.
266 868 358 896 Prima
380 868 562 897 contrarietas
585 867 611 895 in
634 867 761 895 moribus
783 870 825 896 est
845 867 918 896 inter
943 867 989 896 ho-

138 922 205 943 num
223 917 250 943 et
264 914 502 943 malum—unde
516 913 720 951 Philosophus¹
738 914 813 949 dicit,
826 913 901 951 quod
919 925 931 939 α
942 914 988 942 bo-

137 970 207 991 num
229 965 256 991 et
277 961 384 990 malum
407 969 460 989 non
484 965 549 990 sunt
564 961 591 989 in
607 969 723 998 genere,
739 961 788 990 sed
804 964 870 990 sunt
885 968 988 998 genera

137 1008 258 1037 aliorum
270 1019 283 1034 »
299 1024 338 1028 —
350 1008 397 1037 sed
414 1007 503 1045 prima
520 1008 659 1037 contraria
674 1008 798 1036 maxime
820 1011 885 1036 sunt
906 1016 988 1044 oppo-

138 1056 204 1084 sita:
228 1064 294 1092 ergo
315 1055 421 1083 bonum
436 1058 463 1083 et
482 1055 588 1083 malum
604 1055 678 1084 circa
699 1055 834 1084 actionem
851 1055 985 1083 directam

137 1102 242 1131 habent
262 1102 465 1139 oppositionem
487 1105 514 1130 et
535 1102 760 1139 repugnantiam.

216 1151 243 1178 Ξ).
265 1149 348 1183 Item,
380 1149 487 1177 malum
520 1149 586 1178 dicit
616 1149 800 1186 privationem
834 1149 915 1182 boni3
938 1149 986 1178 sed

137 1197 257 1234 privatio
278 1200 305 1225 et
327 1196 440 1225 habitus
461 1196 565 1225 directe
587 1199 652 1225 sunt
667 1195 830 1233 oppositffl:
854 1204 920 1233 ergo
936 1200 986 1225 etc.

218 1244 243 1272 3.
265 1244 349 1278 Item,
371 1251 442 1280 quae
459 1243 562 1272 habent
577 1243 718 1280 oppositos
743 1243 859 1272 effectus
881 1243 987 1272 directe

137 1294 333 1329 opponuntur3
356 1291 404 1320 sed
426 1290 499 1319 bona
531 1290 602 1320 actio
634 1294 661 1319 et
682 1291 756 1319 mala
776 1291 919 1328 oppositos
942 1291 988 1318 ha-

138 1339 204 1368 bent
234 1338 350 1367 effectus
378 1338 405 1366 in
438 1338 545 1372 anima,
577 1338 643 1375 quia
671 1337 742 1366 bona
764 1338 836 1367 actio
858 1341 939 1366 ornat
961 1341 988 1367 et

137 1386 212 1415 mala
233 1386 386 1419 deformat,
420 1385 493 1414 bona
523 1385 634 1414 ordinat
655 1388 682 1414 et
704 1385 778 1414 mala
799 1385 948 1414 deordinat
961 1385 986 1413 ³:

137 1441 203 1470 ergo
225 1436 276 1462 etc.

216 1481 242 1509 [ι.
264 1480 348 1514 Item,
370 1488 442 1517 quae
457 1480 562 1508 liabent
576 1480 718 1516 oppositas
733 1479 933 1508 retributiones
948 1480 987 1508 di-

136 1531 211 1556 recte
232 1527 336 1556 habent
357 1527 578 1564 oppositionem3
607 1527 653 1555 sed
679 1527 751 1555 bona
772 1527 844 1555 actio
866 1530 892 1555 et
913 1527 987 1555 mala

136 1575 240 1603 habent
261 1574 402 1611 oppositas
424 1573 639 1607 retributiones,
661 1573 727 1611 quia
749 1574 798 1602 uni
820 1573 987 1602 retribuitur

136 1625 282 1650 aeternum
305 1621 457 1658 gaudium,
486 1624 514 1649 et
542 1620 588 1649 alii
610 1624 755 1649 aeternum
779 1621 985 1658 supplicium⁴z

136 1677 203 1706 ergo
224 1672 275 1697 etc.

216 1717 242 1744 5.
263 1716 343 1750 Item,
366 1715 456 1744 omnis
479 1718 553 1744 recta
575 1715 675 1744 divisio
690 1718 732 1744 est
753 1723 803 1753 per
825 1716 984 1753 opposita⁵z

136 1764 158 1793 si
180 1772 247 1801 ergo
268 1763 340 1792 actio
362 1763 476 1792 moralis
507 1766 581 1791 recte
604 1763 740 1791 dividitur
762 1771 812 1800 per
834 1763 935 1792 bonam
959 1767 986 1792 et

136 1811 255 1845 malam,
277 1818 344 1848 ergo
367 1810 494 1839 membra
516 1810 601 1839 huius
623 1810 767 1839 divisionis
789 1814 854 1839 sunt
876 1819 926 1847 per
941 1820 986 1848 op-

135 1857 232 1895 posita.

215 1905 267 1933 SED
289 1912 414 1933 CONTRA:
438 1905 462 1932 l.
490 1903 648 1941 «Opposita
669 1906 735 1931 sunt
750 1906 814 1931 nata
834 1903 894 1932 fieri
911 1904 986 1932 circa

136 1951 209 1980 idem
222 1951 231 1966 ὅ
242 1962 270 1985 »3
285 1951 334 1980 sed
349 1950 521 1988 impossibile
542 1953 599 1985 est,
622 1950 773 1979 bonitatem
788 1954 815 1979 et
837 1950 985 1985 malitiam,

136 1999 181 2027 vel
203 2007 218 2027 e
238 2006 392 2031 converso,
414 1998 488 2026 circa
510 1997 628 2026 eandem
650 1997 787 2026 actionem
814 1997 984 2026 succedere:

137 2054 203 2083 ergo
224 2046 329 2074 bonum
353 2048 379 2074 et
405 2045 511 2074 malum
544 2044 618 2073 circa
646 2044 782 2073 actionem
805 2052 859 2073 non
882 2045 986 2073 habent

136 2093 348 2130 oppositionem.

215 2141 241 2168 ⁹2.
264 2140 344 2175 Item,
366 2148 448 2168 omne
470 2139 545 2176 quod
567 2139 642 2168 Deus
663 2139 746 2173 facit,
768 2142 809 2168 est
830 2138 912 2167 valde
940 2139 986 2167 bo-

136 2195 204 2215 num
216 2187 235 2222 ⁷,
258 2187 322 2215 item
338 2194 420 2215 omne
435 2187 510 2224 quod
525 2186 556 2214 fit
571 2189 668 2215 contra
682 2185 731 2214 Dei
751 2185 985 2223 prohibitionem,

137 2237 178 2262 est
200 2234 322 2268 malum;
344 2234 392 2262 sed
415 2234 513 2262 eadem
535 2233 607 2262 actio
629 2232 659 2261 fit
674 2241 689 2261 a
705 2233 761 2261 Deo
776 2235 803 2261 et
825 2236 922 2261 contra
937 2233 985 2261 Dei

136 2280 369 2318 prohibitionem:
392 2289 459 2318 ergo
481 2281 579 2310 eadem
601 2280 672 2309 actio
693 2283 735 2308 est
756 2280 828 2308 bona
854 2283 881 2308 et
903 2280 985 2308 mala.

202 2415 208 2428 ¹
227 2414 287 2437 Libr.
306 2414 335 2437 cle
353 2415 493 2437 Praedicam.
512 2421 530 2437 c.
549 2414 576 2437 tle
594 2414 727 2444 Opposz'tt's,
747 2415 768 2436 in
788 2414 844 2441 fine,
863 2418 885 2436 et
898 2414 932 2436 lV.
947 2414 989 2436 To-

138 2454 182 2482 pic.
200 2460 219 2476 c.
239 2454 259 2475 3.
277 2466 308 2470 —
324 2453 357 2475 De
374 2453 464 2476 minori
479 2454 519 2476 csr.
538 2454 641 2481 Aristot.‚
660 2453 687 2474 X.
706 2453 803 2480 Metnph.
823 2455 873 2475 text.
892 2453 924 2475 13.
937 2459 986 2481 seq.

137 2495 159 2515 et
177 2493 213 2515 22.
231 2499 295 2521 seqq.
315 2492 362 2520 (IX.
381 2498 400 2515 c.
420 2492 440 2515 4.
458 2496 480 2515 et
496 2493 541 2521 7.),
559 2494 580 2514 in
595 2499 641 2521 quo
654 2493 733 2514 ultimo
746 2493 796 2514 loco
809 2493 870 2519 (text.
884 2492 931 2520 23.)
945 2493 986 2514 ait:

138 2532 215 2554 Priora
232 2533 331 2554 invicem
350 2533 462 2554 contraria
480 2536 539 2554 sunt.
557 2544 589 2548 —
606 2532 674 2554 Paulo
692 2534 743 2553 ante
762 2532 810 2553 Vat.
829 2537 883 2553 cum
900 2531 952 2553 edd.
966 2531 987 2559 3,

138 2570 151 2593 4
169 2571 248 2593 verbis
264 2577 306 2600 per
322 2570 468 2601 differentias
486 2571 592 2599 praefigit
609 2572 732 2600 tanquam.

199 2609 208 2623 ²
227 2609 285 2632 Vide
302 2610 407 2638 Aristot,
426 2610 454 2632 de
473 2609 612 2632 Praedicarn.
631 2616 651 2631 c.
668 2609 696 2632 (Ie
715 2608 831 2638 oppositis
854 2612 876 2631 et
899 2609 927 2630 X.
946 2609 987 2630 Me-

139 2649 202 2676 tapli.
221 2651 272 2671 text.
292 2649 312 2671 9.
331 2651 353 2671 et
370 2648 406 2670 15.
426 2649 473 2674 (lx.
492 2655 510 2670 c.
530 2649 551 2670 3.
568 2649 635 2677 seq).
653 2661 683 2664 —
700 2649 824 2676 Explicatio
835 2647 935 2670 maioris
952 2648 988 2669 lia-

138 2687 206 2710 betur
222 2694 292 2716 supra
311 2687 332 2710 d.
352 2688 388 2710 34.
407 2694 426 2710 a.
445 2689 466 2709 2.
485 2694 506 2716 q.
526 2688 546 2709 3.

200 2727 210 2741 ³
228 2726 273 2750 Cfr.
292 2733 362 2755 supra
380 2726 402 2749 d.
421 2726 457 2748 35.
476 2733 496 2749 a.
518 2727 535 2748 1.
553 2733 575 2755 q.
599 2727 616 2749 l.

201 2765 210 2780 ⁴¹
227 2766 303 2788 Matth.
322 2766 364 2793 25,
384 2765 428 2787 46:
447 2766 471 2787 Et
488 2765 554 2787 ibunt
571 2766 593 2787 hi
606 2766 627 2787 in
640 2766 779 2793 supplicium
792 2768 923 2793 aeternum,
937 2766 988 2788 iusti

139 2809 216 2827 autem
234 2805 256 2826 in
274 2805 345 2827 vitam
363 2808 487 2827 aeternam.
505 2804 549 2827 Cfr.
568 2804 627 2826 loen.
646 2804 670 2832 5,
689 2805 725 2826 29.

202 2843 212 2857 5
228 2844 331 2870 Aristot,
350 2843 378 2865 X.
398 2843 494 2871 Metapli.
513 2846 564 2866 text.
583 2843 620 2865 24.
634 2843 681 2868 (IX.
693 2850 712 2866 c.
726 2844 772 2871 8.):
790 2843 874 2866 Cuncta
888 2850 989 2872 namque

138 2884 250 2911 oppositis
267 2882 410 2905 dividuntur.
428 2882 472 2905 Csr.
491 2889 561 2910 supra
583 2889 637 2910 pag.
663 2882 720 2911 653,
746 2885 796 2905 nota
816 2883 837 2905 2.
854 2895 886 2899 —
904 2883 925 2905 ln
944 2883 989 2906 fine

139 2928 187 2950 arg.
206 2922 255 2944 Vat.
274 2927 328 2943 cum
345 2921 396 2943 eod.
414 2927 441 2943 ee
458 2922 540 2944 omittit
553 2927 599 2950 per
615 2923 666 2943 ante
684 2921 798 2950 opposita..

202 2961 212 2975 6
229 2961 332 2989 Aristot,
345 2960 373 2982 de
387 2960 526 2982 praedicam.
545 2966 563 2983 c.
582 2959 609 2983 cle
626 2959 744 2989 Oppositis
761 2964 783 2983 et
800 2961 822 2983 ll.
841 2961 920 2989 Topic.
934 2967 952 2983 c.
966 2962 987 2984 3.

140 2999 168 3028 (c.
187 3000 226 3028 7.).
244 3012 274 3016 -
292 3000 442 3027 Sententiam,
462 3005 521 3028 quae
538 3000 560 3021 in
578 2999 667 3022 minori
683 3001 830 3029 proponitur,
849 3001 946 3028 Aristot,
959 3001 988 3023 de

265 3050 290 3074 S.
306 3051 395 3074 Bonae.
413 3063 445 3067 —
462 3051 528 3073 Tom.
547 3051 570 3073 ll.

1046 679 1098 708 Sed
1121 680 1248 716 opposita
1270 681 1344 710 circa
1372 682 1445 711 idem
1469 687 1534 712 sunt
1555 685 1803 722 incompossibilia:
1827 696 1893 725 ergo

1046 725 1152 753 honum
1174 730 1201 754 et
1222 727 1327 755 malum
1351 729 1424 757 circa
1445 731 1581 759 actionem
1602 740 1657 761 non
1680 737 1744 762 sunt
1759 735 1892 772 opposita.

1127 771 1152 801 3.
1174 773 1259 808 Item,
1289 782 1353 803 curn
1385 775 1516 806 dominus
1548 779 1683 816 praecipit
1714 788 1795 809 servo
1827 781 1894 810 dare

1046 819 1268 857 eleemosynam,
1297 825 1324 850 et
1352 822 1482 852 dominus
1503 825 1638 862 praecipit
1660 834 1695 854 ex
1718 828 1845 863 caritate,
1868 832 1895 858 et

1047 874 1147 895 servus
1168 867 1232 896 facit
1254 876 1318 896 cuin
1340 876 1505 905 murmure3
1527 872 1625 900 eadem
1657 873 1728 901 actio
1753 878 1794 903 est
1815 875 1895 903 meri-

1046 915 1118 943 toria
1146 906 1271 949 domino,
1294 919 1321 944 et
1342 916 1522 946 demeritoria
1551 926 1641 947 servo.
1663 920 1716 948 Sed
1738 929 1820 950 omne
1841 930 1896 951 me-

1046 961 1176 990 ritorium
1198 965 1240 990 est
1262 962 1376 998 bonum,
1398 966 1425 991 et
1446 972 1528 993 omne
1550 965 1763 995 demeritorium
1785 971 1827 996 est
1842 976 1897 997 ma-

1047 1007 1122 1043 lum,
1144 1016 1210 1045 ergo
1232 1009 1331 1038 eadem
1353 1011 1424 1039 actio
1447 1014 1488 1040 est
1510 1012 1582 1041 bona
1604 1015 1630 1041 et
1654 1013 1740 1042 mala:
1763 1022 1830 1052 ergo
1850 1016 1897 1044 bo-

1046 1063 1114 1083 num
1137 1059 1163 1084 et
1186 1056 1291 1085 malum
1315 1057 1389 1086 circa
1410 1058 1547 1087 actionem
1569 1068 1622 1088 non
1647 1065 1712 1089 sunt
1733 1062 1867 1098 opposita.

1125 1102 1151 1130 lt.
1174 1103 1250 1137 Item,
1272 1104 1373 1141 aliquis
1396 1105 1491 1142 incipit
1512 1106 1635 1144 aliquam
1651 1108 1787 1137 actionem
1803 1118 1838 1138 ex
1855 1118 1898 1139 ca-

1047 1150 1128 1179 ritate
1149 1153 1176 1179 et
1197 1151 1328 1179 terminat
1349 1159 1410 1180 eam
1433 1160 1468 1181 ex
1492 1154 1625 1188 vanitate,
1642 1156 1797 1184 secundum
1820 1157 1895 1194 quod

1046 1197 1113 1225 dicit
1134 1197 1285 1234 Gregorius
1299 1198 1320 1226 ⁸:
1349 1199 1460 1236 «Saepe
1483 1201 1556 1237 quod
1573 1201 1675 1230 caritas
1690 1202 1785 1239 incipit
1811 1204 1894 1241 culpa

1046 1244 1191 1281 peragitu:
1215 1252 1282 1281 ergo
1304 1253 1360 1273 una
1382 1249 1408 1274 et
1433 1247 1530 1275 eadem
1554 1248 1625 1276 actio
1646 1253 1737 1285 potest
1757 1258 1818 1278 esse
1840 1258 1893 1279 me-

1045 1291 1142 1319 ritoria
1163 1295 1190 1319 et
1217 1292 1413 1327 demeritoria3
1435 1297 1462 1322 et
1492 1294 1513 1323 si
1537 1294 1604 1328 hoc,
1628 1296 1700 1324 redit
1722 1296 1794 1325 idem
1817 1298 1893 1335 quod

1046 1338 1140 1374 priris,
1161 1339 1237 1375 quod
1261 1339 1364 1368 bonum
1398 1343 1425 1369 et
1458 1341 1563 1369 malum
1586 1343 1660 1371 circa
1681 1343 1817 1372 actionem
1840 1353 1893 1373 non

1046 1389 1112 1414 sunt
1133 1387 1267 1423 opposita.
1832 1393 1842 1402 “’

1127 1434 1152 1461 5.
1175 1433 1255 1468 Item,
1280 1434 1407 1463 «bonum
1440 1438 1467 1463 et
1489 1444 1538 1464 ens
1560 1439 1823 1474 convertuntur-⁰»,
1845 1440 1894 1469 sed

1046 1487 1095 1508 ens
1116 1484 1158 1509 est
1180 1481 1205 1508 in
1229 1481 1294 1518 plus
1315 1490 1399 1519 quam
1422 1483 1509 1517 actio.
1532 1491 1599 1520 ergo
1627 1487 1653 1512 et
1682 1485 1798 1514 bonum:
1825 1494 1892 1524 ergo

1047 1526 1068 1555 si
1090 1527 1207 1556 inferius
1228 1536 1282 1556 non
1306 1528 1443 1557 dividitur
1470 1538 1520 1566 per
1541 1539 1624 1559 suum
1652 1533 1800 1569 superius,
1821 1533 1892 1562 actio

1046 1574 1229 1603 deliberativa
1251 1584 1303 1603 non
1326 1579 1417 1613 potest
1438 1577 1525 1606 dividi
1548 1586 1598 1615 per
1620 1578 1721 1607 bonam
1743 1583 1770 1608 et
1791 1581 1892 1609 malam

1046 1624 1177 1658 tanquam
1201 1630 1251 1659 per
1274 1623 1445 1653 differentias
1467 1625 1618 1662 oppositas.

1361 1726 1574 1748 CONCLUSIO.

1044 1809 1129 1838 Actio
1147 1811 1307 1847 procedens
1329 1820 1348 1839 ct
1371 1811 1516 1840 uoluntate
1538 1813 1728 1842 deliberativa
1750 1815 1895 1844 dividitur

1122 1866 1174 1894 per
1196 1858 1339 1886 actionem
1355 1858 1459 1887 bomem
1482 1863 1508 1887 et
1526 1859 1656 1894 malam,
1679 1864 1822 1899 tanquam
1840 1871 1895 1899 per

1125 1902 1305 1941 differentias
1325 1913 1384 1932 non
1403 1905 1499 1933 ..voltam
1524 1906 1708 1943 disparatas,
1733 1908 1784 1936 sect
1805 1908 1894 1937 etiam

1124 1950 1230 1979 (lireete
1251 1951 1408 1988 oppositas.

1124 2045 1301 2074 Rsssrounno:
1324 2046 1362 2074 Ad
1385 2047 1594 2082 praedictorum
1617 2048 1826 2085 intelligentiam
1849 2053 1891 2078 est

1045 2091 1215 2126 notandum,
1238 2093 1313 2129 quod
1341 2093 1412 2121 actio
1434 2093 1617 2123 deliberativa
1640 2099 1704 2123 nata
1725 2098 1767 2124 est
1787 2095 1892 2125 habere

1045 2139 1185 2176 dupIIcem
1208 2139 1374 2168 bonitatem:
1397 2144 1424 2169 et
1439 2140 1589 2170 bonitatem
1605 2145 1743 2176 naturae,
1766 2143 1792 2171 in
1808 2151 1893 2180 quan·
1906 2144 1979 2185 ‘'13¹2‘ssfo
1991 2144 2023 2163 b0-

1045 2189 1105 2215 tum
1128 2190 1170 2215 est
1190 2187 1261 2215 actio
1284 2188 1438 2224 procedens
1459 2188 1494 2216 ab
1515 2188 1609 2226 aliqua
1635 2190 1747 2225 virtute,
1768 2193 1795 2219 et
1816 2190 1893 2219 boni-

1046 2236 1130 2262 tatem
1153 2233 1262 2267 mort'S,
1285 2234 1312 2262 in
1334 2237 1470 2273 quantum
1500 2239 1542 2264 est
1574 2236 1727 2273 procedens
1757 2245 1773 2265 a
1804 2237 1892 2266 libero

1045 2280 1162 2309 arbitrio
1192 2281 1251 2309 sive
1282 2289 1298 2309 a
1319 2281 1462 2310 voluntate
1476 2282 1501 2309 ¹⁰.
1533 2282 1602 2311 Cum
1634 2291 1700 2320 ergo
1729 2284 1891 2321 quaeritur,

1047 2413 1186 2436 Praedicam.
1204 2420 1222 2436 c.
1241 2413 1268 2437 de
1285 2413 1439 2442 Substantia,
1460 2415 1492 2436 sic
1509 2416 1631 2442 exprimit:
1650 2416 1727 2444 Neque
1739 2417 1821 2439 eadem
1834 2418 1892 2440 actio

1046 2455 1068 2474 et
1085 2459 1129 2475 una
1147 2459 1244 2475 numero
1263 2453 1366 2482 [dicitur]
1385 2460 1455 2481 prava
1475 2457 1496 2476 et
1513 2454 1622 2477 studiosa.
1635 2467 1666 2471 —
1679 2455 1720 2477 Pro
1732 2455 1769 2478 vel
1781 2456 1830 2478 Vat.
1843 2455 1893 2479 sibi.

1108 2491 1118 2505 ⁷
1135 2492 1189 2513 Gen.
1210 2493 1232 2520 ’1,
1251 2492 1275 2514 31
1290 2497 1295 2514 z
1315 2492 1422 2521 Viditque
1440 2493 1501 2515 Deus
1519 2496 1598 2515 cuncta
1618 2500 1677 2522 quae
1694 2494 1784 2523 fecerat,
1798 2497 1819 2517 et
1831 2498 1895 2517 erant

1046 2531 1113 2553 valde
1130 2531 1197 2553 bona.
1217 2544 1246 2547 -
1263 2532 1295 2554 De
1312 2531 1400 2554 minori
1416 2532 1470 2554 vide
1488 2539 1557 2560 supra
1572 2533 1594 2555 d.
1613 2534 1650 2555 37.
1669 2540 1688 2556 a.
1709 2535 1728 2556 1.
1747 2541 1768 2563 q.
1793 2535 1808 2556 l.
1826 2538 1848 2557 et
1865 2535 1893 2558 (le

1045 2569 1134 2593 minori
1153 2569 1290 2599 subsumla,
1314 2577 1373 2600 quac
1399 2574 1433 2593 est
1458 2572 1586 2594 secundum
1614 2574 1717 2601 ,ΑΙ-15101..
1743 2574 1797 2596 vide
1822 2580 1892 2602 supra

1046 2615 1099 2637 pag.
1123 2610 1176 2637 loo,
1195 2612 1245 2631 nota
1268 2610 1383 2632 l.—Mox
1402 2610 1454 2632 cdd.
1471 2612 1493 2633 et
1510 2617 1552 2639 pro
1572 2611 1632 2634 item.
1651 2612 1720 2634 Paulo
1738 2613 1832 2636 inferius
1850 2620 1892 2642 pro

1045 2647 1086 2671 secl
1101 2648 1182 2671 eadem
1195 2648 1262 2670 codd.
1281 2649 1299 2670 li
1311 2649 1329 2670 V
1340 2649 1369 2671 W
1380 2649 1400 2670 X
1411 2649 1426 2670 Z
1444 2649 1476 2671 bb
1493 2656 1520 2672 ee
1537 2654 1559 2672 et
1575 2651 1611 2672 alii
1629 2650 1703 2680 iqitur
1719 2651 1807 2675 eadam.

1108 2686 1118 2701 8
1136 2687 1196 2709 Libr.
1220 2687 1256 2709 IX.
1282 2687 1359 2710 Illoral.
1377 2694 1396 2710 c.
1415 2688 1450 2710 25.
1469 2694 1490 2710 n,
1508 2688 1553 2711 37:
1578 2689 1699 2712 Horrendo
1725 2681 1795 2713 modo
1820 2697 1892 2713 unum

1046 2726 1154 2755 idemque
1172 2733 1231 2754 opus
1249 2727 1314 2755 culpa
1334 2728 1435 2755 pertigit,
1453 2728 1516 2756 quod
1533 2729 1608 2750 virtus
1624 2729 1747 2751 inchoavit.

1109 2765 1118 2779 ⁹
1135 2765 1193 2787 Vide
1210 2772 1280 2793 supra
1299 2772 1352 2794 pag.
1371 2766 1428 2793 805,
1442 2770 1492 2789 nota
1513 2766 1532 2788 4.
1552 2767 1618 2795 Quod
1637 2768 1731 2790 inferius
1748 2775 1793 2791 non
1806 2769 1893 2792 divida-

1046 2809 1082 2827 tur
1098 2811 1140 2833 per
1157 2811 1225 2827 suum
1243 2806 1358 2833 superius,
1376 2806 1475 2828 insinuat
1489 2806 1608 2835 Porphyr„
1626 2806 1655 2829 de
1674 2807 1804 2830 Praedicab.
1829 2814 1848 2831 c.
1866 2808 1893 2832 de

1045 2843 1125 2873 Specie
1142 2846 1164 2866 et
1181 2850 1200 2865 e.
1218 2843 1245 2866 cle
1262 2843 1407 2874 Differentt'a.
1426 2845 1502 2867 Primo
1514 2846 1556 2867 loc.
1574 2846 1610 2868 cit.
1625 2847 1668 2868 ait:
1687 2846 1816 2869 Diviswum
1828 2849 1888 2870 enim

1045 2889 1138 2911 semper
1155 2885 1188 2905 est
1205 2883 1268 2912 quod
1286 2884 1401 2911 singulare
1420 2884 1532 2912 [inferius]
1551 2887 1596 2913 est,
1615 2885 1760 2907 collectivum
1778 2888 1856 2909 autem
1871 2890 1892 2909 et

1046 2922 1195 2944 adunativum
1214 2921 1277 2951 quod
1294 2928 1417 2945 commune
1436 2923 1562 2952 [superius]
1581 2927 1621 2946 est.

1109 2961 1127 2975 ¹⁰
1144 2961 1188 2984 Csr.
1206 2968 1275 2990 supra
1290 2962 1311 2984 d.
1325 2962 1361 2984 35.
1379 2969 1399 2985 a.
1418 2964 1438 2985 2.
1457 2970 1478 2992 q.
1502 2964 1518 2986 1.
1536 2964 1558 2985 in
1571 2969 1634 2992 corp.
1648 2967 1669 2986 et
1681 2964 1703 2986 d.
1717 2965 1753 2987 37.
1766 2971 1786 2987 a.
1801 2966 1821 2987 l.
1834 2972 1855 2994 q.
1875 2967 1891 2988 l.

1722 3056 1761 3077 118
