2243 3425
0 745 52 770 *pinio
67 745 83 763 1.

0 1220 6 1233 i
17 1214 83 1238 proba-

5 1240 38 1256 tur.

1 1402 49 1426 pinio
63 1403 80 1420 2.

0 1873 22 1892 iio
35 1873 52 1891 3.
63 1876 81 1892 et

0 1896 47 1915 :lusio
61 1897 76 1915 1.

2 2014 29 2041 lex
37 2020 84 2033 eom-

0 2040 35 2064 atio
47 2044 85 2057 me-

2 2066 22 2079 rn
41 2067 86 2085 ope·

12 2155 79 2174 Prima.

693 239 775 267 DIST.
798 239 898 269 XXVll.
919 239 993 268 ART.
1015 239 1043 268 ΙΙ.
1065 239 1200 276 QUAEST.
1223 239 1263 268 ΙΙΙ.

415 325 628 346 CONCLUSIO.

100 410 159 438 Per
178 410 312 447 qratiam
332 411 502 447 praemium
519 411 634 448 oloriae
651 411 761 439 mereri
779 420 947 448 possamus,

178 465 236 485 non
261 457 356 486 solam
377 458 481 486 merito
502 458 643 496 congrui,
664 458 716 486 sed
735 458 824 487 etiam
844 459 948 488 merito

178 504 325 541 condiyni.

178 597 354 626 RESPONDEo:
377 597 549 631 Dicendum,
570 597 646 634 quod
668 597 742 627 circa
763 598 845 626 istam
866 605 949 635 quae-

98 644 215 673 stionem
237 644 322 681 aliqui
345 644 472 673 doctores
494 647 643 673 senserunt
664 644 860 673 diversimode.

176 691 295 728 Quidam
317 692 391 720 enim
413 691 506 720 dicere
527 691 694 727 voluerunt,
716 692 791 729 quod
813 692 879 729 quia
894 699 949 720 me-

98 739 183 767 ritum
206 738 345 775 eondiyni
365 738 432 767 dicit
453 738 594 775 quandam
614 738 811 776 obligationem
827 739 855 767 in
870 739 949 767 retri-

97 786 200 814 buente
222 789 249 814 et
269 785 411 822 quandam
433 785 734 814 commensurationem
749 786 776 814 in
793 785 906 814 servitio
921 789 949 814 et

98 832 302 865 retributione;
324 835 350 861 et
372 832 447 861 Deus
468 841 523 861 non
545 835 635 870 potest
656 833 740 862 alicui
762 833 899 870 obligari,
921 836 948 862 et

96 880 222 917 praemio
244 879 367 916 gloriae¹
390 879 459 908 nihil
485 879 562 908 aliud
589 883 679 917 potest
705 880 946 909 commensurari:

96 926 159 955 ideo
181 926 330 960 dixerunt,
352 926 426 963 quod
449 926 546 955 nullus
561 930 651 963 potest
666 926 813 956 caelestem
829 927 946 964 gloriam

96 974 198 1002 mereri
221 981 257 1002 ex
273 973 433 1011 condi9n0,
449 974 498 1002 sed
515 974 536 1003 si
552 978 694 1009 meretur,
714 974 766 1003 boc
782 977 889 1003 tantum
906 977 948 1003 est

96 1029 133 1050 ex
155 1029 295 1058 congruo.
319 1021 349 1049 Et
370 1021 404 1049 ad
428 1020 509 1049 istam
532 1028 613 1049 suam
634 1021 799 1058 positionem
822 1024 948 1050 astruen-

96 1068 160 1097 dam
182 1067 279 1096 multis
300 1067 456 1096 fulciuntur
477 1068 692 1096 auctoritatibus
714 1076 810 1097 sacrae
826 1068 948 1105 Scriptu-

96 1123 143 1144 rae
164 1118 191 1144 et
212 1115 294 1144 etiam
318 1115 528 1152 expositorum,
544 1114 591 1152 qui
607 1115 659 1144 hoc
681 1115 783 1144 sentire
807 1115 946 1144 videntur.

175 1162 227 1191 Sed
250 1161 381 1198 quoniam
398 1161 425 1189 in
441 1161 585 1198 Scriptura
600 1161 683 1190 etiam
699 1169 781 1198 saepe
797 1162 947 1199 reperitur,

96 1209 170 1246 quod
182 1208 254 1237 Deus
262 1208 421 1246 unicuique
433 1208 573 1236 retribuet
582 1208 744 1236 secandam
756 1217 846 1245 opera
857 1216 915 1236 sita
925 1208 946 1242 2,

95 1259 122 1285 et
137 1256 164 1284 in
179 1255 325 1293 parabola,
343 1255 368 1284 in
384 1263 440 1292 qua
454 1255 624 1292 exprimitur
639 1255 770 1284 meritum
787 1258 814 1284 et
829 1255 948 1284 retribu-

95 1303 148 1338 tio,
177 1303 306 1331 Matthaei
330 1303 484 1340 vigesimo,
507 1303 625 1332 dicitur:
662 1303 736 1331 Tolle
764 1303 842 1341 qaod
863 1306 947 1331 taam

95 1354 136 1379 est
156 1354 223 1385 etc,
245 1353 272 1379 et
294 1350 376 1387 plura
397 1350 552 1379 consimilia
574 1350 755 1387 reperiuntur
768 1362 775 1384 3
797 1350 860 1379 ideo
884 1350 948 1379 alio-

96 1406 159 1426 rum
182 1397 282 1434 positio
303 1401 360 1431 est,
383 1397 458 1434 quod
480 1397 597 1433 gloriam
613 1405 667 1425 non
690 1400 798 1425 tantum
814 1397 948 1434 contingit

95 1444 197 1473 mereri
221 1444 321 1472 merito
343 1444 470 1481 eonorai
483 1461 521 1464 —
538 1443 591 1472 tale
613 1444 687 1472 enim
710 1445 843 1473 meritum
866 1453 947 1481 repe-

95 1492 144 1520 riri
168 1494 257 1528 potest
278 1491 304 1519 in
328 1491 417 1528 gratia
439 1491 525 1527 gratis
547 1491 612 1519 data
626 1508 665 1512 -—
680 1492 727 1520 sed
744 1492 827 1520 etiam
844 1492 947 1521 contin-

95 1539 134 1576 git
155 1539 258 1567 mereri
280 1538 380 1567 merito
402 1538 557 1575 Condiani,
579 1546 631 1575 pro
652 1546 684 1567 eo
706 1539 781 1576 quod
798 1539 903 1575 gratiae
919 1543 946 1568 et

95 1586 200 1623 gloriae
222 1585 360 1622 quaedam
385 1587 426 1613 est
440 1585 692 1619 commensuratio,
709 1589 736 1614 et
751 1585 777 1614 in
794 1586 850 1615 Deo
865 1594 946 1623 quae-

95 1633 159 1662 dam
182 1633 256 1662 cadit
277 1632 422 1669 obligatio,
437 1640 491 1660 non
507 1640 543 1660 ex
566 1633 743 1666 necessitate,
765 1633 814 1661 sed
836 1641 872 1662 ex
895 1642 946 1662 sua

95 1688 173 1709 mera
196 1679 388 1716 benigynitate,
410 1687 466 1715 qua
488 1679 577 1707 voluit
597 1679 762 1716 promittere
785 1683 811 1708 et
832 1683 945 1717 pactum

96 1726 210 1755 firmare
231 1734 294 1755 cum
318 1726 362 1754 liis
384 1726 431 1762 qui
447 1734 512 1754 eum
528 1726 693 1763 diligerent,
716 1727 790 1764 quod
807 1735 835 1756 se
852 1727 943 1764 ipsum

95 1773 254 1803 mercedem
270 1773 310 1802 eis
324 1773 503 1807 retribueret,
519 1773 591 1802 sicut
606 1773 631 1801 in
647 1773 787 1802 Abraham
802 1774 944 1811 appareff.

173 1820 200 1849 Si
222 1823 317 1849 autem
332 1820 452 1849 velimus
467 1820 661 1854 considerare,
677 1820 740 1857 quis
756 1821 873 1849 istorum
892 1828 946 1849 mo-

95 1868 196 1897 dorum
219 1867 328 1896 dicendi
351 1867 386 1896 sit
407 1867 519 1902 verior;
541 1867 732 1902 inveniemus,
754 1868 829 1905 quod
849 1876 946 1897 secun-

94 1915 162 1944 dum
185 1915 311 1943 diversas
333 1915 555 1951 comparationes
576 1915 669 1951 operis
684 1915 818 1943 meritorii
842 1916 946 1952 reperi-

94 1965 140 1990 tur
162 1962 190 1990 in
212 1969 244 1990 eo
264 1965 291 1990 et
312 1961 444 1990 meritum
461 1961 588 1999 eonyrni
601 1964 629 1990 et
644 1961 776 1990 meritum
796 1962 944 1999 eondiyni.

94 2009 171 2046 Opus
182 2009 256 2037 enim
273 2008 447 2037 meritorium
464 2009 700 2046 comparationem
716 2008 800 2037 babet
815 2009 849 2037 ad
863 2009 945 2046 prin-

95 2056 216 2093 cipiam,
238 2063 254 2083 a
276 2063 332 2092 quo
353 2055 427 2089 exit,
443 2058 470 2083 et
484 2055 519 2084 ad
541 2054 645 2091 finem,
668 2063 719 2092 pro
734 2064 789 2092 quo
808 2055 851 2089 fit,
867 2059 894 2084 et
908 2056 944 2085 ad

92 2106 213 2136 statam,
230 2103 256 2131 in
273 2111 329 2139 quo
350 2102 389 2130 fit.
405 2119 443 2122 ——
458 2102 483 2130 Si
506 2102 656 2139 loquamur
678 2102 713 2131 de
734 2103 793 2139 ipso
808 2111 857 2140 per
873 2111 945 2131 coin-

94 2150 266 2187 parationem
288 2150 323 2178 ad
344 2149 544 2187 principiam,
567 2150 605 2178 sic
621 2158 693 2187 opus
708 2153 735 2178 et
749 2153 842 2178 ortum
860 2150 945 2179 habet

93 2205 108 2225 a
131 2197 276 2225 volantate
298 2197 389 2225 libera
418 2201 444 2226 et
466 2200 558 2225 ortum
582 2197 666 2225 habet
687 2205 703 2225 a
722 2197 834 2235 qratia.
858 2197 888 2225 Et
917 2197 943 2225 in

93 2248 229 2281 quantum
252 2247 346 2272 ortum
368 2244 453 2273 habet
474 2252 489 2272 a
513 2244 658 2272 voluntate
681 2244 790 2277 libera,
806 2247 848 2273 est
864 2245 945 2273 meri-

94 2291 196 2319 torium
218 2291 319 2319 merito
340 2291 484 2329 conyrai;
505 2291 544 2320 sic
565 2291 639 2319 enim
662 2291 783 2328 quodam
802 2292 885 2320 modo
900 2300 945 2319 no-

94 2342 183 2366 strum
207 2341 248 2367 est
279 2341 305 2366 et
326 2338 405 2375 quasi
437 2338 554 2367 alterius
582 2339 692 2375 generis
717 2342 773 2369 est,
804 2347 887 2376 quam
911 2339 945 2367 sit

92 2385 186 2422 ipsum
202 2385 368 2422 praemium.
391 2385 465 2422 quod
482 2385 565 2413 debet
576 2386 599 2413 ei
621 2385 748 2414 retribui.
764 2385 792 2413 ln
809 2388 943 2422 quantum

94 2435 187 2461 autem
211 2435 304 2460 ortum
327 2432 412 2460 habet
433 2440 448 2459 a
467 2432 588 2469 qratia,
611 2432 665 2466 sic,
687 2440 751 2460 cum
774 2432 863 2468 gratia
886 2432 946 2460 red-

95 2479 141 2508 dat
163 2480 303 2508 bominem
327 2482 471 2516 acceptum
494 2479 551 2508 Deo
573 2483 600 2507 et
621 2479 656 2508 sit
677 2479 745 2516 quid
768 2479 904 2512 divinum,
920 2481 947 2506 et

94 2527 129 2556 ad
151 2527 203 2556 lioc
225 2527 260 2556 sit
281 2527 418 2558 ordinata,
440 2530 471 2554 ut
493 2526 576 2555 ducat
597 2526 631 2554 ad
654 2526 761 2559 Deum;
783 2533 853 2562 opus
876 2525 945 2553 illud

95 2578 136 2603 est
157 2574 332 2603 meritorium
356 2574 457 2603 merito
478 2573 624 2611 eondifflii.

1799 240 1855 268 667

1086 318 1112 346 Si
1134 320 1229 347 autem
1251 326 1448 355 comparemus
1463 326 1534 356 opus
1551 318 1724 347 meritorium
1740 318 1774 347 ad
1791 327 1857 347 eum

1002 373 1059 402 pro
1081 374 1136 403 qao
1159 364 1204 399 fit,
1220 365 1273 394 hoc
1287 368 1378 402 potest
1399 373 1460 394 esse
1475 365 1639 402 dupliciter:
1660 365 1702 394 vel
1718 365 1751 394 ad
1770 365 1858 403 lar-yi-

1007 416 1093 441 tatem
1115 413 1328 450 dispensantis,
1352 413 1396 441 vel
1418 413 1453 441 ad
1475 413 1626 441 veritatem
1642 412 1813 449 pollicentis.
1829 413 1856 441 Si

1006 462 1185 495 comparetur
1206 459 1240 487 ad
1264 459 1433 497 laryitatem
1455 459 1663 497 dispensantis,
1686 460 1724 488 sic
1746 463 1788 488 est
1803 467 1857 488 me—

1005 505 1133 534 ritorium
1158 506 1256 534 merito
1278 506 1420 543 conara&
1442 514 1507 535 nam
1529 515 1580 543 pro
1599 514 1667 535 suae
1682 506 1857 535 liberalitatis

1005 552 1192 581 immensitate
1213 553 1292 582 decet
1314 553 1406 590 ipsum
1430 562 1481 590 pro
1502 554 1611 582 modico
1630 553 1764 591 obsequio
1780 554 1857 582 retri-

1005 597 1093 626 buere
1116 606 1248 635 magnum
1271 600 1428 636 praemium
1442 600 1459 628 ⁴.
1481 600 1507 628 Si
1531 608 1598 629 vero
1619 603 1799 637 comparetur
1821 600 1856 629 ad

1004 645 1156 673 veritatem
1174 645 1358 682 pollicentis,
1384 654 1420 674 ex
1446 655 1501 684 qua
1528 647 1656 684 promisit
1681 650 1708 676 et
1733 647 1856 684 quodam

1005 691 1088 719 modo
1111 700 1139 720 se
1161 692 1319 721 voluntarie
1341 693 1490 730 obligavit,
1513 694 1588 731 quod
1611 697 1687 722 tanto
1708 695 1786 731 operi
1802 697 1858 723 tan-

1005 741 1063 766 tum
1081 738 1212 767 redderet
1228 738 1237 751 ⁵
1254 739 1428 776 praemium3
1444 740 1483 769 sic
1498 748 1569 777 opus
1589 741 1658 769 illud
1680 741 1855 770 meritorium

1004 788 1046 813 est
1067 785 1167 814 merito
1189 786 1334 823 condigni.

1083 832 1109 860 Si
1131 836 1225 861 autem
1249 835 1330 861 tertio
1350 833 1433 862 modo
1449 842 1646 871 comparemus
1661 843 1732 871 opus
1747 835 1857 864 merito-

1004 879 1078 908 rium
1094 880 1129 908 ad
1145 883 1267 913 statam,
1282 880 1335 909 hoc
1350 883 1441 917 potest
1456 888 1517 909 esse
1530 881 1695 918 dupliciter:
1709 884 1757 910 aut
1772 890 1857 918 quan-

1004 929 1065 955 tum
1087 927 1121 955 ad
1145 927 1283 964 temporis
1305 928 1569 964 opportunitatem,
1591 931 1640 957 aut
1661 932 1797 966 quantum
1820 928 1855 957 ad

1004 973 1101 1010 operis
1123 973 1332 1011 difficultatem.
1355 974 1381 1002 Si
1398 977 1534 1011 quantum
1551 975 1587 1003 ad
1603 975 1740 1012 temporis
1755 984 1856 1012 oppor-

1005 1020 1175 1055 tunitatem,
1198 1021 1264 1057 quia
1285 1029 1360 1050 nunc
1381 1024 1423 1050 est
1445 1025 1557 1058 tempas
1578 1022 1762 1056 seminandi,
1785 1022 1857 1051 sicut

1004 1067 1071 1096 dicit
1092 1067 1238 1104 Apostolus
1253 1068 1277 1102 ⁰,
1299 1071 1326 1096 et
1348 1068 1395 1105 qui
1418 1068 1483 1097 facit
1497 1076 1583 1106 opera
1604 1069 1746 1098 meritoria
1760 1077 1855 1098 semen

1004 1114 1114 1151 proiicit
1130 1115 1158 1143 in
1177 1119 1289 1143 terram
1305 1115 1431 1143 bonam:
1448 1124 1614 1153 congruum
1630 1120 1687 1150 est,
1706 1120 1737 1145 ut
1752 1124 1788 1145 ex
1805 1117 1856 1146 bac

1004 1165 1080 1190 terra
1103 1170 1235 1199 magnum
1258 1162 1381 1191 fructum
1405 1163 1547 1200 suscipiat.
1564 1163 1594 1192 Et
1609 1163 1671 1192 ideo
1692 1166 1767 1192 recte
1782 1163 1856 1192 Deus

1004 1209 1044 1243 ei,
1067 1209 1114 1247 qui
1138 1209 1164 1237 in
1185 1210 1325 1246 praesenti
1341 1210 1456 1239 dimittit
1471 1210 1628 1245 modicum,
1645 1211 1782 1248 promittit
1797 1211 1856 1240 red-

1004 1256 1071 1285 dere
1093 1257 1256 1294 centuplum
1271 1257 1288 1285 ⁷.
1309 1257 1335 1285 Si
1357 1260 1452 1286 autem
1474 1258 1668 1287 consideretur
1690 1258 1786 1295 operis
1807 1267 1855 1287 ar-

1004 1303 1122 1337 dnitas,·
1144 1304 1210 1341 quia
1232 1313 1304 1341 opus
1325 1305 1380 1333 tale
1401 1305 1440 1334 sic
1462 1305 1545 1334 estin
1562 1305 1705 1334 voluntate
1721 1305 1855 1340 facientis,

1003 1353 1035 1378 ut
1047 1350 1081 1379 sit
1096 1358 1183 1387 supra
1199 1351 1285 1385 vires3
1301 1354 1328 1380 et
1342 1351 1426 1379 homo
1441 1351 1568 1380 elevetur
1580 1352 1606 1380 in
1622 1351 1748 1380 faciendo
1764 1352 1854 1389 ipsum

1003 1404 1090 1434 supra
1112 1405 1160 1432 se,
1184 1400 1210 1426 et
1233 1397 1304 1426 bono
1326 1398 1441 1435 proprio
1463 1401 1616 1435 praeponat
1637 1398 1740 1426 bonum
1770 1402 1856 1427 aeter-

1003 1452 1089 1472 num:
1113 1445 1177 1473 hinc
1200 1448 1260 1479 est,
1283 1446 1357 1482 quod
1381 1445 1435 1474 tale
1458 1453 1546 1482 genus
1568 1445 1661 1482 operis
1680 1449 1794 1474 aeterna
1816 1453 1857 1474 re-

1005 1492 1197 1521 muneratione
1219 1495 1260 1521 est
1282 1492 1415 1529 dignum,
1442 1496 1468 1521 et
1494 1493 1533 1522 sic
1558 1501 1608 1530 per
1634 1493 1725 1530 ipsum
1755 1493 1856 1522 mereri

1003 1539 1138 1575 contingit
1160 1539 1260 1567 merito
1283 1539 1430 1577 eondiyni.

1083 1585 1157 1614 Patet
1179 1586 1283 1622 igitur,
1305 1586 1381 1623 quod
1397 1594 1468 1623 opus
1486 1586 1676 1621 meritorium,
1700 1586 1856 1615 considera-

1003 1634 1062 1660 tum
1079 1632 1105 1660 in
1122 1633 1330 1669 comparatione
1349 1633 1384 1661 ad
1406 1633 1567 1661 voluntatis
1583 1633 1742 1661 libertatem
1758 1636 1785 1662 et
1801 1633 1856 1662 dis—

998 1679 1167 1716 pensatoris
1198 1679 1401 1708 liberalitatem
1427 1684 1454 1708 et
1486 1680 1623 1717 temporis
1655 1680 1856 1717 opportunita-

1003 1730 1074 1760 tem,
1096 1730 1138 1755 est
1164 1727 1341 1756 meritorium
1369 1727 1469 1755 merito
1495 1728 1629 1765 congrui.
1657 1727 1854 1765 Comparatum

1002 1782 1069 1802 vero
1091 1774 1126 1802 ad
1146 1774 1266 1812 yratiae
1289 1774 1461 1812 dignitatem
1475 1797 1483 1808 ,
1509 1775 1543 1803 ad
1568 1774 1730 1811 pollicentis
1752 1775 1857 1803 verita-

1002 1824 1056 1849 tem
1085 1824 1112 1849 et
1133 1821 1167 1849 ad
1189 1821 1239 1849 sui
1259 1821 1353 1857 ipsias
1373 1821 1590 1859 difficultatem,
1614 1825 1655 1850 est
1677 1821 1854 1850 meritorium

1002 1868 1101 1897 merito
1117 1868 1263 1906 condigni.
1279 1886 1317 1889 —
1333 1869 1363 1897 Et
1378 1877 1427 1905 per
1444 1869 1495 1898 hoc
1512 1869 1580 1898 solvi
1597 1872 1715 1906 possunt
1734 1869 1856 1898 rationes

1001 1918 1028 1944 et
1049 1916 1230 1945 auctoritates
1251 1916 1285 1945 ad
1309 1919 1460 1954 utramque
1475 1919 1582 1953 partem
1599 1916 1742 1951 inductae,
1757 1924 1809 1953 pro
1824 1924 1856 1945 eo

1001 1963 1076 2000 quod
1099 1963 1254 1992 secundum
1278 1963 1405 1992 diversas
1427 1963 1486 1992 vias
1507 1963 1671 2001 procedunt.
1692 1963 1758 1991 Nam
1776 1963 1857 1991 ratio-

1001 2018 1065 2044 nes,
1087 2018 1160 2047 quae
1182 2010 1317 2047 probant,
1340 2011 1415 2047 quod
1438 2018 1487 2048 per
1503 2010 1621 2047 gratiam
1646 2010 1780 2047 contingit
1801 2018 1856 2038 me-

1001 2057 1055 2086 reri
1079 2058 1236 2094 praemium
1258 2061 1404 2086 aeternum
1420 2058 1521 2087 merito
1536 2058 1684 2095 condigni,
1700 2058 1856 2094 procedunt

1001 2104 1157 2132 secundum
1180 2104 1297 2132 alteram
1314 2105 1431 2133 istarum
1449 2094 1705 2133 considerationum
1720 2104 1737 2132 Β.
1754 2121 1791 2124 -
1807 2104 1855 2131 Illa

1000 2154 1093 2179 tamen
1116 2151 1202 2185 ratio,
1225 2159 1297 2188 quae
1318 2151 1349 2179 fit
1371 2152 1405 2180 de
1427 2151 1510 2180 simili
1533 2151 1740 2188 comparatione
1755 2150 1854 2187 culpae

1000 2197 1035 2226 ad
1059 2206 1193 2235 poenam,
1216 2201 1242 2226 et
1264 2198 1369 2235 gratiae
1392 2198 1426 2226 ad
1450 2198 1584 2235 gloriam,
1607 2206 1659 2226 non
1683 2198 1769 2234 cogit:
1794 2200 1852 2225 tum

1001 2245 1067 2282 quia
1089 2245 1178 2282 gloria
1200 2246 1288 2273 multo
1304 2245 1368 2282 plus
1390 2245 1503 2274 excellit
1520 2245 1544 2273 iii
1563 2245 1650 2278 bono,
1666 2253 1749 2281 quam
1766 2252 1854 2281 poena

1001 2292 1028 2320 in
1052 2292 1144 2326 malo;
1168 2296 1226 2320 tum
1253 2292 1353 2325 etiam,
1383 2292 1449 2329 quia
1478 2292 1587 2320 facilius
1614 2295 1656 2320 est
1684 2291 1853 2320 descendero

1002 2347 1085 2376 quain
1108 2339 1268 2367 ascendere.
1284 2356 1322 2359 —
1338 2339 1465 2367 Rationes
1482 2346 1549 2367 vero
1564 2339 1598 2367 ad
1614 2339 1772 2375 oppositum
1793 2346 1854 2375 pro-

1002 2386 1106 2414 cedunt
1127 2386 1283 2414 secundum
1306 2385 1389 2413 aliam
1413 2386 1501 2420 viam,
1525 2386 1654 2414 videlicet
1676 2388 1760 2422 prout
1782 2393 1853 2421 opus

1002 2432 1086 2461 habet
1108 2432 1263 2469 comparari
1286 2433 1321 2461 ad
1343 2433 1519 2461 volantatem
1541 2436 1674 2460 nostram
1686 2443 1695 2466 ;
1717 2433 1756 2461 sic
1777 2433 1851 2460 enim

1003 2487 1057 2507 non
1079 2482 1120 2507 est
1142 2479 1176 2507 de
1199 2487 1227 2507 se
1249 2479 1390 2507 sufficiens
1411 2479 1447 2507 ad
1470 2481 1652 2510 merendunn
1674 2488 1737 2508 nain
1754 2488 1852 2508 omnes

1003 2526 1134 2554 institiae
1157 2530 1273 2553 nostrae
1287 2526 1364 2554 sient
1376 2535 1497 2563 pannas
1518 2527 1735 2555 nienstraatae⁹
1744 2538 1753 2560 ;
1768 2530 1851 2564 prout

1003 2573 1085 2601 etiam
1116 2572 1199 2601 habet
1227 2573 1383 2609 comparari
1413 2573 1447 2601 ad
1471 2572 1675 2602 liberalitatem
1697 2573 1850 2608 divinam,

159 2731 165 2746 1
186 2732 264 2754 Plures
276 2732 351 2759 codd,
365 2733 423 2754 inter
440 2738 498 2760 quos
510 2734 563 2754 sunt
580 2731 597 2753 ll
609 2732 627 2753 K
640 2731 657 2753 T
669 2731 707 2758 bb,
726 2738 778 2753 cum
791 2731 844 2753 edd.
859 2732 879 2759 2,
898 2732 918 2759 3,
932 2731 945 2753 4

95 2771 194 2800 oratioe.

157 2811 167 2825 ‘2
185 2811 260 2834 Mattli.
282 2812 315 2839 16,
329 2811 369 2833 27:
382 2811 408 2833 Et
426 2814 479 2834 tunc
496 2811 577 2833 reddet
589 2811 714 2839 unicuique
727 2810 856 2832 seeundum
874 2816 944 2838 opera

96 2850 151 2872 eius.
170 2850 235 2872 Rom.
254 2851 275 2875 2,
293 2851 313 2872 6.
331 2863 363 2866 -
380 2851 432 2879 Seq.
451 2854 523 2873 textus
541 2854 574 2872 cst
593 2850 633 2872 loc.
653 2851 688 2872 cit.
707 2856 729 2871 v.
753 2849 785 2871 lsi.

158 2888 167 2903 ³
185 2890 240 2911 Gen.
263 2889 295 2917 15,
319 2890 335 2911 1;
354 2889 401 2912 Noli
415 2891 506 2917 timore,
525 2888 622 2916 Abram,
636 2895 679 2917 ego
694 2892 810 2917 protector
829 2892 881 2911 tuus
893 2895 944 2911 sum

96 2930 117 2949 et
128 2934 216 2950 merces
229 2932 265 2951 tua
279 2934 362 2956 magna
377 2929 490 2950 nimis.—
501 2928 569 2950 Paulo
583 2929 691 2956 superius
704 2934 746 2956 pro
757 2928 857 2958 firmare
869 2929 947 2956 plures

96 2966 170 2993 codd,
187 2970 211 2989 ut
225 2966 294 2988 FlW
305 2967 331 2995 Z,
351 2966 510 2996 confirmart’‚·
521 2966 587 2988 deine
601 2966 677 2994 dedd„
695 2970 788 2994 excepta
811 2968 828 2995 1,
846 2966 946 2996 (Ζίῖίμῑιηῖ

96 3011 137 3032 pro
155 3004 286 3035 diligerent,
307 3010 328 3028 et
346 3005 412 3028 codd.
426 3006 431 3026 1
444 3006 461 3027 Κ
473 3006 491 3027 Y
504 3012 530 3027 aa
549 3012 601 3028 cum
619 3005 654 3027 ed.
673 3006 677 3026 1
700 3004 813 3028 tribueret
826 3011 867 3033 pro
881 3005 946 3027 retri-

97 3042 181 3066 beteret.

1067 2730 1075 2744 ⁴
1093 2730 1200 2758 ,inselm.,
1220 2730 1322 2758 Proslog.
1340 2736 1358 2752 c.
1381 2730 1417 2752 10:
1435 2730 1463 2751 lta
1486 2730 1560 2752 iustus
1582 2736 1617 2755 cs.
1641 2736 1685 2752 non
1710 2731 1761 2759 qma
1785 2731 1851 2753 nobis

1003 2770 1087 2792 reddas
1105 2769 1222 2797 debitum,
1241 2769 1282 2791 sed
1299 2770 1351 2797 quia
1372 2769 1425 2791 tat-ts
1437 2769 1500 2797 quod
1519 2772 1539 2791 tc
1553 2768 1628 2796 decet,
1647 2775 1738 2791 summe
1754 2769 1849 2792 bonum.

1067 2809 1077 2823 ⁵
1093 2808 1165 2830 Codd.
1184 2808 1201 2830 H
1212 2808 1230 2829 T
1242 2808 1259 2830 Y
1270 2807 1301 2830 bb
1319 2811 1341 2830 et
1358 2807 1393 2830 od.
1413 2809 1425 2829 2
1443 2807 1529 2831 reddet.

1066 2847 1074 2861 ὅ
1093 2848 1161 2875 Epist.
1181 2848 1203 2869 11.
1222 2846 1272 2869 Cor.
1292 2848 1312 2875 9,
1332 2847 1357 2874 6;
1375 2847 1422 2869 Gal.
1441 2848 1461 2875 6,
1480 2848 1500 2869 8.
1518 2859 1549 2863 —
1567 2847 1598 2869 De
1616 2854 1680 2876 seqq,
1699 2847 1752 2869 vide
1775 2848 1849 2870 Manli.

1008 2888 1040 2915 13,
1063 2888 1095 2908 18.
1114 2894 1189 2915 seqq,
1209 2887 1274 2908 Marc.
1295 2886 1314 2914 4,
1334 2887 1369 2908 26.
1388 2893 1464 2915 seqq,
1483 2886 1536 2908 Luc.
1556 2887 1576 2913 S,
1600 2887 1631 2908 ll.
1651 2893 1715 2915 seqq.

1065 2926 1074 2940 ⁷
1093 2926 1168 2947 Mattb.
1192 2926 1224 2952 19,
1243 2926 1279 2947 29.

1066 2965 1075 2979 8
1092 2964 1164 2987 Codd.
1184 2965 1201 2986 li
1214 2965 1243 2985 W
1253 2965 1271 2986 Y
1284 2971 1309 2986 aa
1323 2964 1354 2986 bl)
1371 2967 1412 2986 ete.
1431 2971 1484 2987 cum
1502 2965 1538 2987 ed.
1561 2965 1565 2986 1
1589 2964 1806 2988 considerationem.

1066 3004 1075 3018 Ψ
1095 3004 1142 3026 lsai.
1161 3003 1203 3031 622,
1222 3004 1246 3025 6:
1261 3004 1285 3026 Et
1298 3005 1362 3032 quasi
1381 3010 1471 3032 pannus
1483 3008 1637 3027 menstruatae
1651 3005 1772 3027 universae
1791 3005 1850 3027 iusti-

1004 3044 1046 3065 tiae
1065 3046 1161 3065 nostrae.

1870 324 1963 342 Secunda.

1870 847 1940 865 Tertia.

1869 1648 1968 1666 Conclusio
1981 1648 1998 1665 ᾖ.

1870 1742 1970 1760 Conclusio
1981 1742 1997 1759 3.

1870 1883 1898 1900 Ad
1912 1888 1963 1905 arg-g.

1868 2118 1897 2135 Ad
1911 2118 1927 2135 3.
1944 2118 1985 2136 sun·

1870 2142 1985 2159 effluentum.
