2243 3425
32 426 74 445 uium
88 425 104 444 1,

0 514 21 572 J
31 550 107 569 ustinus.

4 861 15 874 ι,
29 853 107 872 brosius.

12 2302 13 2306 ¹
24 2310 72 2330 bium
88 2310 105 2329 3.

844 210 1031 240 DlSTlNCTlO
1053 211 1141 240 XXIX.

120 294 171 314 non
191 286 299 318 habuit,
320 287 383 321 quia
402 291 578 322 praeceptum
593 287 639 314 Dei
654 288 829 322 contempsit,
843 295 893 314 nec
906 296 967 322 pru-

120 330 251 362 dentiam,
272 329 335 364 quia
355 329 405 356 sibi
431 337 483 357 non
510 330 642 364 providit,
669 338 718 357 nec
744 331 966 364 temperantiam,

120 373 182 407 quia
202 372 289 399 aliena
302 373 429 406 appetiit,
443 380 492 399 nec
506 373 703 404 fortitudinem,
717 373 781 407 quia
795 380 896 407 pravae
909 380 968 407 sug-

118 415 229 450 gestioni
249 415 337 442 cessit.
351 430 386 434 —
399 415 501 447 Quibus
526 415 719 450 respondentes
744 415 877 447 dicimus,
905 423 967 442 eum

119 458 227 492 quidem
254 465 306 484 non
332 461 396 485 tunc
415 458 543 485 habuisse
562 458 612 485 has
632 458 759 490 virtutes,
779 458 887 492 quando
907 466 967 492 pec-

118 501 204 533 cavit,
223 501 270 528 sed
291 504 366 534 ante,
388 504 414 528 et
433 505 496 528 tunc
516 501 646 528 amisisse.
660 500 735 532 Quod
750 501 841 527 multis
860 501 967 528 Sancto-

117 552 176 571 rum
196 545 355 571 testimoniis
374 544 574 579 comprobatur.
595 544 638 570 Ait
657 544 727 571 enim
750 545 914 577 Augustinus
940 543 966 569 in

118 587 235 622 quadam
254 587 405 614 Homilia¹:
425 587 540 619 «Adam,
560 587 665 621 perdita
686 587 806 618 caritate,
825 586 911 613 malus
931 586 967 612 111-

118 634 213 657 ventus
239 633 322 657 est».
348 630 430 657 ltem:
463 641 473 653 ι(
491 630 619 664 Princeps
645 630 786 661 vitiorum,
809 629 873 656 dum
899 629 967 655 vidit

116 673 216 704 Adam,
236 673 269 700 de
289 673 351 700 limo
372 676 460 700 terrae
480 673 513 700 ad
533 673 676 707 imaginem
695 673 743 699 Dei
764 673 877 705 factum,
891 672 968 706 pudi-

117 716 180 743 citia
194 719 341 749 armatum,
355 716 532 750 temperantia
546 716 739 750 compositum,
754 716 865 742 caritate
878 715 968 749 splen-

117 759 225 792 didum,
245 759 347 793 primos
366 761 491 793 parentes
510 758 562 785 illis
580 758 657 785 donis
677 766 709 785 ac
730 758 808 785 tantis
827 757 904 784 bonis
925 764 967 784 ex-

117 802 242 836 spoliavit
261 803 416 837 pariterque
435 802 549 837 peremit
567 813 591 828 ».
611 802 649 828 De
669 802 721 828 hoc
742 801 838 828 eodem
857 800 967 827 Ambro—

119 845 174 872 sius
194 845 226 872 ad
247 845 375 872 Sabinum
387 845 395 858 ²
415 845 468 871 ait:
494 856 504 868 «
518 844 629 876 Quando
643 844 728 871 Adam
742 844 815 871 solus
835 847 899 875 erat,
914 850 965 870 nou

117 890 157 914 est
175 888 393 922 praevaricatus,
419 888 482 922 quia
506 888 564 914 eius
590 895 664 914 mens
689 888 743 914 Deo
764 887 966 914 adhaerebat».

117 930 204 965 Super
222 930 355 957 Psalmum
376 937 485 965 quoque
505 930 584 962 dicit,
604 931 677 965 quod
702 931 807 957 «homo
828 933 888 957 ante
907 937 967 965 pec-

117 977 207 1001 catum
227 974 398 1001 beatissimus
423 981 515 1001 auram
541 974 671 1008 carpebat
690 974 843 1001 aetheream
864 985 887 1000 ».
914 973 966 1000 Sed

118 1017 254 1052 quomodo
268 1017 325 1044 sine
340 1017 439 1044 virtute
452 1017 623 1044 beatissimus
638 1018 711 1044 erat?
725 1017 890 1050 Augustinus
904 1024 968 1052 quo-

117 1067 170 1094 que
190 1067 271 1094 super
290 1060 413 1087 Genesim
425 1060 433 1073 3
454 1060 533 1093 dicit,
553 1060 639 1087 Adam
656 1064 717 1087 ante
730 1063 871 1095 peccatum
891 1071 901 1083 «ι
916 1060 967 1094 spi-

117 1103 187 1129 ritali
207 1106 296 1130 mente
315 1103 467 1137 praeditum
488 1103 569 1130 fuisse
583 1114 607 1129 ».
626 1103 684 1130 Non
705 1106 745 1129 est
764 1110 826 1136 ergo
846 1102 967 1129 dubitan-

118 1145 196 1178 dum,
217 1146 351 1172 hominem
373 1149 434 1173 ante
452 1149 595 1181 peccatum
616 1146 762 1173 virtutibus
779 1145 899 1176 fulsisse,
919 1144 967 1172 sed

117 1188 169 1215 illis
187 1196 237 1223 per
254 1192 396 1223 peccatum
417 1189 594 1223 exspoliatum
615 1189 705 1216 fuisse.

481 1275 542 1302 CAP.
562 1275 604 1302 III.

278 1361 315 1387 De
334 1359 458 1387 electione
478 1359 597 1387 hominis
616 1361 648 1387 de
666 1359 804 1395 paradiso.

187 1446 215 1473 In
235 1446 305 1473 illius
325 1454 433 1481 quoque
453 1447 557 1481 peccati
578 1454 692 1481 poenam
707 1447 809 1474 eiectus
823 1450 863 1473 est
877 1447 910 1473 de
922 1454 967 1482 pa-

118 1490 209 1518 radiso
228 1491 253 1516 in
274 1490 352 1517 istum
374 1491 543 1517 miseriarum
563 1490 665 1523 locum,
679 1491 749 1517 sicut
763 1491 788 1517 in
804 1490 898 1517 Genesi
910 1491 919 1503 ⁴
933 1491 967 1518 le-

100 1554 102 1557 .
117 1534 204 1567 gitur:
224 1534 306 1560 Nunc
324 1541 402 1569 erqo,
421 1541 455 1560 ne
473 1534 541 1568 forle
562 1533 649 1560 mittat
666 1541 781 1560 manum
794 1541 872 1560 suam
887 1538 910 1560 ec
922 1542 967 1560 szc-

116 1580 173 1603 mat
191 1576 222 1603 de
244 1576 316 1613 lz'yno
335 1576 405 1603 vilae
425 1580 448 1603 et
467 1576 586 1603 comedat
611 1580 634 1603 et
658 1576 733 1603 vivat
751 1576 781 1603 111
807 1581 966 1609 (zelai-num,-

117 1619 205 1646 emz'sz't
230 1627 290 1646 eum
312 1620 383 1646 Deus
403 1618 434 1646 de
450 1618 582 1654 paradiso
602 1618 755 1654 voluptatis.
768 1634 804 1638 —
817 1619 863 1645 His
876 1619 966 1645 verbis

119 1663 249 1689 insinuari
269 1662 389 1695 videtur,
409 1662 481 1697 quod
502 1669 639 1696 nunquam
659 1665 823 1694 moreretur,
838 1662 859 1688 si
873 1665 966 1697 postea

118 1706 151 1733 de
171 1706 216 1733 illo
237 1706 375 1732 sumsisset
395 1705 474 1739 ligno.

482 1791 542 1818 CAP.
562 1791 604 1818 IV.

195 1876 332 1910 Quomodo
353 1876 560 1912 z'ntelliyenclzcm
579 1877 614 1904 sit
633 1876 706 1904 illud
717 1886 722 1903 z
743 1877 782 1904 Ne
800 1881 889 1903 sumat

259 1920 290 1947 de
310 1920 383 1955 lt'yno
402 1919 472 1946 vitae
491 1924 515 1946 ec
533 1919 606 1946 vivat
627 1920 656 1947 ίη
675 1924 822 1947 aeternum.

189 2006 240 2033 Sed
261 2007 325 2041 quia
345 2014 393 2040 per
412 2010 549 2041 peccatum
562 2005 618 2032 iam
635 2010 775 2033 mortuum
795 2007 967 2042 001711135113-

117 2049 212 2083 bebat,
232 2049 277 2076 illa
295 2049 377 2076 verba
392 2057 425 2076 ex
439 2049 483 2076 tali
498 2049 634 2076 intellectu
648 2049 736 2083 accipi
750 2053 870 2084 possunt.
884 2051 968 2084 Deus,

119 2093 198 2120 modo
220 2093 278 2119 irati
298 2092 423 2127 loquens,
437 2092 470 2119 de
484 2092 592 2119 homine
612 2092 729 2126 superbo
743 2093 793 2119 ait:
813 2093 917 2126 Videtey
935 2101 968 2120 oze

118 2135 185 2170 forte
203 2135 293 2162 mittat
311 2143 426 2161 mmmm
445 2142 523 2161 suem
543 2138 593 2161 etc.
614 2134 640 2160 id
661 2138 712 2167 est,
732 2138 833 2166 cavete,
853 2143 901 2161 vos
918 2135 968 2162 An-

119 2178 184 2212 geli,
204 2185 237 2204 ne
257 2178 381 2204 comedat
401 2177 434 2204 de
453 2177 524 2211 ligno
544 2177 628 2210 vitae,
649 2184 702 2211 quo
724 2177 847 2211 indignus
868 2178 968 2211 051;(10

121 2228 187 2255 quo,
207 2221 228 2247 si
248 2221 420 2256 perstitisset,
441 2220 595 2247 comederet
614 2223 639 2246 et
653 2220 754 2247 viveret
775 2221 801 2246 in
821 2224 967 2254 aeternum,

119 2264 165 2290 sed
180 2264 260 2291 modo
274 2267 386 2298 propter
404 2263 611 2290 inobedientiam
626 2263 751 2297 indignus
765 2267 804 2290 est
817 2264 967 2291 comedere.

118 2306 151 2333 Et
169 2307 238 2333 sicut
259 2306 341 2333 verbo
361 2306 443 2339 dixit,
462 2306 499 2332 ita
519 2313 601 2340 opere
615 2306 745 2333 exhibuit.
765 2307 882 2333 «Emisit
897 2307 967 2333 enim

119 2357 181 2377 eum
200 2351 270 2377 Deus
290 2350 324 2377 de
344 2349 469 2384 paradiso
496 2349 642 2384 voluptatis
668 2350 693 2375 in
719 2349 808 2376 locum
835 2350 885 2376 sibi
909 2357 969 2376 con-

120 2399 231 2426 gruum,
251 2394 321 2419 sicut
339 2393 500 2427 plerumque
520 2392 621 2424 malus,
647 2399 708 2419 cum
736 2393 804 2419 inter
830 2392 915 2419 bonos
933 2393 970 2419 vi-

185 2584 192 2599 ²
211 2585 283 2606 Serm.
303 2584 331 2607 de
349 2583 459 2612 Symbolo
472 2586 550 2605 contra
567 2582 674 2611 Iudaeos,
693 2585 734 2605 etc.
748 2589 766 2605 c.
785 2584 806 2605 2.
820 2583 886 2607 (inter
899 2589 969 2611 opera

121 2624 235 2651 August).
254 2624 305 2652 Seq.
324 2623 388 2645 loeus
400 2622 455 2644 ibid.
468 2627 551 2650 parum
563 2623 677 2650 superius,
695 2622 717 2643 in
730 2628 776 2650 quo
790 2621 858 2644 codd.
875 2626 897 2644 et
908 2621 968 2649 cdd„

123 2664 215 2690 excepta
239 2662 255 2690 l,
273 2662 332 2684 male
349 2661 404 2684 vicit
426 2667 468 2689 pro
490 2660 559 2689 vidit,
583 2660 646 2689 quod
667 2661 795 2683 secundum
818 2661 928 2689 originale
949 2663 970 2683 et

122 2701 243 2729 Hugonem
261 2701 395 2729 ponendum
413 2703 453 2723 est.

184 2739 193 2754 ἵ
211 2741 279 2767 Epist.
298 2739 334 2761 49.
353 2746 375 2761 11.
393 2740 414 2761 9..
432 2740 484 2768 Seq.
497 2739 561 2761 locus
579 2740 645 2761 estin
659 2739 693 2761 Ps.
716 2739 764 2761 llS.
782 2744 850 2761 serm.
871 2738 890 2760 4.
909 2745 929 2761 11.
949 2738 969 2761 3,

184 2778 194 2793 3
211 2779 271 2801 Libr.
289 2778 327 2801 Xl.
345 2785 364 2801 0.
383 2778 419 2801 42.
438 2785 459 2800 n.
477 2778 520 2805 603
540 2779 579 2800 cfr.
597 2779 664 2801 etiam
682 2778 718 2800 Vl.
737 2784 755 2800 c.
775 2778 811 2800 ⁶27.
830 2784 850 2800 11.
870 2777 906 2799 38.

185 2817 194 2831 ⁴
211 2817 266 2845 Cap.
285 2817 305 2845 3,
324 2818 360 2839 ⁴22.
379 2817 415 2839 23.
433 2817 456 2839 ln
474 2817 580 2845 Vulgata,
599 2823 658 2845 quae
680 2818 758 2844 incipit.
780 2823 864 2838 novam
888 2822 970 2844 propo-

124 2858 241 2881 sitionem,
260 2857 352 2880 additur
369 2857 399 2880 El
416 2859 467 2879 ante
488 2856 570 2879 emisit.
590 2869 620 2872 —
636 2856 704 2884 Hugo
726 2857 762 2878 liic
785 2857 837 2878 citat
857 2857 969 2884 August,

123 2903 193 2925 super
210 2897 247 2918 Xl.
265 2896 320 2919 Gen.
338 2896 367 2918 ad
385 2896 415 2919 lit.
434 2902 452 2918 c.
471 2895 506 2918 40.
526 2902 546 2917 n.
566 2895 602 2917 54.

184 2936 194 2950 5
211 2936 339 2963 Respicitur
357 2935 422 2957 Rom.
441 2935 465 2963 8,
489 2936 521 2957 10.
539 2947 570 2951 —
584 2934 670 2961 Verba,
689 2940 747 2963 quae
760 2937 894 2962 sequuntur,
907 2934 970 2957 Deus

123 2973 192 2997 modo
209 2973 268 2996 irati
285 2973 394 3003 loquens,
415 2976 468 2996 sunt
485 2974 506 2996 in
525 2974 603 2996 Glossa
621 2973 676 2995 Gen.
695 2973 715 3000 3,
735 2973 770 2994 20.

186 3013 196 3027 6
212 3014 319 3041 August,
338 3013 360 3035 ll.
380 3013 408 3035 de
425 3013 480 3035 Gen.
498 3016 575 3035 contra
593 3013 689 3034 Manioi).
706 3018 724 3035 c.
744 3013 780 3034 2-2.
799 3018 819 3034 11.
838 3011 874 3034 34.

1813 212 1870 241 693

1025 295 1087 315 vere
1106 289 1240 324 coeperit,
1260 290 1281 316 si
1303 290 1328 316 in
1349 289 1445 317 melius
1464 290 1561 316 mutari
1588 290 1717 322 noluerit,
1738 290 1771 317 de
1791 290 1871 317 bono-

1024 338 1084 358 rum
1104 332 1310 366 congregatione
1329 332 1453 367 pellitur,
1472 333 1592 367 pondere
1611 340 1712 368 pravae
1731 337 1871 361 consuetu-

1024 373 1094 400 dinis
1113 381 1222 408 pressus
1235 374 1244 388 ⁶
1256 385 1280 402 ».

1392 461 1453 489 CAP.
1473 461 1503 488 V.

1117 545 1155 571 De
1172 545 1296 579 flaimneo
1315 545 1407 581 yladio
1428 550 1488 573 ante
1503 546 1668 582 ραν-1101150171
1685 547 1781 583 posito.

1096 630 1135 657 Ne
1155 638 1218 658 vero
1238 631 1271 658 ad
1291 631 1356 658 illud
1377 636 1469 666 posset
1488 633 1632 665 accedere,
1647 634 1786 661 collocavit
1800 635 1871 661 Deus

1024 676 1086 699 ante
1112 673 1274 707 paradisum
1307 673 1450 701 Cherubim
1466 697 1475 706 ,
1510 680 1533 701 el
1562 676 1720 710 flammeam
1747 677 1872 711 ,estodium

1024 718 1102 750 atque
1120 715 1291 748 versatilem,
1310 716 1347 743 ad
1366 717 1568 745 custodiendam
1592 719 1665 745 viam
1687 719 1756 754 lz'om'
1773 719 1842 747 vitae
1854 720 1871 748 ⁷.

1024 758 1100 790 Quod
1120 759 1195 786 iuxta
1215 759 1331 786 litteram
1351 764 1438 794 potest
1458 761 1510 787 hoc
1530 762 1609 788 modo
1630 763 1732 797 accipi,
1747 763 1809 797 quia
1824 771 1872 798 per

1024 801 1202 829 ministerium
1228 802 1392 835 Angelorum
1418 803 1495 836 ignea
1519 804 1642 831 custodia
1668 805 1705 831 ibi
1729 806 1872 833 constituta

1024 844 1080 871 fuit.
1106 845 1186 872 «Hoc
1206 845 1277 872 enim
1296 853 1346 880 per
1372 845 1501 873 caelestes
1527 850 1674 880 potestates
1700 848 1725 874 in
1745 849 1872 882 paradiso
1881 851 2007 873 Augustinus.

1024 888 1124 915 visibili
1143 888 1242 915 factum
1268 896 1327 916 esse
1347 889 1513 916 credendum
1533 893 1586 923 est,
1608 893 1637 917 ut
1655 898 1704 925 per
1724 891 1874 926 angelicum

1024 931 1203 958 ministerium
1223 931 1260 958 ibi
1280 935 1349 958 esset
1370 932 1503 966 quaedam
1524 933 1600 966 ignea
1620 933 1758 965 custodia;
1772 942 1824 960 11011
1839 937 1875 961 ta-

1024 981 1084 1001 men
1110 974 1223 1006 frustra,
1249 975 1296 1001 sed
1323 976 1387 1010 quia
1413 975 1515 1010 aliquid
1542 976 1675 1009 significat
1694 977 1727 1004 de
1746 977 1872 1011 paradiso

1024 1018 1157 1053 spirituali
1169 1018 1178 1031 Β
1191 1029 1216 1044 2.
1241 1029 1253 1041 «
1267 1017 1412 1045 Cherubim
1432 1019 1502 1045 enim
1523 1020 1714 1054 interpretatur
1730 1020 1873 1055 plenitudo

1023 1061 1165 1092 scientiae,
1186 1061 1253 1088 haec
1273 1064 1312 1088 est
1331 1062 1444 1094 caritas,
1464 1062 1527 1096 quia
1544 1062 1688 1097 plenitudo
1710 1062 1773 1099 leqz's
1786 1067 1823 1090 est
1836 1063 1874 1090 (ζί-

1026 1103 1108 1130 lectz'o.
1125 1103 1240 1131 Gladius
1253 1107 1341 1131 autem
1355 1104 1498 1139 flammeus
1511 1113 1614 1139 poenae
1629 1106 1790 1140 temporales
1803 1110 1873 1141 sunt,

1024 1154 1094 1182 quae
1114 1147 1252 1174 versatiles
1272 1150 1348 1180 sunt,
1368 1148 1496 1182 quoniam
1516 1151 1638 1183 tempora
1657 1150 1786 1177 volubilia
1803 1153 1873 1177 sunt.

1023 1190 1070 1217 Illa
1083 1197 1146 1224 ergo
1159 1190 1193 1217 ad
1207 1190 1357 1217 custodiam
1371 1190 1434 1225 ligni
1455 1191 1525 1218 vitae
1544 1192 1604 1218 ideo
1624 1192 1712 1226 posita
1732 1196 1793 1219 sunt
1813 1196 1874 1220 ante

1023 1232 1195 1267 paradisum,
1210 1233 1272 1267 quia
1287 1233 1321 1260 ad
1341 1233 1421 1260 vitam
1443 1241 1495 1260 non
1515 1234 1618 1261 reditur
1637 1235 1687 1261 nisi
1708 1242 1756 1270 per
1777 1235 1874 1262 Cheru-

1025 1275 1090 1307 bim,
1111 1276 1214 1303 scilicet
1232 1276 1427 1310 plenitudinem
1451 1277 1594 1310 scientiae,
1614 1278 1641 1304 id
1662 1282 1701 1305 est
1720 1279 1873 1311 caritatem,

1025 1322 1051 1346 et
1072 1327 1121 1354 per
1138 1319 1263 1355 gladium
1289 1319 1460 1351 versatilem,
1480 1320 1507 1346 id
1527 1324 1566 1347 est
1588 1321 1755 1348 tolerantiam
1774 1322 1874 1356 passio-

1024 1370 1089 1389 num
1107 1363 1294 1397 temporalium
1308 1374 1333 1390 ».
1648 1363 1651 1365 “

1387 1448 1447 1476 (111).
1468 1449 1509 1475 Π.

1053 1535 1101 1561 An
1119 1539 1180 1561 011ῑο
1196 1538 1336 1570 peccalum
1355 1534 1434 1561 homo
1454 1534 1597 1562 comederit
1616 1535 1647 1562 de
1668 1535 1742 1571 liyno
1761 1536 1839 1563 vitae.

1095 1621 1183 1646 Potest
1203 1624 1292 1647 autem
1312 1621 1421 1655 quaeri,
1447 1624 1537 1647 utrum
1564 1621 1597 1648 (10
1622 1621 1694 1655 ligno
1719 1622 1789 1648 vitae
1815 1625 1877 1649 ante

1024 1667 1166 1698 peccatum
1188 1663 1336 1690 comederit
1355 1663 1444 1690 1101110.
1465 1664 1502 1690 De
1521 1663 1575 1690 hoc
1589 1664 1754 1697 Augustinus
1767 1665 1794 1691 in
1807 1665 1876 1692 libro
1887 1670 2009 1693 Augustinus-

1025 1706 1058 1732 de
1078 1706 1214 1740 Baptismo
1234 1706 1409 1740 parvulorum
1422 1705 1431 1718 ⁹
1451 1706 1489 1732 sic
1510 1706 1564 1733 ait:
1583 1717 1594 1730 (ε
1606 1706 1688 1733 Recte
1707 1707 1827 1741 prolecto
1842 1708 1878 1734 in-

1026 1749 1182 1782 telliguntur
1206 1749 1287 1783 primi
1312 1749 1434 1775 homines
1455 1752 1516 1775 ante
1534 1749 1680 1783 malignam
1700 1750 1799 1777 diaboli
1819 1757 1879 1785 per-

1025 1792 1178 1819 suasi0nem
1205 1792 1366 1818 abstinuisse
1394 1799 1409 1818 a
1435 1792 1496 1818 eibo
1522 1792 1605 1819 vetito
1631 1796 1712 1827 atque
1736 1793 1777 1820 usi
1797 1793 1878 1820 fuisse

1025 1835 1161 1862 concessis
1176 1835 1196 1847 ¹⁰
1209 1846 1233 1861 n.
1248 1835 1294 1861 His
1309 1835 1398 1861 verbis
1413 1834 1571 1868 ostenditur,
1585 1835 1658 1870 quod
1673 1835 1706 1863 de
1720 1835 1791 1870 ligno
1807 1836 1878 1862 vitae

1025 1882 1085 1905 aute
1106 1881 1249 1912 peccatum
1268 1878 1429 1904 sumserint:
1451 1877 1550 1913 quibus
1570 1882 1748 1913 praeceptum
1770 1883 1835 1910 erat,
1850 1882 1878 1906 ut

1025 1921 1059 1948 de
1079 1921 1149 1947 omni
1171 1921 1242 1954 ligno
1260 1920 1379 1954 paradisi
1394 1921 1581 1953 comederent,
1595 1921 1644 1948 nisi
1660 1922 1693 1948 de
1707 1922 1778 1956 ligno
1793 1922 1879 1949 scien-

1026 1965 1078 1991 tiae
1097 1964 1160 1990 honi
1181 1967 1206 1991 et
1225 1963 1296 1990 mali.

1096 2007 1184 2039 Quare
1203 2013 1266 2040 ergo
1292 2010 1424 2041 perpetua
1444 2007 1580 2034 soliditate
1600 2011 1625 2034 et
1646 2008 1723 2035 beata
1744 2008 1877 2035 immorta-

1025 2050 1099 2077 litate
1118 2050 1205 2076 x‘estiti
1226 2057 1278 2076 nou
1298 2053 1374 2081 sunt,
1400 2053 1428 2076 ut
1454 2050 1527 2077 nulla
1555 2050 1709 2077 infirmitate
1729 2051 1770 2077 vel
1790 2054 1877 2078 aetate

1026 2093 1052 2119 in
1073 2093 1191 2119 deterius
1211 2094 1397 2119 mutarentur?
1418 2093 1490 2120 Hanc
1510 2093 1581 2120 enim
1606 2094 1732 2120 virtutem
1753 2093 1878 2120 naturali-

1026 2139 1066 2163 ter
1085 2136 1150 2162 illud
1171 2136 1271 2169 lignum
1292 2136 1419 2163 habuisse
1444 2136 1551 2163 dicitur.
1565 2151 1601 2156 —
1614 2137 1665 2164 Sed
1680 2138 1746 2163 forte
1760 2137 1811 2164 1100
1825 2144 1877 2163 non
1892 2144 1974 2163 numum
1988 2144 2006 2162 ι..

1026 2179 1193 2210 conferebat,
1213 2179 1263 2205 nisi
1284 2186 1365 2213 saepe
1390 2179 1422 2205 de
1443 2179 1487 2206 illo
1513 2183 1673 2206 sumeretur.
1699 2180 1788 2207 Potuit
1815 2187 1876 2214 ergo

1026 2223 1098 2254 fieri,
1118 2225 1148 2248 ut
1166 2222 1199 2248 (le
1218 2221 1263 2248 illo
1284 2225 1402 2248 sumeret
1424 2222 1522 2254 semel,
1550 2225 1576 2249 et
1600 2230 1653 2249 non
1679 2223 1804 2257 saepius;
1830 2223 1876 2257 qui

1025 2273 1074 2300 per
1085 2265 1201 2299 aliquam
1216 2265 1347 2291 moram¹¹
1362 2266 1389 2291 111
1404 2265 1529 2300 paradiso
1543 2265 1625 2292 fuisse
1640 2266 1803 2300 intelligitur,
1815 2273 1877 2293 cum

1026 2308 1165 2342 Scriptura
1185 2307 1271 2339 dicat,
1291 2315 1351 2334 eum
1373 2307 1409 2334 ibi
1430 2311 1587 2342 soporatum
1600 2309 1696 2340 fuisse,
1711 2309 1818 2343 quando
1835 2316 1877 2335 co-

1026 2354 1064 2377 sta
1085 2351 1118 2376 de
1139 2350 1222 2377 latere
1242 2350 1299 2376 eius
1319 2354 1437 2377 assumta
1458 2354 1512 2383 est,
1526 2354 1552 2377 et
1565 2351 1627 2377 inde
1641 2351 1752 2378 formata
1767 2351 1875 2382 mulier,

1026 2397 1051 2419 et
1071 2392 1196 2419 animalia
1217 2396 1277 2419 ante
1297 2400 1357 2419 eum
1378 2393 1472 2426 ducta,
1493 2394 1592 2428 quibus
1614 2394 1719 2421 nomina
1739 2395 1875 2428 imposuit.

1893 2016 1989 2039 Quaestio.

1089 2583 1098 2597 ⁷
1115 2584 1170 2605 Gen.
1189 2583 1209 2611 3,
1229 2583 1266 2605 24.

1089 2621 1099 2636 S
1115 2623 1224 2649 August,
1237 2622 1274 2644 Xl.
1288 2622 1315 2644 de
1333 2622 1388 2644 Gen.
1407 2622 1436 2643 ad
1454 2622 1483 2645 lit.
1502 2627 1521 2644 c.
1540 2621 1577 2644 40.
1596 2628 1617 2644 n.
1635 2622 1672 2644 ὃὸ,
1691 2623 1743 2651 Seq.
1762 2623 1825 2646 locus
1843 2627 1877 2646 est

1028 2662 1052 2683 ll.
1070 2660 1098 2683 de
1116 2661 1171 2683 Gen.
1189 2665 1266 2683 contra
1285 2661 1379 2683 Manich.
1398 2667 1417 2683 0.
1436 2661 1472 2683 23.
1490 2667 1512 2683 11.
1531 2661 1567 2684 35.
1586 2661 1631 2689 36,
1652 2662 1673 2683 111
1692 2668 1737 2691 quo
1755 2663 1876 2690 respicitur

1027 2700 1092 2722 Rom.
1116 2700 1151 2727 ¹3,
1175 2700 1207 2722 10.

1089 2738 1099 2752 ⁹
1117 2738 1168 2760 Scil.
1187 2739 1209 2760 11.
1228 2738 1256 2761 de
1282 2739 1428 2761 peccatorum
1455 2739 1542 2761 meritis
1568 2743 1589 2762 et
1616 2739 1644 2761 de
1667 2739 1729 2767 bapt.
1748 2741 1838 2769 parvul.
1857 2747 1875 2763 c.

1028 2778 1064 2800 21.
1082 2784 1103 2800 n.
1123 2777 1158 2799 355

1091 2816 1109 2831 1⁰
1127 2817 1177 2839 Sola
1196 2817 1246 2839 Yet.
1264 2817 1342 2840 addit:
1355 2823 1381 2839 ac
1393 2824 1434 2845 per
1447 2818 1490 2840 1100
1501 2820 1523 2840 et
1535 2819 1615 2841 ceteris
1633 2822 1653 2840 ct
1672 2820 1796 2847 praecipue
1814 2820 1876 2848 ligno

1027 2857 1094 2878 vitae.

1091 2894 1109 2908 n
1127 2894 1182 2917 Cod.
1201 2895 1245 2916 Erf.
1259 2895 1314 2917 liaec
1327 2897 1433 2917 annotat:
1452 2895 1509 2923 Quia
1527 2902 1569 2924 per
1581 2897 1712 2925 5011110105,
1730 2903 1772 2925 per
1788 2901 1876 2926 septem

1028 2935 1096 2956 horas
1113 2933 1195 2956 dicitur
1207 2934 1229 2955 in
1250 2934 1348 2956 historiis
1367 2933 1515 2963 [Comestoris
1534 2935 1630 2958 Historia
1644 2936 1776 2959 scholastica
1789 2944 1808 2959 0.
1822 2937 1877 2966 24.].

1027 2985 1058 2989 -
1075 2972 1131 2994 infra
1150 2978 1192 2999 pro
1209 2973 1315 2995 asstrmla
1334 2972 1401 2995 codd.
1420 2972 1463 2996 BC
1479 2974 1566 2997 sumta.
