2243 3425
16 788 121 808 Notandum

5 812 121 842 principium.

731 193 812 220 DIST.
835 192 969 221 xxxviii.
992 193 1064 220 ART.
1087 192 1115 220 [l.
1137 193 1271 229 QUAEST.
1295 193 1322 221 ll.
1830 194 1882 222 891

218 270 248 298 Et
268 272 417 306 propterea
439 273 480 298 est
500 270 573 298 alius
589 270 689 298 modus
711 270 833 304 dicendi,
856 270 930 307 quia,
953 270 986 299 si-

4 320 185 366 ‹fggggrss-etout
207 316 310 353 triplex
336 320 377 345 est
406 317 568 353 appetitus,
591 316 720 345 videlicet
746 317 897 351 naturalis,
926 324 985 345 sen-

137 364 223 393 sualis
244 364 302 392 sive
317 363 445 392 animalis
467 366 492 391 et
509 363 651 391 rationalis
663 386 670 397 ,
691 366 718 391 et
733 363 850 399 quilibet
865 363 981 392 istorum

135 411 310 448 appetituum
333 410 417 439 habet
444 418 527 438 suum
557 410 697 445 regimen,
723 418 777 438 non
799 410 922 439 absurde
944 419 984 439 re-

135 458 226 495 gimen
250 457 400 486 cuiuslibet
420 457 537 485 istorum
562 457 648 485 trium
668 456 826 493 appellatur
848 457 983 489 intentio,-

134 504 258 532 maxime
280 507 371 532 tamen
391 503 514 540 proprie
536 503 651 531 intentio
666 506 782 531 vocatur
799 503 923 539 regimen
938 512 984 540 ap-

134 550 238 587 petitus
259 550 410 578 rationalis.
425 566 464 570 -—-
481 550 510 578 Et
525 550 595 578 ratio
610 549 696 578 buius
711 552 768 583 est,
784 550 849 586 quia
864 550 899 578 ad
915 550 984 586 regi-

135 604 199 625 men
220 600 247 625 et
268 597 435 625 directivum
456 597 597 633 appetitus
618 596 756 624 naturalis
784 596 848 632 plns
877 600 983 633 spectat

135 643 216 680 dirigi
240 651 322 680 quam
347 643 484 680 dirigere3
506 643 539 671 ad
564 643 731 671 directivum
755 650 821 671 vero
842 643 983 680 appetitus

135 690 278 719 rationalis
300 689 412 727 proprie
432 693 538 726 spectat
566 690 698 726 dirigere:
726 689 893 718 directivum
918 698 984 718 vero

135 737 275 774 appetitus
297 737 415 765 brutalis
442 736 650 773 quodammodo
677 736 800 764 medium
832 737 930 765 tenet¹.
953 737 984 765 Et

135 785 199 813 hinc
221 787 270 818 est,
293 784 367 821 quod
389 783 529 812 naturalia
552 786 699 812 moventur
721 783 843 820 quadam
865 785 984 812 necessi*-

136 835 206 865 tate,
229 830 373 859 rationalia
396 838 462 859 vero
484 838 561 859 mera
577 830 717 864 libertate,
742 830 823 859 bruta
840 839 906 860 vero
928 840 984 860 mo-

134 881 236 906 ventur
258 877 378 914 quadam
402 877 624 914 z'mpettiosz‘lttte,
647 885 718 914 quae
734 881 775 906 est
797 877 881 914 1111ἤά
904 878 984 907 liber-

136 927 219 953 tatem
248 928 274 952 et
294 932 390 961 supro.
412 924 618 956 necessitatem
640 932 694 952 non
720 924 792 952 enim
815 929 932 961 possunt
954 933 982 954 se

134 971 247 999 omnino
268 971 441 1007 reprimere,
470 974 496 999 et
523 975 615 999 tamen
644 974 762 1008 possunt
783 971 817 999 ad
841 972 982 1008 oppositas

134 1022 228 1056 partes
250 1018 365 1047 tendere
375 1018 392 1045 ².
415 1018 491 1047 Sicut
513 1018 598 1055 igitur
613 1018 710 1055 regula
732 1019 866 1047 directiva
888 1026 983 1055 opera-

1044 271 1124 300 tionis
1146 271 1287 307 reperitur
1310 271 1336 299 in
1359 271 1541 300 rationalibus
1565 271 1704 308 proprie,
1727 272 1754 299 in
1776 278 2006 300 sensua-Concmsio.

1042 317 1116 346 libus
1136 318 1236 346 monos
1255 318 1393 355 proprie,
1410 318 1435 346 in
1452 318 1629 346 naturalibus
1650 318 1826 355 &impropria
1848 318 1886 347 sio

1041 368 1068 393 et
1090 365 1211 393 intentio.

1120 413 1150 440 Et
1171 420 1221 449 per
1244 413 1295 441 hoc
1316 416 1391 450 patet
1413 413 1555 449 responsio
1570 413 1605 441 ad
1620 413 1811 450 quaestionem
1826 421 1888 450 pro·
1897 417 1992 459 fflsjarsng-
2009 424 2029 436 u-

1040 458 1171 494 posstam,
1193 463 1220 487 et
1240 459 1274 487 ad
1302 460 1423 488 rationes
1450 460 1485 488 ad
1508 463 1656 496 utramque
1679 463 1794 496 partem.
1817 459 1885 487 Nam
1895 464 1925 482 tis-
1949 447 2030 465 [ΗΜ

1041 505 1154 533 intentio
1170 506 1282 541 proprie
1297 510 1422 542 accepta,
1438 507 1593 535 secundum
1609 507 1681 543 quod
1700 507 1766 535 dicit
1782 507 1885 542 lumen,

1041 559 1091 587 per
1112 551 1187 588 quod
1209 555 1248 580 est
1272 553 1381 580 collatio
1402 557 1429 581 et
1451 554 1592 582 tendentia
1620 555 1645 582 in
1675 555 1781 589 Deum,
1802 559 1888 584 atten-

1041 597 1117 625 ditur
1139 598 1212 626 eiroa
1240 599 1348 627 animae
1371 600 1572 635 supremum³3
1594 604 1621 629 et
1646 601 1708 630 ideo
1731 602 1782 631 lioc
1806 603 1887 631 modo

1042 644 1067 671 in
1091 644 1157 672 solis
1190 645 1372 674 rationalibus
1400 647 1555 683 reperitur,
1589 648 1661 676 sicut
1683 649 1744 677 illae
1766 650 1887 679 rationes

1041 691 1199 719 ostendunt.
1222 692 1338 720 Intentio
1359 700 1441 727 vero,
1463 697 1547 730 prout
1562 695 1628 723 dicit
1642 696 1844 725 ordinationem
1861 701 1888 726 et

1041 738 1222 766 directionem
1245 739 1385 775 appetitus
1407 739 1442 767 ad
1471 740 1593 777 aliquem
1620 743 1771 771 terminum
1793 743 1837 771 vel
1859 744 1888 771 fi-

1041 793 1103 813 nem
1126 785 1311 821 quietantem‚
1333 794 1386 814 non
1416 787 1610 815 tantummodo
1639 791 1680 816 est
1702 789 1728 816 in
1750 790 1888 819 rationali—

1041 831 1103 863 bus,
1125 832 1211 859 immo
1233 833 1315 860 etiam
1340 832 1366 860 in
1396 832 1503 866 brutis,
1525 834 1597 862 sicut
1618 835 1688 863 aliae
1710 836 1831 865 rationes
1852 837 1886 865 ad

1040 878 1123 906 aliam
1146 882 1253 915 partem
1277 880 1436 908 ostendunt.
1453 881 1483 908 Et
1498 881 1536 909 sic
1558 884 1645 917 patet,
1661 882 1736 918 quod
1752 886 1888 920 utraeque

1041 925 1159 954 diversis
1182 925 1233 954 viis
1254 934 1353 954 verum
1377 927 1556 962 concludunt,
1578 931 1604 956 et
1626 932 1774 965 propterea
1795 937 1889 958 conce-

1041 972 1149 1000 dendae
1170 977 1243 1001 sunt.

882 1121 1143 1158 SCHOLION.

198 1222 212 1243 1.
231 1221 291 1250 Quid
308 1223 335 1244 sit
347 1221 455 1249 intentio,
470 1222 595 1250 explicatur
607 1223 629 1244 in
647 1228 695 1251 seq.
708 1223 842 1251 quaestione
856 1223 908 1250 (cir.
922 1223 983 1245 Alex.

134 1261 190 1288 Hal.⁷
209 1261 230 1282 S.
250 1267 272 1288 p.
291 1261 313 1282 ll.
333 1267 354 1289 q.
373 1261 410 1283 96.
428 1267 458 1282 rn.
477 1261 497 1282 3.
516 1267 536 1282 a.
559 1262 575 1282 1.
593 1261 607 1290 3
629 1261 645 1289 l,
663 1264 685 1283 et
702 1262 724 1283 S.
743 1261 833 1288 Thom.,
847 1262 868 1283 S.
888 1262 900 1283 l.
920 1262 942 1284 ll.
961 1268 982 1290 q.

139 1300 171 1322 1-2.
190 1306 210 1321 a.
233 1300 268 1327 l.).
286 1299 363 1322 Distert
382 1304 457 1322 autem
476 1299 572 1322 intenlio
590 1300 619 1322 ab
637 1299 754 1323 electione.
771 1300 858 1323 Electio
871 1301 932 1323 enim
950 1301 984 1323 di-

134 1342 195 1361 recte
212 1340 305 1366 respicit
326 1346 352 1361 ea
376 1345 436 1367 quae
458 1342 510 1361 sunt
526 1339 555 1361 ad
579 1339 660 1367 finem,
683 1342 757 1361 tamen
781 1340 801 1361 in
823 1340 931 1362 relatione
954 1340 983 1362 ad

134 1378 215 1406 finem;
233 1377 329 1400 intentio
347 1380 423 1400 autem
437 1377 522 1400 directe
540 1379 632 1406 respicit
644 1378 724 1406 finem.
743 1381 818 1400 tamon
835 1379 856 1400 in
875 1379 983 1401 relatione

134 1418 163 1440 ad
180 1423 205 1439 ea
225 1423 283 1445 quac
301 1419 354 1439 sunt
371 1417 398 1439 ad
422 1416 489 1439 finem
514 1417 557 1443 (de
574 1416 683 1440 electione
701 1417 740 1439 csr.
759 1418 831 1440 ltincr.
854 1419 936 1440 mentis
954 1418 982 1440 ad

133 1456 218 1483 Deum⁷
231 1462 249 1478 c.
263 1456 288 1483 3;
301 1455 329 1477 (1(-
342 1455 468 1478 intentione
482 1455 517 1477 lV.
531 1456 591 1478 svnt.
610 1456 631 1478 d.
645 1456 666 1478 6.
684 1462 706 1483 p.
721 1456 743 1478 11.
763 1463 782 1478 a.
796 1457 816 1478 2.
830 1463 852 1485 q.
870 1457 886 1478 1.
901 1457 939 1483 2.).
953 1469 983 1473 --

134 1495 155 1516 S.
168 1495 254 1516 Bonav.
268 1500 319 1516 cum
333 1494 461 1516 Alexandro
473 1494 520 1515 Hal.
534 1496 555 1515 et
567 1494 631 1516 Petro
644 1494 672 1516 sle
686 1494 737 1516 Tar.
751 1494 870 1522 distinguit
882 1496 983 1517 intentio-

134 1540 186 1556 nem
202 1535 224 1555 in
236 1540 304 1556 sensu
318 1533 422 1563 larqt'ore
439 1536 461 1555 et
481 1534 502 1554 in
521 1539 588 1555 sensu
601 1533 711 1562 proprio,
732 1534 788 1555 (10111
802 1534 823 1555 S.
843 1534 926 1556 Tuom.
940 1535 983 1556 hoc

134 1573 183 1595 loco
196 1573 343 1595 intentionem
357 1572 435 1594 definit
448 1576 535 1594 tantum
548 1573 568 1594 in
582 1578 650 1594 sensu
663 1573 748 1595 stricto.
762 1573 817 1594 Hinc
830 1574 903 1595 oritur
914 1574 981 1595 etiam

134 1613 240 1635 diversus
257 1612 342 1635 modus
360 1611 471 1641 loquendi
493 1612 514 1633 in
532 1611 644 1633 solutione
668 1613 736 1634 liuius
754 1613 901 1640 quaestionis.
925 1612 981 1634 Nam

133 1653 155 1675 S.
169 1653 271 1674 Thomas
287 1651 412 1679 respondet
424 1650 551 1673 secundum
570 1652 668 1678 primam
687 1651 827 1679 opinionem,
840 1652 861 1673 in
878 1657 982 1679 respons.

133 1692 242 1719 positam,
256 1691 355 1719 solisque
368 1689 516 1712 rationalibus
534 1690 644 1712 creaturis
661 1690 808 1711 intentionem
821 1690 934 1717 attribuit;
954 1691 982 1712 de

133 1737 177 1759 qua
196 1731 303 1758 opinione
321 1730 342 1751 S.
363 1730 447 1751 Bonan
465 1729 562 1755 iudicat,
581 1735 631 1751 eam
650 1735 699 1751 esse
717 1729 873 1751 rationabilem
887 1733 908 1751 et
926 1731 982 1751 wri-

133 1772 201 1791 101901
221 1769 307 1796 dicere,
325 1768 398 1790 vitleri
415 1771 491 1790 autem
510 1768 607 1790 eandem
622 1774 666 1790 non
684 1769 798 1790 sufficere.
811 1768 875 1790 Ratio
894 1772 981 1796 nutem,

134 1814 202 1837 quam
216 1814 257 1835 pro
276 1809 318 1829 bac
330 1808 454 1829 assertione
472 1808 547 1833 affert,
566 1807 586 1828 in
600 1813 624 1829 se
642 1811 676 1829 est
688 1808 807 1829 verissima
826 1807 981 1835 omnibusque

133 1847 240 1876 probata,
259 1848 355 1875 scilicet,
368 1847 430 1875 qnod
444 1847 511 1869 etiam
525 1846 668 1868 naturalibus
686 1846 757 1868 rebus
770 1847 820 1868 insit
834 1847 928 1875 quidam
938 1847 982 1875 'ap-

133 1887 217 1914 petitus
235 1886 264 1908 ad
284 1886 448 1913 perfectionem
471 1891 536 1907 suam
555 1887 576 1907 et
594 1885 632 1907 Dci
655 1885 828 1907 similitudinem
851 1892 893 1907 sno
911 1886 981 1907 modo

133 1924 298 1954 acquirendam
316 1924 368 1951 (cir.
387 1924 408 1946 S.
428 1924 519 1951 Tuom,
538 1924 559 1946 S.
580 1924 592 1945 1.
611 1931 633 1952 q.
653 1923 688 1945 44.
708 1931 727 1946 a.
746 1924 770 1951 43
789 1924 810 1946 S.
829 1930 847 1946 c.
865 1925 929 1946 Gent.
949 1925 980 1946 111.

133 1969 152 1986 c.
175 1964 207 1986 19.
225 1964 308 1992 seqq).
326 1963 398 1985 Immo
419 1964 487 1985 etiam
505 1963 553 1990 ipse
575 1963 597 1984 S.
616 1963 698 1984 Tliom.
718 1963 787 1990 (locis
809 1963 853 1985 citt.
872 1967 893 1985 ct
913 1963 980 1991 alibi)

1041 1223 1114 1245 verbo
1131 1223 1251 1246 intendere
1268 1225 1338 1246 utitur
1355 1225 1376 1246 in
1389 1231 1456 1247 sensu
1472 1226 1580 1253 largiore,
1594 1226 1678 1248 scilicet
1690 1226 1719 1248 de
1736 1229 1838 1255 appetitu
1852 1234 1888 1250 na·

1041 1263 1106 1284 turali
1124 1269 1201 1284 rerum
1219 1262 1433 1292 t‘ri'ationahilitmt,
1454 1264 1547 1292 quando
1565 1264 1624 1292 dicit,
1644 1274 1653 1285 «1
1668 1266 1730 1294 qnod
1754 1267 1829 1288 omnia
1853 1266 1888 1289 in-

1041 1301 1140 1324 tendunt
1157 1303 1276 1324 assimilari
1294 1303 1341 1325 Deo
1354 1311 1363 1322 n
1374 1321 1379 1330 ‚
1397 1304 1433 1325 vel
1452 1304 1515 1332 quod
1536 1312 1546 1323 11
1558 1310 1711 1333 unaquaeque
1734 1308 1837 1328 creatura
1854 1306 1887 1328 in-

1041 1340 1112 1363 tendit
1129 1343 1238 1370 consequi
1256 1348 1322 1364 suam
1341 1343 1537 1370 perfectionem».
1556 1343 1612 1365 Hinc
1630 1343 1684 1365 dicit
1701 1344 1793 1372 Dionys.
1811 1344 1886 1368 Carth.

1042 1380 1091 1405 (liic
1108 1387 1129 1409 q.
1149 1380 1191 1408 3.):
1213 1389 1222 1400 α
1236 1381 1332 1402 Videtur
1350 1384 1425 1403 tamen
1444 1382 1525 1408 positio
1547 1381 1720 1404 Bonavcnturae
1737 1384 1811 1411 aptior
1829 1390 1886 1406 csse.

1041 1418 1133 1441 Certum
1151 1422 1185 1441 cst
1202 1426 1313 1447 namque,
1332 1420 1395 1448 quod
1412 1421 1487 1442 omnis
1499 1421 1597 1448 potentia
1616 1421 1693 1443 tendat
1705 1422 1726 1443 in
1744 1428 1812 1444 suum
1825 1422 1888 1445 obie-

1041 1461 1114 1485 ctum,
1133 1459 1200 1480 otiam
1219 1459 1345 1481 intellectus
1356 1459 1519 1486 speculatifflns
1535 1463 1577 1482 etc.
1590 1468 1611 1481 ».
1630 1460 1674 1482 Sed
1692 1463 1735 1483 tota
1753 1462 1809 1483 naec
1826 1461 1887 1484 disse-

1041 1498 1110 1519 rentia
1130 1498 1231 1519 consistit
1249 1499 1269 1519 in
1288 1497 1358 1520 modo
1376 1498 1496 1526 loquendi,
1518 1499 1576 1520 sicut
1592 1499 1659 1520 etiam
1678 1500 1719 1521 alia
1738 1501 1758 1521 in
1777 1501 1886 1523 solvenda

1040 1542 1088 1564 seq.
1108 1537 1152 1561 (2.)
1171 1537 1305 1564 quaestione
1323 1536 1459 1564 differentia,
1478 1544 1537 1565 quae
1550 1538 1693 1566 aliquatenus
1710 1540 1816 1562 cohaeret
1833 1547 1886 1563 cum

1041 1576 1122 1603 prima.
1135 1575 1190 1596 Nam
1210 1576 1231 1597 S.
1246 1575 1327 1597 Tbom.
1347 1582 1399 1597 cum
1414 1576 1538 1604 izit-nardo,
1556 1577 1623 1598 Scoto
1636 1578 1731 1606 aliisque
1747 1579 1810 1606 (licit,
1824 1580 1887 1608 quod

1041 1615 1133 1636 intentio
1159 1615 1252 1642 proprie
1277 1618 1311 1636 est
1340 1618 1403 1636 actus
1427 1614 1566 1643 roltmldtt's,
1590 1619 1688 1637 1110111011
1711 1620 1886 1646 praesupposita

1040 1652 1182 1675 0161001100(-
1201 1653 1293 1675 rationis
1310 1653 1436 1675 ordinantis
1452 1654 1538 1682 aliqtnd
1550 1655 1570 1676 in
1584 1654 1652 1676 finem
1667 1664 1675 1674 u
1695 1656 1730 1681 (S.
1749 1656 1762 1677 l.
1777 1657 1798 1678 ll.
1811 1664 1833 1685 q.
1854 1658 1886 1680 12.

1040 1698 1060 1714 a.
1082 1692 1099 1714 l.
1117 1693 1138 1713 in
1157 1698 1220 1719 corp.
1238 1695 1259 1713 ct
1278 1692 1306 1714 ad
1325 1692 1362 1719 3.).
1382 1692 1442 1714 ldcm
1461 1693 1588 1715 secundnm
1611 1700 1667 1721 rem,
1685 1695 1725 1717 sed
1743 1696 1791 1718 aliis
1809 1697 1887 1719 verbis

1040 1728 1061 1752 S.
1080 1730 1166 1752 Bonav.
1185 1730 1239 1752 divit
1256 1731 1292 1753 liic
1310 1731 1331 1752 in
1350 1737 1412 1758 corp.
1431 1734 1452 1753 et
1473 1732 1501 1753 ad
1520 1732 1540 1753 3.

1104 1769 1126 1791 ll.
1146 1770 1249 1798 Plerique
1262 1772 1454 1792 commentatores
1467 1771 1566 1799 Magistri
1584 1775 1706 1802 utramque
1720 1774 1788 1796 buius
1800 1775 1886 1797 articuli

1039 1809 1197 1837 quaestionem
1215 1809 1280 1830 unica
1299 1813 1386 1837 quaest.
1399 1809 1529 1832 absolvunt.
1548 1823 1577 1826 —
1595 1812 1656 1834 Alex.
1675 1813 1731 1841 Hal„
1749 1814 1791 1835 loc.
1809 1815 1844 1836 cit.
1858 1827 1888 1830 —

1039 1849 1106 1875 Scot.y
1124 1849 1146 1869 in
1164 1850 1263 1876 utroque
1275 1848 1375 1876 scripto,
1395 1849 1430 1871 bic
1442 1856 1463 1877 q.
1483 1850 1556 1872 unica.
1574 1863 1605 1866 -—
1620 1851 1640 1872 S.
1660 1851 1750 1879 Tuom..
1768 1853 1803 1875 liic
1820 1859 1840 1874 a.
1862 1854 1886 1881 33

1039 1887 1102 1908 Sum.
1120 1887 1162 1908 loc.
1180 1887 1215 1908 cit.
1226 1886 1289 1908 -Β,
1303 1886 1395 1915 albert,
1408 1888 1444 1909 nic
1456 1894 1476 1910 a.
1494 1888 1515 1910 5.
1525 1901 1556 1904 —
1566 1889 1623 1911 Petr.
1636 1896 1647 1911 a
1666 1890 1726 1919 Tan,
1740 1891 1776 1913 hic
1792 1898 1812 1913 a.
1832 1892 1851 1913 rl.
1865 1893 1886 1914 2.

1039 1925 1060 1946 3.
1079 1938 1108 1941 —
1125 1925 1232 1947 Ricliard.
1250 1932 1262 1947 a
1281 1926 1346 1951 Med..
1365 1927 1400 1948 llic
1418 1933 1439 1948 a.
1458 1927 1477 1948 3.
1497 1933 1520 1955 q.
1543 1928 1559 1949 1.
1578 1928 1598 1950 2.
1616 1940 1648 1944 -—
1662 1929 1735 1957 AEgid.
1758 1930 1792 1957 R„
1811 1931 1846 1952 liic
1864 1937 1885 1959 q.

1040 1965 1060 1986 2.
1078 1971 1098 1986 a.
1120 1964 1137 1986 1.
1156 1977 1185 1979 ss
1204 1964 1312 1992 Durand.³
1331 1965 1367 1987 hie
1385 1972 1406 1994 q.
1426 1966 1445 1987 2.
1465 1979 1494 1982 —
1513 1967 1603 1995 Dionys.
1622 1966 1705 1995 Curtii„
1723 1969 1764 1990 loc.
1784 1969 1818 1991 cit.

902 2054 1065 2090 QUAESTIO
1087 2054 1115 2082 ll.

301 2153 405 2181 Utrum
427 2152 546 2181 intentio
567 2152 597 2180 z'n
619 2152 818 2181 rationalibus
839 2161 868 2180 se
890 2156 984 2180 teneat
1004 2161 1039 2180 eac
1057 2156 1144 2189 parte
1165 2153 1340 2187 rittelleetus,
1364 2153 1405 2181 vel
1425 2162 1461 2182 eae
1479 2158 1566 2191 parte
1588 2154 1716 2192 affectus.

210 2251 336 2281 Secundo
348 2251 495 2288 quaeritur
506 2251 540 2279 (le
555 2251 715 2285 intentione,
730 2251 885 2280 secundum
903 2251 977 2288 quod

130 2298 272 2335 reperitur
294 2299 320 2326 10
344 2297 538 2326 rationalibus:
561 2301 658 2326 utrum
681 2305 709 2326 se
733 2301 823 2326 teneat
844 2306 880 2326 ex
900 2301 978 2334 parte

130 2345 297 2378 intellectus,
319 2345 363 2373 vel
384 2352 421 2373 ex
443 2348 522 2381 parte
543 2345 668 2373 affectus.
691 2344 721 2372 Et
742 2344 816 2381 quod
839 2352 875 2372 ex
900 2347 978 2381 parte

131 2391 262 2429 affectus,
285 2392 406 2420 videtur.

213 2440 234 2466 l.
257 2438 418 2468 Bernardus
445 2439 480 2467 ad
512 2439 697 2475 Eugenium⁴÷
733 2438 790 2466 «Ut
818 2438 918 2466 oculus
944 2438 979 2465 sit

192 2591 199 2605 ¹
218 2591 262 2614 Cir.
280 2598 350 2619 supra
369 2598 422 2620 pag.
436 2591 493 2617 604,
507 2595 558 2614 notu
572 2591 592 2619 5,
606 2595 627 2614 et
639 2592 729 2613 aristot.
741 2609 745 2618 ,
756 2591 784 2612 <le
797 2591 892 2612 Animal.
906 2594 977 2617 motu,

130 2636 148 2652 c.
168 2630 188 2652 3.
207 2636 271 2659 seqq.
290 2630 318 2658 (c.
337 2631 358 2652 6.
372 2633 438 2659 seq).
450 2642 481 2646 —
495 2631 563 2652 l'aulo
575 2631 683 2657 superius
695 2636 737 2657 pro
750 2629 781 2651 ml
792 2629 897 2659 reqimen
910 2629 978 2650 codd.

130 2670 148 2691 V
159 2670 177 2691 Y
195 2675 221 2692 cc
238 2673 260 2691 et
276 2669 312 2691 ed.
335 2670 339 2691 1
363 2669 447 2692 liabent
464 2669 496 2691 ml
513 2669 652 2698 requivam,
673 2672 694 2691 et
712 2675 762 2690 mox
782 2675 824 2696 pro
841 2669 931 2697 spectat
947 2667 978 2690 cli-

129 2708 206 2737 rt'qere
223 2709 244 2729 in
263 2708 370 2735 pluribus
388 2707 463 2735 codd.y
482 2711 505 2729 ut
523 2708 529 2728 l
541 2708 558 2729 li
570 2708 587 2729 T
599 2708 618 2729 V
629 2708 657 2728 W
669 2707 686 2729 Y
697 2707 729 2729 hl)
739 2714 772 2734 eey
790 2707 873 2734 legitur
890 2707 978 2735 spectat

129 2753 218 2776 γραῦ-13.

190 2785 200 2799 ‘2
218 2786 249 2807 De
268 2786 310 2807 hac
328 2792 351 2807 re
369 2785 434 2812 plura
452 2785 539 2807 videsis
556 2791 625 2812 sopra
644 2784 666 2806 d.
685 2784 721 2806 25.
735 2791 756 2812 p.
771 2785 784 2806 l.
797 2791 818 2813 q.
836 2785 853 2806 l.
866 2796 896 2799 —
908 2784 978 2806 Paulo

128 2825 236 2852 superius
254 2830 296 2852 pro
313 2830 381 2846 mera
399 2823 520 2851 libet—tate,
541 2830 611 2852 quam
628 2824 748 2846 lectionem
766 2830 792 2845 ex
805 2823 872 2845 codd.
891 2823 906 2844 F
916 2823 935 2845 K
953 2830 978 2845 ce

128 2864 282 2889 restituimus,
301 2863 368 2889 edd.y
391 2866 484 2890 excepta
506 2864 528 2890 1,
547 2869 601 2885 cum
618 2869 662 2885 non
682 2863 761 2890 paucis
778 2862 845 2885 codd.
869 2866 977 2890 corrupte

127 2902 235 2924 exhibent
251 2908 317 2924 meru
336 2901 482 2924 liberalitate.

190 2940 199 2955 3
219 2941 276 2962 Vide
294 2947 363 2968 supra
382 2946 435 2968 pag.
454 2940 511 2967 642,
530 2944 581 2962 nota
600 2941 621 2962 S.
633 2953 665 2956 —
677 2941 797 2969 Aliquanto
815 2941 922 2969 superius
934 2947 976 2969 pro

128 2979 198 3007 (licit,
219 2980 282 3008 quod
300 2980 321 3001 in
340 2979 445 3007 plurimis
463 2979 543 3007 codd.⁷
562 2982 585 3001 ut
603 2979 620 3001 H
631 2979 649 3001 K
661 2979 681 3001 X
694 2979 726 3001 bb
739 2986 764 3001 cc
776 2986 802 3002 ee
814 2984 864 3007 ete,
878 2986 919 3002 nec
932 2986 976 3002 non

1036 2250 1170 2287 simplex.
1199 2251 1255 2278 dno
1283 2254 1349 2279 sunt
1376 2251 1546 2285 necessaria,
1576 2251 1705 2281 videlicet
1733 2253 1833 2281 caritas
1856 2253 1881 2281 in
1896 2257 2024 2275 Fundamenta

1897 2286 1929 2303 [ΠΟ
1939 2286 1973 2298 [lna
1985 2286 2025 2304 pal*-

1036 2298 1186 2326 intentione
1214 2301 1241 2325 et
1262 2297 1366 2325 veritas
1389 2297 1415 2325 in
1437 2297 1569 2326 electione
1581 2310 1608 2331 »;
1629 2299 1678 2327 sed
1705 2299 1805 2328 caritas
1826 2308 1881 2328 non
1896 2304 2024 2345 {gffssfflfflffi

1034 2348 1076 2373 est
1091 2344 1143 2372 nisi
1160 2345 1185 2372 in
1208 2344 1362 2372 voluntate:
1379 2352 1445 2381 ergo
1461 2345 1482 2373 si
1498 2345 1598 2373 caritas
1613 2349 1655 2374 est
1677 2346 1703 2374 in
1718 2346 1881 2381 intentione,

1036 2390 1151 2418 intentio
1173 2398 1201 2418 se
1223 2393 1298 2418 tenet
1319 2398 1355 2418 ex
1377 2393 1455 2426 parte
1477 2391 1637 2419 voluntatis.

1115 2438 1141 2465 2.
1164 2437 1239 2471 Item,
1259 2437 1429 2474 Augustinus
1445 2438 1518 2471 dicit7
1534 2441 1561 2466 et
1576 2438 1696 2466 liabetur
1712 2439 1737 2467 in
1754 2439 1846 2468 littera
1857 2440 1880 2468 ⁵:

1036 2591 1057 2611 in
1084 2590 1119 2612 ed.
1149 2591 1153 2611 1
1185 2590 1282 2617 legitur,
1311 2590 1360 2611 Vnt.
1385 2589 1501 2612 substituit
1529 2589 1631 2618 dicitur,
1660 2597 1729 2619 quam
1762 2591 1880 2614 lectionem

1035 2630 1103 2650 etiam
1122 2628 1189 2650 codd.
1209 2629 1227 2650 V
1239 2629 1293 2650 WZ
1311 2628 1429 2653 exhibent„
1456 2630 1495 2657 qui
1514 2630 1608 2657 insuper
1625 2629 1733 2652 adiiciunt
1752 2630 1827 2653 Lucae
1848 2629 1880 2653 ll.

1035 2668 1122 2690 Deinde
1140 2674 1182 2695 pro
1199 2667 1329 2690 attenditur
1353 2668 1402 2689 Vat.
1420 2671 1443 2690 et
1459 2668 1512 2690 edd.
1531 2669 1557 2696 2,
1576 2669 1602 2696 3,
1622 2668 1634 2690 si
1654 2672 1780 2696 posuerunt
1797 2670 1881 2699 accipi-

1035 2708 1090 2734 tur,
1111 2709 1132 2728 et
1150 2706 1219 2733 paulo
1237 2706 1331 2728 interius
1350 2706 1398 2728 Vnt.
1422 2707 1468 2728 sola
1495 2713 1536 2734 pro
1559 2706 1733 2730 ordinationem
1750 2708 1819 2730 habet
1836 2710 1881 2731 len-

1034 2745 1148 2771 denHum,
1167 2744 1289 2773 ordinem,
1309 2745 1361 2767 edd.
1381 2746 1406 2773 2,
1425 2746 1451 2773 3,
1470 2745 1482 2767 11
1500 2745 1649 2768 tendentium.

1098 2783 1106 2797 ⁴¹
1124 2784 1184 2806 Haec
1201 2786 1253 2806 sunt
1271 2784 1379 2806 Boram-di
1397 2784 1468 2806 verba
1487 2785 1586 2812 integra,
1600 2791 1660 2813 qnae
1672 2785 1785 2808 habentur
1797 2787 1818 2808 in
1831 2787 1880 2808 eius

1034 2823 1092 2845 libro
1110 2823 1138 2845 de
1156 2823 1282 2852 Praecepto
1301 2824 1321 2845 et
1339 2822 1438 2852 dispens.
1457 2829 1476 2845 c.
1495 2823 1530 2845 lli.
1549 2830 1570 2845 n.
1589 2824 1633 2846 36:
1660 2825 1707 2852 Ego
1725 2831 1792 2853 vero,
1810 2828 1834 2847 ut
1850 2826 1880 2847 in-

1034 2863 1103 2884 terior
1120 2862 1200 2884 oculus
1218 2868 1273 2884 vere
1290 2862 1386 2890 simplex
1404 2863 1446 2890 sit,
1465 2862 1511 2884 duo
1524 2863 1553 2884 illi
1566 2868 1615 2884 esse
1628 2862 1727 2885 arbitror
1744 2865 1879 2891 necessaria,

1033 2903 1149 2924 caritatem
1166 2902 1187 2923 in
1206 2902 1341 2929 intentione,
1360 2904 1381 2923 et
1398 2902 1419 2923 in
1437 2902 1546 2923 electione
1563 2903 1690 2924 veritatem.

1096 2941 1105 2955 5
1122 2941 1162 2963 Hic
1180 2947 1199 2962 c.
1218 2940 1243 2967 4,
1263 2940 1301 2962 nbi
1319 2941 1425 2968 Magister
1442 2941 1500 2963 banc
1518 2942 1637 2969 Augustini
1656 2942 1836 2970 propositionem
1848 2942 1880 2964 as—

1034 2980 1086 3008 sert,
1105 2982 1246 3002 commutato
1263 2982 1338 3002 tamen
1356 2979 1388 3002 ad
1403 2979 1474 3009 (luem
1492 2981 1513 3002 in
1531 2979 1562 3003 ad
1578 2980 1658 3003 vitam.
