2243 3425
219 503 318 522 Distinctio

190 528 209 544 et
219 526 318 549 explicatio

189 550 199 567 3
226 549 319 568 definitio-

189 578 239 591 num.

196 737 283 755 Definitio
299 737 314 755 i.

191 1682 279 1701 Definitio
292 1682 309 1700 2.

334 184 390 213 0238

332 262 421 291 litudo
443 266 469 291 et
491 263 598 295 unitas,
621 262 713 299 ipsum
735 261 842 290 hahens
864 261 994 290 scientiae
1020 265 1131 290 sanctae
1153 264 1180 290 et

331 310 446 338 actionis
468 309 585 343 ducem,
606 312 633 337 et
654 309 689 337 ad
712 316 795 337 suum
819 307 1025 337 divinissimum
1048 308 1178 337 decorem

332 356 543 385 immutabiliter
565 356 699 384 definiens
707 367 714 390 ;
737 358 873 392 quantum
896 363 962 384 vero
979 354 1109 392 possibile
1128 358 1178 390 est,

333 403 466 432 reformat
486 410 552 431 suos
574 402 772 431 laudatores».

410 450 530 478 Istarum
552 449 746 478 definitionum
769 449 908 478 distinctio
929 453 956 478 et
971 448 1119 486 explicatio
1134 457 1180 486 po-

332 500 385 525 test
406 496 504 526 haberi
527 497 580 525 sic:
601 497 668 533 quia
689 497 781 534 prima
796 496 920 525 delinitio
941 499 982 525 est
1004 495 1179 525 hierarchiae

332 544 491 577 increatae,
513 543 585 572 duae
617 551 684 572 vero
713 546 861 580 sequentes
882 547 1007 571 creatae.
1041 543 1179 571 Differunt

330 593 440 625 autem,
462 590 527 628 quia
548 590 639 627 prima
661 590 774 619 illarum
807 590 999 627 principaliter
1025 590 1179 619 attenditur

329 645 415 674 penes
436 646 584 675 egressam
600 645 616 665 a
630 637 700 671 Deo,
722 637 771 666 sed
787 637 885 666 ultima
900 645 986 674 penes
1000 645 1178 674 reqressam,

330 684 394 713 licet
414 684 564 721 utrobique
586 686 717 721 tangatur
736 688 902 722 κέν-11110106.
918 701 956 704 ——
971 684 1062 712 Prima
1083 687 1177 712 autem

329 731 466 766 definitio,
488 739 560 768 quae
582 734 623 760 est
654 731 828 760 hierarchiae
850 731 1009 765 increatae,
1038 731 1179 768 exprimit

330 779 418 815 ipsam
435 781 571 816 quantum
592 778 627 807 ad
651 778 803 807 trinitatem
827 781 854 807 et
875 778 1020 812 unitatem,
1042 778 1080 806 ita
1102 778 1177 815 quod

328 833 379 854 nec
402 826 511 854 trinitas
531 825 706 862 praeiudicat
728 825 837 859 unitati,
859 833 909 854 nec
932 825 1024 853 unitas
1048 825 1177 858 trinitati;

329 873 378 902 sed
394 873 486 902 unitas
501 876 606 909 sper-tat
621 873 656 901 ad
672 872 868 909 perfectionem
885 872 1033 907 trinitatis,
1055 875 1081 901 et
1102 871 1178 900 trini-

327 923 369 949 tas
384 920 509 948 unitatis.
526 919 558 948 Ut
574 919 657 956 igitur
673 919 837 948 ostendatur
854 919 890 947 ibi
905 927 965 947 esse
981 919 1073 947 unitas
1089 919 1115 946 in
1132 919 1177 946 tri-

327 967 428 1001 nitate,
451 967 534 995 dicit:
556 965 735 994 Hierareltia
751 969 791 994 est
807 966 909 994 tlinina
921 965 1101 1002 pulcritudo.
1118 965 1178 993 Pul-

328 1014 438 1042 critudo
459 1013 532 1042 enim
556 1013 680 1042 consistit
702 1013 729 1041 in
751 1012 913 1050 pluralitate
935 1015 961 1040 et
993 1012 1177 1049 aequalitate,

328 1062 399 1090 sicut
421 1060 487 1089 dicit
508 1056 679 1097 Augustinus
702 1060 728 1088 in
751 1059 823 1088 libro
856 1059 890 1088 de
912 1060 983 1087 Vera
1006 1059 1144 1095 Religione
1158 1059 1177 1086 ¹.

328 1108 361 1137 Ut
381 1111 475 1136 autem
497 1107 640 1141 ostendat,
661 1106 736 1143 quod
758 1100 905 1143 pluralitas
927 1114 981 1133 non
1003 1105 1178 1143 praeiudicat

327 1155 435 1188 unitati,
458 1154 524 1183 dicit
547 1157 577 1181 at
597 1153 721 1190 simpla,
743 1153 810 1189 quia
831 1153 870 1181 sic
891 1157 933 1181 est
954 1153 990 1180 ibi
1014 1152 1176 1190 pluralitas,

326 1205 358 1230 ut
379 1205 471 1230 tamen
493 1209 547 1229 non
569 1200 683 1238 tollatur
705 1200 819 1229 unitatis
844 1200 1014 1237 simplicitas.
1037 1200 1068 1228 Ut
1091 1200 1174 1228 etiam

327 1249 469 1283 ostendat,
492 1248 566 1285 quod
599 1247 690 1276 unitas
721 1255 776 1275 non
806 1246 980 1284 praeiudicat
1001 1246 1176 1284 pluralitati,

327 1295 470 1332 subiungit
492 1298 525 1322 ut
545 1294 672 1331 optima,
695 1294 761 1331 quia
784 1294 822 1322 sic
844 1296 886 1322 est
907 1294 934 1321 in
949 1293 1006 1322 Deo
1027 1293 1130 1327 unitas,
1146 1296 1177 1322 ut

326 1346 418 1371 tamen
440 1342 475 1370 sit
500 1349 611 1370 summa
642 1341 768 1375 bonitas,
801 1349 850 1378 per
883 1349 967 1377 quain
990 1343 1031 1369 est
1053 1340 1177 1377 perfecta

327 1388 557 1423 comnnunicatffl,
596 1391 623 1417 et
652 1388 690 1417 sic
722 1395 908 1425 personarum
941 1387 1098 1424 pluralitas.
1131 1387 1178 1415 Po-

327 1440 446 1470 stremo,
468 1438 499 1464 111
520 1435 663 1469 ostendat,
696 1435 771 1472 quod
794 1435 887 1463 unitas
919 1437 1024 1471 spectat
1053 1434 1088 1463 ad
1117 1442 1176 1471 per-

325 1483 471 1512 fectionem
493 1482 677 1519 pluralitatis,
699 1485 726 1511 et
741 1490 756 1510 e
778 1490 928 1516 coiiverSO,
951 1481 1046 1510 subdit
1061 1485 1093 1509 at
1108 1490 1176 1510 eon-

325 1533 493 1563 sammata,
516 1530 543 1557 in
565 1537 621 1566 quo
644 1529 830 1566 significatur,
850 1529 926 1566 quod
955 1529 983 1557 in
1005 1528 1127 1557 trinitate
1150 1532 1177 1557 et

325 1578 431 1606 unitate
453 1577 577 1606 consistit
598 1576 758 1605 omnimoda
773 1579 800 1605 et
821 1584 933 1605 summa
955 1575 1095 1612 perfectio.

363 1644 367 1647 -
404 1624 547 1653 Secundae
569 1632 636 1652 vero
658 1623 826 1652 delinitionis
846 1623 1004 1652 intellectus
1026 1623 1065 1651 sic
1086 1626 1176 1660 potest

324 1671 431 1700 haberi.
453 1670 590 1699 Definitur
612 1670 686 1699 enim
701 1670 739 1699 ibi
755 1670 890 1707 anpeliea
905 1670 1064 1699 hierarchia
1079 1677 1175 1698 secun—

325 1719 394 1747 dum
416 1726 565 1755 egressam
585 1726 601 1746 a
622 1717 686 1746 Deo.
711 1717 859 1754 Egreditur
890 1720 984 1745 autem
1011 1725 1026 1745 a
1048 1716 1105 1745 Deo
1136 1724 1175 1745 se—

325 1765 449 1794 cundum
471 1765 607 1793 rationem
631 1764 771 1802 imaginis
803 1767 830 1792 et
856 1763 1079 1797 simulitudinis,
1103 1764 1175 1792 sicut

325 1815 352 1841 et
372 1812 471 1845 homo;
493 1814 520 1840 et
541 1812 603 1840 ideo
624 1811 652 1839 in
675 1811 722 1839 illa
744 1810 930 1845 notificatione
958 1811 1050 1848 primo
1073 1810 1176 1839 descri-

324 1859 364 1887 bit
386 1859 474 1895 ipsam
495 1858 683 1887 hierarchiam
699 1858 910 1895 11ς1611161116111ρ
931 1866 947 1885 a
969 1858 1025 1886 Deo
1046 1865 1097 1894 per
1120 1865 1174 1886 mo-

324 1906 393 1934 dum
415 1906 572 1943 imagyinis,
595 1913 659 1934 cum
682 1905 763 1934 dicit:
786 1904 968 1934 Hierarcltia
983 1908 1024 1933 est
1039 1905 1111 1933 ordo
1134 1905 1175 1933 di-

323 1953 420 1986 vz'mis,
443 1952 565 1981 seientia
587 1956 613 1980 et
632 1952 729 1980 stelio:
762 1955 793 1980 ut
815 1952 904 1986 ordo,
928 1952 955 1980 id
978 1955 1019 1981 est
1044 1952 1173 1980 ordinata

323 2003 460 2037 potestas,
482 2000 649 2036 respondeat
665 2000 750 2034 Patri,
766 2002 792 2028 et
807 1999 929 2027 seientia
945 1999 1025 2034 Filio,
1048 2002 1075 2028 et
1096 1999 1173 2028 aetio

323 2047 437 2084 Spiritui
460 2050 569 2081 sancto,
586 2046 741 2075 secundum
758 2046 937 2080 memoriam,
960 2046 1171 2083 intelligentiam

323 2096 350 2122 et
371 2093 551 2122 voluntatem.
574 2093 700 2121 Secundo
722 2100 790 2121 vero
823 2092 955 2121 describit
977 2096 1114 2129 quantuni
1137 2093 1172 2122 ad

322 2141 459 2169 rationem
480 2139 703 2173 similitudinis,
733 2148 797 2169 cum
825 2139 984 2176 subiungit:
1008 2139 1171 2176 Deisorme,

322 2187 353 2216 iit
374 2190 519 2225 tlaatttatii
538 2186 674 2224 possibile
696 2190 752 2219 est,
785 2186 922 2215 stiitttcms
951 2190 1016 2221 etc.;
1038 2190 1065 2215 et
1087 2187 1173 2223 tangi-

322 2238 368 2263 tur
389 2235 450 2271 ipsa
471 2234 633 2263 assimilatio
654 2237 790 2271 quantum
814 2234 848 2262 ad
872 2232 1021 2267 habitam,
1044 2241 1107 2262 cum
1132 2233 1173 2262 di-

322 2282 408 2310 citur:
426 2279 587 2317 Deiforme,
604 2281 631 2308 iu
649 2284 793 2318 [lactatam
807 2280 946 2318 possibile
961 2284 1028 2315 etc,
1044 2283 1071 2309 et
1086 2289 1171 2317 quan-

322 2332 381 2357 tum
404 2328 439 2357 ad
461 2331 571 2361 aetam,
594 2336 658 2356 cum
681 2328 872 2356 subinfertur:
896 2328 930 2355 Et
952 2327 992 2356 ad
1013 2327 1124 2355 inditas
1148 2327 1174 2355 ei

323 2374 551 2403 tttzmzt‘mtzz‘ones
583 2378 634 2403 etc.
667 2374 862 2403 Similitudinis
891 2375 963 2403 enim
987 2374 1045 2403 sive
1067 2374 1172 2411 gratiae

322 2422 500 2451 assimilantis
512 2425 596 2449 (tetus
612 2425 653 2450 est
668 2429 782 2450 sursum
799 2422 911 2456 ducere,
927 2422 999 2450 sicut
1013 2422 1074 2449 eius
1089 2421 1172 2459 oriyo

322 2472 363 2497 est
385 2468 535 2497 desursum
557 2468 727 2497 descendere
741 2468 759 2496 ³.

402 2515 522 2543 Tertiam
538 2519 631 2544 :uitem
644 2514 833 2544 definitionem
852 2515 890 2544 sic
906 2523 1056 2552 possumus
1074 2515 1173 2543 intolli-

386 2678 391 2692 ¹
411 2678 465 2706 Cap.
484 2679 520 2700 30.
539 2685 559 2701 n.
578 2679 614 2701 56.
828 2680 836 2693 ²
854 2679 909 2702 Coa.
929 2680 947 2702 Y
964 2681 991 2702 ul
1008 2680 1170 2709 ewrdientem.

384 2716 393 2731 3
411 2718 451 2739 lac.
475 2718 497 2745 1,
520 2718 560 2740 17:
579 2717 651 2740 Onnu¹
669 2718 749 2741 datum
767 2720 904 2746 optimum...
923 2719 1046 2741 (lesui-sum
1064 2723 1110 2747 ost,
1136 2719 1172 2742 de-

322 2756 434 2778 scendens
452 2763 464 2778 a
482 2757 546 2779 Patre
564 2757 684 2779 luminum.

386 2794 395 2808 ⁴
413 2795 472 2817 llaec
491 2795 590 2818 definitio
608 2797 722 2819 inveniun-
740 2797 802 2824 apud
820 2797 1016 2825 Praepositivum,
1029 2798 1092 2819 Sum.
1106 2804 1128 2826 p.
1144 2797 1170 2826 ll,

322 2832 361 2854 ubi
381 2834 448 2855 eiiam
466 2836 498 2856 sic
514 2835 653 2862 explicatur:
673 2835 789 2858 Ordinato.
813 2832 915 2865 potestas
942 2837 1034 2864 ponitur
1060 2843 1102 2864 pro
1128 2843 1167 2864 ge-

322 2877 390 2899 nere3
410 2878 491 2895 reram
509 2879 637 2896 sacrarum
655 2874 683 2896 ad
702 2874 851 2897 differentiam
878 2876 1038 2904 profanarum,
1065 2879 1089 2898 ut
1115 2876 1169 2903 ligni

322 2912 344 2931 et
360 2910 442 2937 lapidis
459 2914 481 2933 et
498 2912 608 2937 aliarum:
626 2912 806 2935 rationabilium
824 2915 916 2941 ponitur
934 2914 962 2936 ad
979 2914 1129 2936 differentiam
1142 2915 1168 2936 ir-

323 2948 506 2977 rationabilium;
525 2950 548 2972 in
566 2950 663 2974 subditis
680 2951 783 2974 debitam
801 2953 903 2975 retinens
915 2952 1064 2976 doim'natum
1076 2954 1169 2981 ponitur

323 2988 352 3010 ad
366 2988 516 3010 differentiam
530 2989 620 3011 illorum
635 2990 792 3018 subditorum,
809 2992 848 3019 qui
867 2997 911 3013 non
930 2994 982 3013 sunt
1000 2992 1093 3019 praelati
1111 2992 1167 3014 aliis.

1013 183 1265 212 SENTENTIARUM
1287 183 1346 212 LIB.
1370 183 1398 211 ll.

1238 269 1303 298 gere
1309 272 1316 295 3
1329 261 1498 290 describitur
1512 261 1586 289 enim
1600 260 1645 291 ibi.
1658 264 1689 290 ut
1703 261 1879 298 praedictum
1895 265 1945 296 est,
1960 261 2084 298 angelica
2094 267 2181 286 Defimtio
2195 251 2231 286 3).

1237 308 1396 337 hierarchia
1417 316 1467 345 per
1489 316 1656 345 repressum
1677 308 1712 337 ad
1728 308 1817 336 Deum
1833 308 2031 345 principaliter.
2046 325 2085 328 ——

1237 355 1353 383 Notatur
1385 355 1469 392 igitur
1500 355 1526 383 in
1562 355 1705 392 praedicta
1736 355 1895 383 definitione
1926 355 2083 384 hierarchia

1237 401 1404 439 regrediens
1426 401 1484 430 sive
1506 408 1652 438 regressus
1679 401 1755 435 eius,
1777 401 1869 437 primo
1890 405 2027 438 quantum
2049 402 2082 430 ad

1237 447 1434 482 habilitatem,
1457 456 1520 476 cum
1544 447 1623 476 dicit:
1647 447 1827 477 Hierareliia
1852 452 1893 476 est
1914 449 1955 476 acl
1978 449 2084 482 Deam,

1237 498 1380 533 qacmtam
1410 494 1547 532 possibile
1578 498 1633 527 est,
1665 494 1829 523 similitudo
1855 499 1881 523 et
1900 495 2010 524 auitas.
2043 496 2085 525 Se-

1237 542 1329 570 cundo
1350 545 1487 579 quantum
1508 542 1544 570 ad
1559 541 1777 575 (ictualitatem,
1793 550 1857 570 cum
1879 542 1960 571 dicit:
1984 543 2085 579 Ipsam

1237 588 1344 617 liabens
1365 589 1504 617 scientiae
1524 594 1644 617 sanctae
1665 592 1691 616 et
1704 589 1830 617 aetionis
1852 589 1962 617 (lucem.
1992 590 2084 619 Tertio

1236 638 1373 673 quantum
1405 636 1440 664 ad
1473 635 1758 669 tmuiumbttttsitem,
1781 644 1846 664 cuni
1868 636 2026 674 subiungit:
2050 638 2085 665 Et

1236 682 1277 710 ad
1296 691 1385 710 stiam
1407 682 1628 711 divinissimam
1650 682 1779 710 decorem
1804 682 2026 711 iiitmtitabiliter
2041 683 2084 712 de-

1234 729 1348 765 finiens.
1370 730 1475 765 Quarto
1497 732 1633 766 quantum
1656 729 1692 758 ad
1704 729 1897 766 plenitudinis
1912 729 2083 764 ubertatem,

1236 784 1300 805 cum
1323 776 1476 805 subinfert:
1507 777 1657 812 Quantam
1679 785 1746 805 vero
1760 776 1896 814 possibile
1919 781 1969 811 est,
1991 776 2084 814 refor-

1234 831 1321 851 mans
1343 832 1412 851 sttos
1444 823 1626 857 laudatores,
1658 824 1685 851 in
1717 824 1770 852 hoc
1792 823 1909 858 scilicet,
1932 824 2007 861 quod
2029 832 2084 853 non

1235 870 1326 899 solum
1349 870 1400 898 sibi
1423 869 1541 905 sufficit,
1563 870 1611 899 sed
1634 870 1717 899 etiam
1739 875 1854 907 propter
1879 871 2084 908 plenitudinem

1236 917 1358 946 caritatis
1379 921 1405 945 et
1427 917 1532 954 gratiae
1554 920 1652 954 potens
1674 920 1715 946 est
1737 917 1805 946 alios
1827 918 1970 947 adiuvare.

1315 965 1346 993 Et
1367 965 1406 993 sic
1427 967 1502 1001 patet
1523 972 1559 992 ex
1587 965 1737 1001 praedictis
1769 964 1993 1000 definitionibus,
2015 965 2083 1003 quid

1236 1013 1271 1040 sit
1293 1010 1464 1039 hierarchia
1487 1014 1543 1039 tam
1566 1011 1661 1039 divina
1687 1019 1771 1048 quam
1787 1012 1924 1049 angelica3
1946 1020 1996 1049 per
2018 1021 2083 1050 qua-

1235 1066 1299 1086 rum
1332 1058 1504 1086 intellectum
1535 1058 1646 1087 elicitur
1677 1058 1814 1095 quaedam
1848 1059 1972 1088 definitio
2001 1059 2085 1097 magi-

1236 1105 1345 1139 stralis.
1367 1112 1439 1142 quae
1465 1105 1596 1142 competit
1625 1105 1699 1133 omni
1732 1105 1923 1140 hierarchiae,
1944 1106 2008 1135 licet
2029 1114 2083 1135 non

1235 1151 1361 1183 univoce.
1383 1159 1455 1189 quae
1477 1152 1540 1181 talis
1561 1155 1617 1181 est:
1641 1152 1799 1181 hierarchia
1821 1156 1862 1181 est
1877 1160 1973 1181 rerum
1995 1161 2084 1182 sacra-

1235 1206 1300 1227 rum
1321 1202 1348 1227 et
1370 1198 1577 1227 rationabilium
1600 1199 1728 1228 ordinata
1755 1202 1892 1236 potestas,
1915 1200 1941 1228 in
1964 1200 2084 1229 subditis

1235 1246 1361 1274 debitum
1384 1246 1507 1274 retinens
1529 1246 1716 1283 principatum
1731 1246 1749 1273 ⁴.
1772 1246 1842 1275 Haec
1858 1250 1952 1275 autem
1974 1255 2027 1276 non
2044 1256 2084 1276 so-

1235 1293 1294 1321 lum
1316 1293 1447 1330 competit
1478 1293 1653 1322 hierarchiae
1685 1294 1838 1331 angelicae,
1868 1294 1915 1323 sed
1939 1294 2021 1323 etiam
2044 1303 2085 1324 ec-

1235 1340 1404 1369 clesiasticae
1426 1340 1469 1369 vei
1492 1341 1645 1375 humanae,
1668 1341 1702 1369 de
1724 1349 1780 1377 qua
1801 1341 1871 1369 nihil
1885 1342 1919 1370 ad
1942 1349 2083 1379 praesens,

1235 1387 1284 1416 sed
1306 1387 1397 1416 solum
1419 1387 1453 1416 de
1475 1387 1634 1416 hierarchia
1655 1388 1788 1424 angelica.
1812 1389 1843 1416 Et
1864 1389 1996 1425 quoniam
2015 1389 2084 1418 haec

1234 1442 1289 1463 non
1311 1437 1401 1471 potest
1422 1435 1559 1471 cognosci,
1591 1435 1644 1463 nisi
1666 1438 1866 1472 cognoscatur,
1889 1436 1957 1473 quid
1979 1437 2014 1465 sit
2035 1437 2083 1465 An-

1234 1481 1330 1518 gelus;
1352 1481 1414 1509 ideo
1437 1481 1642 1518 praenotandae
1664 1485 1729 1510 suut
1744 1485 1771 1510 et
1786 1482 1879 1519 Angeli
1900 1482 2083 1512 definitiones.

1313 1527 1443 1565 Angelus
1464 1531 1558 1556 autem
1591 1528 1629 1556 sic
1651 1528 1811 1557 notificatur
1832 1537 1848 1557 a
1876 1529 2082 1558 Damasceno⁵z

1239 1575 1384 1612 «Angelus
1405 1578 1446 1604 est
1478 1576 1634 1604 substantia
1667 1576 1846 1613 incorporea,
1879 1576 2083 1612 intellectualis,

1233 1630 1345 1659 semper
1378 1622 1504 1657 mobilis,
1533 1623 1650 1651 arbitrio
1683 1623 1784 1657 libera,
1816 1623 1873 1652 Deo
1906 1623 2083 1660 ministrans,

1233 1670 1335 1707 gratia,
1357 1677 1412 1698 non
1434 1673 1534 1698 natura
1556 1670 1793 1698 immortalitatem
1809 1670 2002 1707 suscipiens».
2024 1671 2084 1700 Dio-

1233 1716 1329 1753 nysius
1342 1716 1352 1729 ‘⁵
1374 1720 1468 1745 autem
1490 1717 1571 1745 aliter
1592 1717 1689 1745 definit
1710 1717 1845 1754 Angelum
1861 1717 1917 1746 sic:
1939 1718 2083 1755 «Angelus

1233 1767 1274 1792 est
1295 1763 1386 1800 imago
1408 1763 1475 1797 Dei,
1504 1764 1689 1792 manifestatio
1711 1764 1810 1793 occulti
1835 1764 1965 1799 luminis,
1988 1773 2084 1802 specu-

1233 1810 1292 1839 lum
1324 1810 1448 1845 clarum,
1480 1810 1756 1848 splendidissimum,
1786 1811 2015 1846 immaculatum,
2046 1812 2083 1840 in-

1233 1858 1469 1889 contaminatum,
1505 1857 1745 1894 incoinquinatum
1760 1881 1766 1892 ,
1803 1858 1975 1895 suscipiens,
2010 1859 2082 1887 sicut

1232 1905 1399 1933 conveniens
1421 1908 1477 1939 est,
1501 1908 1585 1933 totam
1614 1906 1819 1942 speciositatem
1841 1905 2005 1935 boniformis
2027 1906 2081 1935 dei-

1231 1952 1393 1986 formitatis,
1415 1955 1442 1980 et
1473 1953 1500 1980 in
1530 1960 1559 1981 se
1592 1952 1771 1989 resplendere
1804 1953 1907 1981 faciens
1929 1953 2079 1982 bonitatem

1232 1999 1348 2029 silentii,
1371 1999 1445 2036 quod
1468 2002 1510 2027 est
1543 1999 1569 2027 in
1602 1999 1742 2028 abditis».
1766 2016 1804 2019 —
1825 1999 1963 2028 Differunt
1984 2004 2079 2029 autem

1232 2046 1284 2074 hae
1306 2046 1378 2074 duae
1400 2045 1615 2080 notificationes.
1642 2046 1707 2082 quia
1730 2047 1821 2083 prima
1844 2047 1976 2075 describit
1997 2048 2080 2084 Ange-

1233 2092 1289 2120 lum
1313 2096 1450 2129 quantum
1482 2092 1517 2120 ad
1549 2101 1621 2126 esse,
1654 2093 1774 2122 secunda
1808 2101 1875 2122 vero
1907 2102 1962 2121 11011
1987 2094 2078 2123 solum

1231 2143 1367 2176 quantum
1389 2140 1424 2168 ad
1447 2148 1522 2173 esse,
1545 2140 1592 2168 sed
1616 2140 1699 2168 etiam
1722 2143 1857 2177 quantuni
1880 2141 1913 2169 ad
1932 2140 1998 2169 bene
2013 2150 2079 2170 esse.

1310 2186 1417 2215 Primae
1440 2186 1608 2215 [letinitionis
1630 2186 1787 2215 intellectus
1803 2186 1898 2215 haberi
1915 2190 2005 2224 potest
2027 2189 2078 2223 sic;

1231 2233 1401 2262 describitur
1422 2234 1496 2262 6111111
1520 2233 1556 2262 ibi
1578 2233 1698 2270 Angelus
1730 2237 1866 2270 quantum
1889 2235 1923 2263 ad
1945 2235 2077 2264 substan-

1231 2280 1320 2313 tiam,
1343 2283 1479 2317 quantum
1502 2281 1536 2309 ad
1571 2280 1722 2314 virtatem,
1753 2284 1889 2318 quantum
1922 2282 1957 2311 ad
1979 2291 2080 2319 opera-

1231 2327 1335 2355 tionem
1358 2330 1384 2355 et
1405 2331 1541 2364 quantuni
1564 2327 1600 2356 ad
1625 2327 1821 2356 diffatiouem..
1843 2345 1882 2348 ——
1904 2328 2076 2358 Substantia

1230 2374 1354 2411 tangitur
1375 2375 1403 2402 in
1418 2375 1471 2403 hoc
1493 2374 1569 2411 quod
1591 2375 1671 2403 dicit:
1695 2375 1826 2412 Aityelas
1847 2380 1889 2404 est
1909 2376 2078 2405 substantia

1231 2421 1413 2458 incorporea.
1426 2439 1464 2442 —
1482 2422 1590 2455 Virtus,
1604 2422 1629 2450 in
1644 2422 1695 2450 hoc
1711 2423 1785 2459 quod
1802 2423 1958 2460 subiungit:
1972 2423 2079 2452 Intelle-

1231 2468 1355 2502 otualis,
1376 2477 1488 2505 semper
1510 2468 1644 2503 vitabilis,
1674 2469 1800 2498 arbitrio
1830 2469 1940 2503 libera,
1962 2470 2008 2498 ubi
2033 2479 2079 2499 no-

1230 2518 1306 2544 tatur
1338 2515 1439 2552 triplex
1474 2516 1564 2544 virtus
1593 2516 1733 2553 angelica,
1766 2516 1871 2545 scilicet
1909 2517 2076 2554 eoqm‘tz‘oa,

1292 2680 1302 2694 ⁵
1319 2680 1379 2703 Libr.
1398 2680 1420 2702 ll.
1439 2680 1467 2702 de
1486 2681 1539 2703 Fide
1557 2681 1646 2703 orthod.
1665 2687 1683 2703 e.
1703 2681 1728 2708 3,
1747 2681 1786 2703 ubi
1804 2684 1877 2703 textus
1895 2681 2012 2708 originalis
2029 2681 2076 2703 ulti-

1229 2725 1291 2741 mam
1310 2723 1398 2747 partem
1416 2719 1553 2742 definitionis
1570 2720 1603 2742 sic
1620 2720 1710 2742 exhibet
1729 2716 1786 2741 κατὰ
1804 2717 1870 2751 χάριν
1888 2717 1909 2741 ἐν
1928 2720 1956 2748 τῇ
1972 2719 2035 2749 φύσει
2049 2716 2075 2741 τὸ

1229 2751 1341 2779 ἀθάνατον
1359 2755 1465 2788 εἰληφυῖα
1482 2759 1494 2780 1.
1513 2765 1532 2780 o.
1551 2765 1577 2781 ex
1595 2759 1667 2786 gralia
1686 2760 1707 2781 in
1726 2761 1805 2781 natura
1830 2759 2022 2782 immortalitatem
2041 2766 2076 2781 su-

1228 2798 1333 2825 scipiens.

1290 2836 1299 2850 ⁸
1316 2836 1348 2858 Dc
1366 2836 1416 2858 Div.
1435 2836 1499 2859 Nom.
1518 2843 1536 2859 c.
1557 2836 1576 2859 4.
1594 2837 1607 2865 ⁵3
1626 2838 1661 2858 22.
1680 2837 1761 2859 Versio
1780 2837 1839 2859 Senti
1857 2837 1967 2864 Erigonae
1993 2843 2073 2859 conve-

1227 2875 1270 2903 nit,
1288 2878 1380 2903 excepta
1399 2876 1477 2897 ultima
1496 2878 1560 2903 parte
1576 2875 1728 2898 definitionis:
1742 2877 1947 2904 incoinquinatum,
1962 2876 2074 2903 recipiens

1227 2915 1309 2941 lotum,
1327 2915 1344 2936 si
1362 2915 1447 2936 iustum
1466 2915 1554 2942 dicorey
1572 2915 1740 2942 speciositatem
1758 2914 1817 2937 bene
1835 2915 1943 2937 formatae
1961 2914 2073 2936 deiformi-

1226 2953 1287 2980 tatis,
1306 2957 1327 2975 et
1345 2960 1401 2981 pure
1419 2953 1538 2976 declarans
1555 2954 1577 2975 in
1595 2960 1619 2975 se
1637 2955 1699 2981 ipso„
1718 2954 1776 2976 sicut
1799 2953 1908 2982 possibile
1933 2956 1982 2980 est,
2008 2953 2072 2975 honi-

1225 2994 1305 3019 tatem,
1324 2999 1383 3021 quae
1401 2995 1435 3015 est.
1451 2993 1473 3014 ln
1491 2993 1565 3020 adytis
1583 2990 1619 3021 (τὸ
1638 2988 1721 3022 ἄγαθὸν
1739 2994 1778 3020 τῆς
1795 2990 1888 3021 κρυφίοις
1907 2993 1988 3021 σιγῆς).

2125 1062 2214 1081 Definitio
2223 1078 2224 1081 ,

2095 1086 2213 1109 magistralis.

2097 1531 2117 1549 ll.
2136 1531 2185 1554 Quid
2201 1524 2225 1556 sii.

2100 1555 2182 1577 Angelus
2192 1569 2196 1576 ,
2214 1555 2224 1573 ἢ(
2238 1563 2239 1567 =

2099 1578 2225 1597 definitiones:
2240 1582 2243 1607 t

2242 1610 2243 1618 t

2104 2189 2172 2215 Defin„
2186 2189 2219 2207 Da-

2093 2217 2174 2230 mascelii
2192 2214 2226 2231 effi(

2091 2236 2177 2259 plicatur.
