2243 3425
625 220 707 248 DlST.
730 220 808 249 XXV.
830 221 856 249 P.
879 221 908 249 ΙΙ.
929 221 1001 249 ART.
1024 221 1140 250 UNICUS
1162 222 1297 258 QUAEST.
1318 222 1335 250 l.

112 296 205 333 quod¹
228 305 283 325 non
304 301 345 326 est
367 298 427 334 ipsa
449 298 602 331 reetitudo3
625 301 652 326 et
672 298 733 327 ideo
748 301 838 335 potest
852 307 868 327 a
884 299 962 327 recti-

112 344 208 372 tudine
239 344 395 381 obliquari,
425 348 561 382 quantum
584 348 625 373 est
647 345 681 373 de
703 353 748 379 se,
771 345 797 373 in
820 349 958 374 creatura.

111 390 139 419 ln
172 391 228 419 Deo
259 394 353 420 autem
385 391 507 420 liberum
539 392 688 420 arbitrium
721 395 763 420 est
783 392 844 429 ipsa
865 392 960 421 divina

111 438 251 472 essentia,
274 441 315 467 est
335 439 418 467 etiam
440 439 499 475 ipsa
521 438 654 472 iustitia,
677 439 738 467 ideo
753 446 804 467 nee
819 439 957 476 obliquari

1810 224 1864 252 609

1018 302 1109 336 potest
1130 308 1180 329 nee
1203 301 1314 329 mutari.
1347 301 1378 329 Et
1406 304 1541 337 quantum
1564 301 1599 329 ad
1622 301 1673 329 has
1694 301 1865 330 conditiones

1016 346 1155 383 speciales
1177 347 1243 375 dicit
1264 347 1392 384 Magister
1408 347 1435 375 in
1452 347 1557 381 littera,
1573 347 1692 376 liberum
1715 348 1864 376 arbitrium

1017 393 1098 422 aliter
1120 394 1147 421 in
1169 394 1240 425 Deo,
1262 394 1343 423 aliter
1365 394 1392 422 in
1414 396 1551 423 creaturis
1572 394 1690 431 reperiri
1704 394 1723 422 2.

397 530 835 579 COMMENTARIUS
872 531 933 578 IN
966 531 1407 580 DISTINCTIONEM
1441 534 1573 581 XXV.

929 633 1001 662 PARS
1024 634 1053 662 11.

449 719 493 751 De
510 718 605 752 libero
623 718 747 752 arbitrio
766 718 938 752 seeundum
957 719 1130 753 differentes
1148 719 1213 753 eius
1232 725 1329 753 status
1347 720 1377 753 in
1396 721 1528 765 speciali.

729 813 773 840 Etr
792 812 955 849 praedictis
972 812 1168 849 perspicuum
1190 816 1241 841 etc.

844 899 967 927 DIVISIO
988 899 1126 929 TEXTUS.

189 986 279 1022 Supra
300 985 355 1022 egit
377 985 505 1020 Magister
532 985 566 1014 de
599 985 687 1013 libero
718 985 835 1014 arbitrio
864 992 960 1013 seeun-

110 1033 177 1062 dum
201 1033 229 1061 id
250 1032 324 1070 quod
347 1035 388 1060 est
410 1033 436 1060 in
466 1031 597 1069 generali.
620 1032 647 1060 ln
671 1032 722 1060 hae
744 1035 822 1069 parte
844 1031 901 1068 agit
923 1030 957 1059 de

110 1080 228 1109 diversis
257 1079 375 1108 statibus
406 1079 467 1107 eius
494 1079 521 1107 in
543 1079 675 1116 speciali,
697 1079 859 1113 ostendens,
882 1077 957 1115 quod

110 1127 264 1157 seeundum
297 1126 424 1155 diversos
456 1126 516 1155 eius
548 1129 637 1155 status
666 1126 768 1154 diversi
792 1130 857 1155 sunt
879 1126 958 1155 liber-

109 1175 172 1203 tatis
194 1174 315 1211 gradus,
346 1181 397 1210 pro
429 1181 461 1202 eo
493 1173 568 1211 quod
602 1173 715 1202 libertas
737 1173 845 1201 arbitrii
870 1174 955 1202 minui

109 1221 193 1250 habet
214 1229 263 1258 per
285 1224 440 1258 peceatum.
463 1221 493 1249 Et
515 1220 646 1257 quoniam
669 1228 722 1248 non
738 1220 828 1249 omnis
844 1220 958 1249 libertas

109 1268 193 1297 habet
215 1268 350 1301 diminui,
373 1267 435 1295 ideo
456 1275 522 1304 pars
544 1267 596 1295 ista
617 1267 738 1296 eontinet
760 1271 817 1295 tres
839 1267 958 1304 particu-

109 1315 158 1344 las.
182 1315 209 1343 ln
231 1315 322 1351 prima
344 1314 466 1351 assignat
484 1314 613 1351 Magister
628 1314 734 1351 gradus
747 1314 756 1326 ³
773 1314 908 1343 libertatis
930 1315 957 1342 in

108 1362 221 1391 homine
243 1361 399 1391 secundum
422 1361 549 1390 diversos
570 1365 667 1390 status.
690 1361 719 1389 ln
745 1360 868 1389 secunda
890 1369 957 1389 vero

108 1409 231 1445 assignat
266 1408 393 1437 diversas
428 1408 598 1436 differentias
634 1407 785 1442 libertatis,
819 1407 870 1436 ibi:
908 1408 957 1435 Est

107 1464 234 1493 namque
256 1455 374 1483 libertas
396 1454 519 1483 arbitrii
539 1454 652 1491 triplex
675 1455 703 1483 In
722 1455 800 1483 tertia
816 1462 883 1483 vero
898 1455 959 1483 bre-

108 1503 180 1531 viter
200 1502 335 1539 epilogat,
357 1502 523 1536 ostendens,
545 1505 681 1539 quantum
713 1502 749 1530 ad
771 1502 845 1538 quod
869 1510 957 1538 genus

108 1549 245 1578 libertatis
273 1549 393 1577 liberum
425 1548 575 1577 arbitrium
606 1548 723 1585 intelligi
746 1549 846 1577 debeat
869 1549 956 1577 minui

108 1604 158 1634 per
180 1599 341 1633 peccatum,
364 1596 413 1624 ibi:
439 1596 482 1624 Ea:
502 1595 663 1633 praedietis
686 1595 747 1624 iam
769 1600 903 1633 apparet,
927 1596 957 1624 t'fn.

108 1652 164 1682 quo
182 1652 237 1681 per
257 1647 410 1680 peccatum
432 1646 482 1671 etc.

1096 984 1187 1013 Prima
1209 992 1275 1022 pars
1295 985 1380 1013 habet
1401 988 1458 1013 tres
1480 985 1641 1022 particulas.
1664 986 1692 1014 ln
1708 986 1799 1023 prima
1821 987 1866 1015 de-

1016 1031 1147 1060 terminat
1168 1032 1274 1068 gradus
1296 1032 1441 1060 libertatis.
1465 1032 1491 1060 ln
1509 1033 1632 1061 secunda
1654 1041 1721 1062 vero
1743 1034 1865 1071 assignat

1014 1082 1104 1107 status
1132 1078 1259 1107 diversos
1291 1078 1427 1113 hominis,
1460 1079 1487 1107 in
1519 1079 1624 1116 quibus
1646 1080 1760 1108 libertas
1781 1080 1866 1109 habet

1015 1125 1111 1162 augeri
1134 1130 1161 1154 et
1189 1125 1324 1160 diminui,
1351 1126 1403 1154 ibi:
1438 1126 1474 1154 Et
1496 1131 1621 1163 possunt
1641 1127 1743 1155 notari
1764 1127 1793 1155 t'it
1821 1126 1866 1155 lto-

1015 1172 1092 1201 nzt'ite
1113 1177 1242 1210 qualitor
1263 1177 1359 1201 status
1381 1176 1432 1202 etc.
1453 1174 1481 1202 ln
1503 1174 1585 1202 tertia
1599 1182 1666 1203 vero
1689 1174 1865 1210 determinat,

1015 1228 1065 1256 per
1087 1220 1153 1257 quid
1187 1220 1274 1249 minui
1304 1221 1388 1249 habet
1420 1220 1529 1249 arbitrii
1552 1221 1683 1253 libertas.
1707 1222 1758 1250 ibi:
1786 1222 1865 1250 Unde

1016 1265 1206 1303 manifestam
1232 1271 1290 1300 est,
1322 1267 1400 1305 quod
1428 1272 1547 1304 praeter
1565 1268 1574 1281 ⁴
1598 1268 1676 1297 (thas
1704 1268 1865 1305 poenalita-

1015 1317 1054 1342 tes
1075 1317 1126 1342 etc.

1094 1360 1225 1389 Similiter
1258 1361 1403 1390 seeunda⁵
1426 1370 1491 1398 pars
1519 1366 1575 1390 tres
1597 1362 1682 1391 habet
1707 1366 1800 1400 partes
1827 1371 1866 1392 se-

1015 1407 1139 1436 cundum
1157 1407 1294 1444 triplicem
1309 1408 1446 1437 libertatis
1468 1409 1663 1437 differentiam
1680 1409 1771 1438 Primo
1790 1411 1864 1438 enim

1014 1454 1071 1491 agit
1092 1454 1126 1483 de
1148 1454 1276 1483 libertate
1297 1463 1313 1483 a
1341 1456 1490 1484 coactione.
1516 1456 1660 1490 Secundo,
1683 1456 1717 1485 de
1736 1457 1865 1486 libertate

1014 1510 1030 1530 a
1051 1502 1142 1538 eulpa,
1166 1501 1216 1530 ibi:
1238 1502 1289 1529 Est
1302 1506 1327 1530 et
1348 1502 1411 1530 alm
1434 1502 1553 1531 libertas
1575 1512 1594 1531 a
1612 1508 1739 1540 peceato.
1763 1504 1864 1539 Tertio,

1014 1549 1048 1577 de
1071 1549 1198 1577 libertate
1220 1557 1236 1576 a
1259 1549 1385 1582 miseria,
1408 1549 1460 1577 ibi:
1491 1550 1542 1577 Est
1568 1549 1674 1578 iterant
1697 1550 1816 1579 libertas
1845 1559 1864 1579 α

1015 1595 1136 1623 miseria
1158 1598 1208 1623 eto.
1231 1595 1354 1623 Aliarum
1387 1599 1481 1624 autem
1504 1597 1626 1632 partium
1659 1597 1865 1627 subdivisiones

1015 1642 1177 1670 manifestae
1200 1646 1266 1670 sunt
1287 1642 1315 1670 in
1337 1642 1438 1671 littera.

760 1729 946 1757 TRACTATIO
968 1729 1212 1766 QUAESTIONUM.

186 1805 225 1834 Ad
253 1805 464 1842 intelligentiam
496 1805 581 1833 buius
613 1805 716 1841 partis,
748 1813 813 1833 cum
846 1804 955 1841 supra⁵

108 1851 234 1880 habitum
258 1852 293 1881 sit
315 1852 349 1880 de
371 1851 458 1880 libero
480 1852 598 1880 arbitrio
619 1852 645 1879 in
677 1860 721 1884 se,
744 1852 889 1889 quaeritur
913 1852 957 1879 hio

109 1899 142 1927 de
158 1899 218 1936 Ipso
233 1899 260 1927 in
276 1899 492 1936 comparatione.
509 1899 539 1927 Et
554 1899 628 1927 eirea
643 1899 695 1927 hoc
707 1902 884 1936 quaeruntur
897 1906 956 1927 sex.

188 1946 279 1974 Primo
300 1946 446 1983 quaeritur
472 1946 507 1974 de
539 1945 627 1974 libero
659 1945 775 1973 arbitrio
797 1946 824 1973 in
847 1953 957 1982 eompa-

109 1993 214 2022 ratione
236 1993 271 2021 ad
293 1992 458 2021 subiectum.

187 2040 314 2068 Secundo
336 2039 482 2077 quaeritur
504 2039 538 2068 de
560 2040 619 2076 ipso
642 2039 668 2067 in
691 2039 898 2076 comparatione
920 2039 956 2068 ad

108 2090 211 2116 actum.

188 2134 280 2162 Tertio
300 2141 368 2162 vero
390 2133 535 2171 quaeritur
568 2134 593 2161 in
623 2133 830 2170 comparatione
852 2133 887 2161 ad
909 2133 959 2161 ob-

1015 1804 1126 1833 jectum.

1094 1851 1212 1887 Quarto,
1230 1851 1256 1879 in
1272 1852 1479 1888 comparatione
1501 1852 1536 1881 ad
1552 1852 1665 1889 aliquod
1681 1852 1758 1881 aliud
1780 1861 1865 1890 agens

1015 1901 1149 1927 creatum.

1093 1945 1214 1981 Quinto,
1236 1945 1263 1973 in
1286 1945 1493 1982 comparatione
1521 1946 1556 1975 ad
1589 1954 1704 1975 movens
1726 1947 1867 1984 primum,

1015 1992 1119 2020 scilicet
1140 1992 1239 2020 Deum.

1094 2039 1179 2066 Sexto
1205 2041 1232 2066 et
1253 2038 1371 2073 ultimo,
1402 2039 1427 2067 in
1460 2040 1667 2076 comparatione
1695 2040 1729 2068 ad
1763 2048 1866 2077 corpus

1015 2085 1205 2114 coniunctum.

775 2218 1012 2252 ARTICULUS
1039 2218 1201 2251 UNICUS.

683 2313 723 2340 De
745 2311 833 2340 libero
855 2311 982 2340 arbitrio
1006 2311 1035 2339 t'n
1056 2312 1285 2348 eomparcttt'one.

885 2397 1047 2433 QUAESTIO
1070 2397 1088 2424 Ι.

397 2483 501 2510 Utrum
523 2482 646 2510 liberum
668 2482 831 2510 (trbz‘trt'ttm
852 2482 889 2509 sit
911 2490 1000 2519 aeque
1023 2482 1053 2509 t'n
1075 2482 1223 2516 omnibus,
1248 2483 1277 2510 t'n
1299 2482 1405 2520 quibus
1426 2483 1583 2520 repetatur.

189 2570 267 2599 Circa
295 2570 418 2606 primum
452 2570 491 2598 sie
522 2569 684 2606 proceditur
706 2571 733 2597 et
755 2568 900 2605 quaeritur
923 2568 957 2597 de

110 2617 198 2646 libero
230 2617 346 2645 arbitrio
382 2624 430 2653 per
461 2616 696 2653 comparationem
719 2615 755 2644 ad
777 2615 956 2649 subiectum,

111 2667 207 2693 utrum
230 2664 256 2692 in
289 2663 435 2697 omnibus,
465 2663 491 2691 in
523 2663 627 2700 quibus
649 2666 705 2696 est,
728 2662 763 2691 sit
784 2662 956 2699 aequaliter.

175 2784 181 2798 ¹
200 2783 271 2806 Codd.
291 2785 307 2805 Α
321 2784 339 2805 14
357 2790 432 2813 [μαῖα-
449 2790 530 2806 sensus
547 2784 667 2812 utriiisque
680 2785 783 2807 lectionis
795 2788 829 2806 est
847 2785 915 2806 idem.
936 2785 957 2806 ln

111 2823 224 2851 principio
242 2823 309 2844 liuius
328 2829 420 2850 propos.
439 2829 481 2850 pro
499 2822 538 2846 Sic
554 2822 624 2846 eliam
643 2824 681 2845 ed.
704 2825 708 2845 1
731 2823 791 2846 sicul
809 2823 886 2846 etlam.

173 2861 182 2875 Ἰ
199 2861 243 2884 cfr.
262 2862 318 2883 infra
336 2868 358 2889 ρ.
377 2862 399 2883 ll.
418 2862 485 2883 liuius
502 2862 552 2884 dist.
571 2869 592 2891 q.
615 2863 637 2887 l:
656 2863 717 2884 Alex.
736 2863 795 2890 Hal.⁷
814 2863 836 2884 S.
854 2869 876 2890 p.
895 2863 916 2884 11.
936 2869 957 2890 q.

111 2901 147 2923 72.
166 2907 196 2923 m.
215 2901 235 2922 3.
253 2904 275 2923 et
292 2900 317 2928 Δίς
341 2901 364 2922 B.
382 2900 478 2928 Athen„
500 2902 537 2923 bic
559 2908 578 2923 a.
598 2901 617 2923 4.
640 2908 698 2930 ,πη-μ
723 2902 744 2923 S.
763 2908 785 2929 p.
804 2902 827 2924 11.
850 2905 876 2924 tr.
896 2901 916 2923 si.
935 2909 957 2930 q.

115 2941 148 2962 16.
166 2946 196 2962 m.
215 2940 235 2962 3.
254 2946 302 2968 seq.
319 2943 341 2962 et
358 2943 384 2962 tr.
408 2940 440 2961 15.
458 2947 480 2969 q.
499 2940 535 2962 94.
553 2946 583 2962 m.
602 2941 622 2962 2.
641 2947 701 2969 seqq
724 2941 746 2962 S.
765 2941 859 2968 Thom.‚
883 2941 918 2963 bic
935 2948 956 2969 q.

116 2980 132 3000 1.
150 2985 170 3000 a.
192 2980 212 3006 1;
232 2979 287 3001 Petr.
306 2985 318 3000 a
337 2979 388 3000 Tar.
407 2981 429 3001 ot
446 2979 551 3001 Richard.
569 2985 581 3001 a
600 2979 671 3006 Med,
690 2980 725 3001 liic
743 2980 802 3001 circa
821 2980 864 3007 lit.;
882 2979 957 3007 AEgid.

111 3017 144 3045 R„
163 3018 199 3040 hic
216 3017 271 3040 duh.
289 3018 319 3039 lit.
338 3018 358 3039 2.

236 3068 260 3091 S.
279 3068 366 3091 Bomw.
384 3081 415 3084 —
433 3069 498 3090 Tom.
517 3069 539 3091 ll.

1015 2572 1063 2596 aut
1084 2568 1239 2596 secundum
1264 2569 1351 2604 magis
1372 2572 1399 2597 et
1420 2569 1521 2597 minus.
1545 2569 1575 2597 Et
1590 2569 1664 2605 quod
1681 2569 1715 2597 sit
1737 2569 1762 2598 in
1779 2570 1864 2598 omni-

1015 2615 1068 2643 bus
1089 2615 1252 2651 aequaliter,
1275 2615 1403 2644 videtur:

1099 2662 1119 2688 l.
1143 2661 1234 2689 Primo
1256 2669 1305 2698 per
1338 2662 1511 2690 Bernardum
1545 2663 1571 2690 in
1598 2662 1670 2691 libro
1698 2663 1732 2691 de
1765 2664 1863 2692 Libero
1889 2670 1943 2692 Argg.
1959 2675 1993 2693 nro

1877 2695 1928 2719 pai-te
1944 2694 1993 2711 allir-

1875 2718 1950 2734 mntiva.

1077 2784 1086 2798 3
1104 2784 1146 2806 Pro
1163 2783 1267 2812 gradus,
1293 2789 1363 2812 quam
1389 2784 1438 2806 lect.
1461 2790 1486 2805 ox
1508 2783 1576 2806 codd.
1594 2786 1610 2806 Α
1628 2790 1653 2806 aa
1669 2790 1694 2807 cc
1711 2788 1733 2807 et
1750 2791 1777 2807 ex
1794 2785 1830 2808 ed.
1854 2787 1858 2808 l

1015 2824 1167 2849 restituimus,
1186 2822 1236 2844 Vm.
1248 2821 1359 2851 madum.
1372 2822 1441 2844 Paulo
1459 2822 1553 2845 inferius
1565 2829 1607 2850 pro
1624 2824 1741 2852 quantiam
1759 2823 1790 2846 ad
1801 2824 1865 2854 quod

1014 2867 1088 2891 glenus
1107 2861 1156 2883 Vat.
1175 2867 1227 2883 cum
1246 2861 1297 2883 edd.
1317 2861 1343 2888 3,
1362 2860 1374 2882 t
1393 2867 1438 2890 qno
1455 2867 1547 2890 Uenere.

1077 2899 1085 2913 ⁴
1105 2899 1176 2922 Codd.
1196 2905 1248 2921 cum
1267 2899 1319 2922 edd.
1343 2900 1359 2928 l‚
1378 2900 1391 2921 2
1409 2900 1464 2922 falso
1478 2901 1584 2929 propter.

1077 2938 1087 2953 5
1104 2938 1143 2961 Ed.
1167 2939 1171 2960 1
1193 2938 1305 2961 similiter
1322 2938 1367 2961 ista
1384 2938 1495 2962 secunda.

1077 2977 1087 2992 6
1104 2978 1161 3000 Part.
1180 2978 1193 2999 1.
1213 2978 1281 3000 huius
1298 2977 1349 3000 dist.

1705 3070 1717 3091 *l

1721 3070 1733 3091 μὶ
