2243 3425
5 875 127 911 ἕιιιιᾱευῃευίει.

7 1968 31 1986 rid
42 1969 114 1992 opposi-

36 1993 78 2010 tum.

732 218 813 246 DIST.
836 219 969 248 XXXVIII.
992 220 1064 248 ΛΒΤ.
1087 220 1104 248 Ι.
1128 221 1262 257 QUAEST.
1285 222 1302 250 I.

1829 226 1881 254 881

871 332 1104 367 ARTICULUS
1131 335 1152 368 I.

640 423 679 451 De
699 425 918 460 comparatione
939 425 1098 453 voluntati-s
1120 426 1160 454 ιιιί
1180 435 1268 455 Situm
1289 427 1385 464 finem.

912 511 1075 547 Quausrio
1096 512 1114 539 1.

495 596 599 624 Utrum
620 596 757 625 volzmtcts
777 597 816 624 sic
837 596 912 625 bona
933 601 959 625 θῖ
980 598 1217 626 commendabitis
1238 600 1352 628 ratione
1374 600 1441 629 boni
1457 601 1535 638 finis.

213 694 291 723 Circa
306 694 430 731 primum
443 694 481 723 sie
494 695 654 731 proeedItur
668 698 695 723 et
710 695 869 732 quaeritur,
884 698 980 723 utrum

134 740 263 769 voluntas
285 740 320 769 sit
335 741 406 769 bona
421 744 448 769 et
462 741 692 770 commendabilis
707 741 814 770 ratione
829 741 892 770 boni
909 741 980 771 finis.

136 788 166 816 Et
187 787 260 824 quod
284 788 331 822 sic,
354 788 474 816 videtur.

216 836 237 862 l.
260 835 388 863 Matthaei
411 838 491 863 sexto
505 834 529 862 ¹:
552 834 586 863 St
599 834 701 863 oculus
718 839 786 863 times
800 834 893 872 fuerit
914 835 981 863 sim-

130 881 207 918 plex,
231 885 320 909 totum
342 890 450 918 eorpus
471 885 555 909 {wilm
577 881 757 910 Zun'tz'nosum
778 882 840 910 erit.
864 882 890 910 Si
913 890 980 919 ergo

132 927 234 956 oculus
255 931 297 957 est
319 928 451 962 intentio,
472 936 523 965 per
545 937 628 965 quam
645 929 774 958 voluntas
789 929 936 958 ordinatur
951 930 978 958 in

131 974 227 1008 finem,
250 975 406 1003 seeundum
428 975 502 1012 quod
525 975 561 1003 ibi
584 976 744 1012 exponitur,
760 979 787 1005 et
809 985 917 1013 corpus
938 980 980 1005 est

131 1022 279 1059 congeries
300 1030 439 1058 operum,-
462 1021 581 1057 videtur,
603 1022 702 1059 quodsi
731 1022 794 1051 finis
816 1023 906 1051 bonus
928 1023 978 1056 sit,

130 1069 205 1106 quod
227 1069 317 1097 omnis
338 1068 463 1106 operatio
484 1069 635 1098 voluntatis
657 1070 692 1098 sit
714 1069 785 1098 bona
800 1074 827 1099 et
841 1078 979 1099 commen—

130 1115 238 1144 dabilis.

209 1163 234 1190 Ξ.
257 1162 334 1197 Item,
356 1163 528 1200 Augustinus
550 1163 617 1192 dicit
638 1164 664 1191 in
693 1163 843 1192 undecimo
865 1164 899 1192 de
922 1164 978 1192 Tri-

130 1209 250 1238 nitateff:
278 1221 290 1235 «
304 1210 401 1239 Rectae
416 1214 482 1238 sunt
503 1218 599 1239 omnes
615 1211 782 1245 voluntates,
804 1211 825 1239 si
849 1211 921 1239 bona
936 1215 978 1240 est

129 1257 188 1291 illa,
204 1257 239 1285 ad
254 1265 339 1294 quam
355 1260 470 1286 cunetae
485 1257 652 1286 ordinantur
663 1269 690 1292 n;
706 1257 753 1286 sed
770 1257 825 1292 illa,
841 1258 876 1286 ad
891 1266 975 1295 quam

129 1307 245 1333 cunctae
267 1304 449 1338 ordinantur,
471 1307 512 1332 est
534 1304 662 1333 voluntas
683 1303 763 1333 finis:
787 1304 808 1333 si
825 1312 891 1341 ergo
914 1304 977 1333 finis

129 1350 219 1379 bonus
240 1353 290 1385 est,
314 1353 407 1383 restat,
430 1351 503 1387 quod
527 1350 656 1379 voluntas
678 1350 740 1378 finis
769 1354 795 1379 et
820 1351 910 1379 omnis
934 1359 977 1379 vo-

129 1398 221 1426 luntas
242 1398 277 1426 ad
299 1405 359 1426 eam
381 1398 509 1426 ordinata
531 1398 565 1427 sit
587 1398 659 1426 bona
681 1401 707 1426 et
729 1402 812 1426 reeta.

207 1444 233 1473 3.
255 1445 337 1479 item,
361 1446 485 1473 maxima
506 1448 548 1473 est
563 1445 721 1482 Philosophi
735 1445 759 1473 ³:
788 1445 898 1474 «Cuius
914 1445 976 1474 finis

128 1492 219 1520 bonus
240 1495 297 1526 est,
318 1492 410 1529 ipsum
427 1500 538 1528 quoque
554 1492 659 1519 bonum
680 1495 722 1520 est
734 1503 760 1520 n:
777 1500 843 1529 ergo
859 1493 881 1521 si
897 1495 975 1521 aetus

128 1538 278 1567 voluntatis
299 1538 363 1567 finis
384 1538 475 1567 honus
496 1542 546 1573 est,
568 1546 634 1575 ergo
655 1541 682 1567 et
704 1539 764 1576 ipsa
785 1539 857 1567 bona
878 1543 928 1567 est.

206 1586 232 1614 [ι.
255 1586 335 1619 Item,
358 1586 384 1614 in
406 1586 513 1614 actione
535 1586 671 1620 naturali,
695 1587 721 1614 in
744 1594 799 1623 qua
819 1586 909 1614 forma
934 1589 975 1615 est

127 1633 202 1666 finis,
224 1633 332 1661 bonitas
360 1633 547 1669 generationis
575 1636 601 1661 et
630 1632 799 1669 operationis
821 1633 975 1661 attenditur

126 1688 212 1717 penes
240 1679 323 1708 finem
352 1682 379 1708 et
406 1679 561 1707 formam&
591 1687 658 1716 ergo
679 1687 743 1708 eum
776 1680 890 1708 intentio
912 1679 975 1708 finis

127 1735 215 1764 aeque
247 1727 281 1755 sit
309 1726 465 1755 essentialis
493 1726 592 1755 morali
622 1727 711 1760 actui,
734 1730 764 1754 ut
787 1727 925 1761 naturali,
948 1730 975 1755 et

126 1774 234 1803 bonitas
249 1777 328 1803 aetus
343 1773 494 1802 voluntatis
516 1774 653 1810 pertineat
674 1773 709 1802 ad
726 1781 833 1807 mores;
850 1774 975 1808 videtur,

127 1822 199 1859 quod
223 1821 331 1850 bonitas
354 1821 505 1850 voluntatis
533 1824 559 1849 et
581 1820 742 1849 rectificatio
764 1828 848 1857 penes
870 1821 975 1849 bonita-

128 1874 182 1898 tem
204 1869 267 1897 finis
289 1868 389 1896 habeat
410 1868 514 1896 attendi
537 1871 564 1897 et
585 1868 722 1904 cognosci.

205 1916 257 1944 SED
278 1923 399 1944 CONTRA:
426 1916 448 1943 1.
470 1915 566 1943 «Finis
583 1915 718 1943 bonorum
735 1918 777 1943 est
791 1914 973 1949 beatitudo»,

128 1963 198 1992 sieut
220 1962 349 1998 Magister
371 1961 438 1990 dicit
469 1962 495 1989 in
526 1961 650 1995 littera&
673 1960 721 1989 sed
749 1969 871 1989 «omnes
892 1969 974 1998 appe-

126 2013 187 2038 tunt
200 2009 435 2043 beatitudinem»,
448 2009 519 2037 sicut
534 2008 599 2036 dicit
614 2006 793 2045 Augustinus,
809 2011 835 2036 et
852 2018 865 2033 (ι
877 2016 973 2036 omnes

126 2063 187 2084 eam
209 2055 329 2083 finaliter
351 2055 506 2089 intendunt,
521 2054 593 2083 sieut
610 2054 676 2083 dicit
697 2054 829 2083 Boethius
850 2055 877 2082 in
901 2054 972 2083 libro

126 2103 160 2132 de
181 2102 388 2136 Consolatione,
417 2102 546 2139 quamvis
575 2101 687 2130 diverso
721 2102 831 2130 tramite
853 2102 887 2130 ad
910 2110 971 2130 eam

126 2153 277 2179 currant»:
301 2157 367 2186 ergo
386 2149 408 2178 si
431 2157 527 2178 omnes
549 2149 706 2177 voluntates
721 2150 928 2177 communicant
945 2149 971 2177 in

126 2197 172 2226 illo
193 2197 256 2230 fine,
279 2204 345 2233 ergo
366 2204 462 2225 omnes
484 2200 567 2225 erunt
588 2196 692 2230 bonae,
714 2199 741 2225 et
762 2196 839 2225 nulla
862 2197 943 2225 mala.

204 2245 230 2272 2.
252 2244 328 2277 Item,
351 2243 520 2287 Dionysiusj
542 2243 623 2277 dicit,
645 2243 718 2280 quod
749 2251 855 2272 «nemo
877 2251 972 2280 opera-

1040 699 1085 724 tur
1106 697 1141 724 ad
1164 697 1269 725 malum
1291 699 1465 735 aspiciens»,
1487 708 1553 737 ergo
1574 703 1664 731 omnis
1679 711 1796 740 operans
1819 704 1883 733 fina-

1040 742 1102 771 liter
1122 744 1220 780 aspirit
1249 745 1283 773 ad
1310 745 1422 782 aliquod
1451 747 1568 780 bonum;
1597 749 1671 777 unde
1701 750 1883 787 Philosophus

1038 789 1120 818 etiam
1144 790 1218 824 dicit,
1240 792 1315 828 quod
1342 803 1355 817 «
1368 792 1471 821 bonum
1491 797 1518 822 et
1539 794 1602 823 finis
1628 799 1669 824 est
1690 796 1763 824 idem
1773 808 1798 824 »z
1815 805 1881 834 ergo

1037 836 1058 864 si
1082 837 1172 866 omnis
1194 838 1323 867 voluntas
1345 839 1462 868 intendit
1483 840 1596 878 aliquod
1619 842 1732 877 bonum,
1755 844 1880 879 videtur,

1036 883 1111 920 quod
1133 887 1181 912 aut
1202 885 1292 913 omnis
1313 886 1442 914 voluntas
1464 890 1505 915 est
1521 887 1600 922 bona,
1623 893 1670 917 aut
1685 890 1759 926 quod
1775 890 1883 920 bonitas

1038 938 1090 957 non
1114 930 1184 959 inest
1206 931 1341 960 voluntati
1363 940 1398 960 ex
1421 933 1484 962 fine.

1116 977 1141 1005 3.
1164 978 1240 1013 Item,
1262 982 1521 1018 quantumcumque
1543 982 1645 1020 aliquIs
1667 983 1786 1012 finaliter
1802 993 1883 1022 appe-

1035 1025 1068 1054 tit
1090 1025 1209 1059 bonum,
1234 1029 1325 1055 tamen
1348 1034 1492 1064 nunquam
1522 1029 1646 1066 operatio
1671 1030 1732 1059 eius
1753 1031 1806 1059 erit
1827 1039 1882 1060 me-

1036 1072 1141 1106 ritoria,
1163 1073 1213 1100 nisi
1237 1073 1271 1101 sit
1293 1074 1407 1102 caritate
1430 1074 1585 1110 informata,
1608 1079 1635 1104 et
1655 1077 1747 1105 anima
1769 1078 1804 1106 sit
1825 1078 1881 1107 Deo

1035 1121 1115 1155 grata
1136 1121 1162 1146 et
1183 1122 1296 1156 accepta
1310 1120 1331 1147 ⁷:
1361 1127 1427 1156 ergo
1454 1121 1578 1156 videtur,
1605 1123 1680 1159 quod
1702 1123 1810 1151 bonitas
1832 1132 1881 1152 vo-

1036 1165 1150 1194 luntatis
1172 1166 1197 1194 in
1225 1169 1287 1195 actu
1322 1168 1413 1204 potius
1434 1169 1527 1197 veniat
1558 1177 1594 1197 ex
1627 1170 1763 1207 principio
1795 1179 1878 1208 quam

1034 1220 1070 1240 ex
1093 1212 1155 1241 fine.

1112 1259 1139 1286 li.
1161 1259 1237 1293 Item,
1259 1260 1280 1288 si
1298 1260 1405 1289 bonitas
1420 1261 1570 1290 voluntatis
1585 1263 1660 1291 venit
1681 1271 1716 1291 ex
1733 1263 1799 1298 fine,
1815 1272 1877 1293 eum

1034 1305 1097 1334 finis
1119 1307 1208 1335 omnis
1230 1307 1319 1335 bonae
1340 1307 1490 1336 voluntatis
1519 1309 1553 1337 sit
1579 1309 1653 1337 Deus
1674 1313 1700 1338 et
1726 1311 1760 1339 sit
1781 1319 1879 1348 aequa-

1035 1351 1097 1381 liter
1119 1352 1222 1387 bonus3
1245 1353 1369 1388 videtur,
1396 1355 1470 1391 quod
1492 1363 1588 1384 omnes
1611 1356 1699 1385 bonae
1721 1357 1877 1386 voluntates

1033 1400 1088 1428 sint
1108 1399 1263 1436 aequaliter
1285 1400 1380 1429 bonae.
1396 1401 1422 1429 Si
1439 1401 1523 1438 igitur
1538 1410 1634 1431 omnes
1649 1403 1806 1433 voluntates
1820 1413 1874 1433 non

1033 1449 1098 1474 sunt
1119 1447 1273 1483 aequaliter
1295 1447 1391 1481 bonae.
1415 1448 1535 1483 videtur,
1557 1449 1630 1486 quod
1654 1449 1762 1478 bonitas
1786 1451 1879 1479 volun-

1033 1493 1096 1521 tatis
1118 1502 1171 1521 non
1194 1494 1228 1522 sit
1249 1494 1289 1522 eis
1311 1502 1346 1523 ex
1369 1495 1423 1523 fine
1437 1495 1454 1522 Β.

1113 1542 1137 1568 5.
1160 1541 1242 1575 item,
1273 1541 1443 1570 manducare
1472 1542 1576 1570 bonum
1605 1546 1660 1571 est:
1684 1551 1750 1580 ergo
1771 1545 1793 1573 si
1816 1546 1878 1582 quis

1033 1587 1152 1615 finaliter
1175 1587 1331 1624 praedirat,
1354 1591 1384 1616 ut
1406 1588 1571 1623 manducet,
1594 1598 1656 1618 cuni
1680 1592 1804 1627 operatio
1827 1592 1878 1620 ista

1033 1634 1134 1662 habeat
1155 1634 1259 1662 bonum
1284 1634 1382 1668 finem,
1404 1635 1531 1667 videtur,
1554 1636 1627 1672 quod
1655 1637 1693 1665 sle
1716 1638 1877 1674 praedicare

1033 1681 1067 1709 sit
1089 1681 1193 1709 bonum
1215 1685 1242 1709 et
1271 1681 1419 1709 laudabile.
1442 1682 1468 1710 Si
1491 1682 1575 1718 igitur
1600 1683 1662 1711 talis
1684 1684 1754 1712 aetio
1777 1685 1878 1713 iudica-

1032 1731 1079 1756 tur
1100 1735 1160 1755 esse
1184 1727 1265 1761 mala,
1288 1727 1414 1759 videtur,
1437 1728 1511 1765 quod
1535 1729 1664 1758 voluntas
1680 1738 1733 1758 non
1749 1731 1783 1759 sit
1806 1731 1876 1759 bona

1032 1783 1068 1803 ex
1090 1774 1233 1803 voluntate
1256 1774 1327 1803 finis.

1112 1822 1137 1849 6.
1160 1821 1241 1851 Item.
1272 1821 1292 1849 si
1322 1821 1423 1858 aliquis
1452 1822 1586 1850 mentitur
1615 1826 1729 1860 propter
1758 1824 1875 1853 salutem

1031 1868 1171 1905 proximi.
1193 1876 1257 1896 eum
1281 1868 1390 1896 salvare
1412 1868 1573 1905 proximum
1604 1870 1639 1898 sit
1663 1870 1781 1905 bonum,
1804 1878 1877 1899 men-

1032 1915 1142 1943 dacium
1166 1915 1235 1943 illud
1258 1918 1330 1944 esset
1358 1915 1462 1943 bonum
1492 1919 1519 1944 et
1540 1916 1731 1950 meritorium,
1761 1918 1782 1945 si
1805 1926 1875 1954 opus

1031 1962 1182 1991 voluntatis
1210 1962 1359 1990 bonitatem
1390 1962 1506 1990 haberet
1534 1970 1568 1991 ex
1591 1962 1646 1991 fine
1655 1974 1662 1997 ;
1685 1963 1732 1992 sed
1755 1967 1875 1997 constat,

1031 2009 1106 2046 quod
1133 2020 1145 2035 «
1158 2009 1334 2037 mendacium
1350 2017 1493 2046 nunquam
1509 2012 1550 2038 est
1565 2009 1669 2038 bonum
1682 2021 1707 2044 u,
1723 2010 1794 2038 sieut
1809 2010 1874 2039 dieit

1030 2055 1235 2093 Augustinus⁹t
1259 2064 1325 2092 ergo
1354 2056 1480 2089 videtur,
1510 2056 1584 2093 quod
1606 2056 1713 2084 bonitas
1736 2056 1797 2085 finis
1819 2064 1872 2084 non

1031 2102 1150 2131 sufficiat
1170 2103 1205 2131 ad
1228 2102 1378 2131 bonitatem
1401 2102 1560 2131 voluntatis.

1109 2149 1259 2186 Quaeritur
1275 2157 1353 2186 ergo,
1370 2149 1444 2178 unde
1459 2153 1589 2178 causetur
1605 2150 1742 2178 rectitudo
1757 2154 1783 2178 et
1799 2151 1872 2179 boni·
1885 2158 1981 2180 Quaestio.

1031 2200 1072 2225 tas
1094 2196 1120 2224 in
1144 2196 1293 2229 voluntate,
1316 2199 1410 2224 utrum
1434 2204 1468 2224 ex
1490 2196 1552 2230 fine,
1568 2196 1639 2225 sieut
1654 2196 1764 2225 videtur
1780 2197 1871 2225 dicere

1031 2243 1158 2279 Magister
1174 2243 1200 2277 ¹⁰,
1222 2251 1257 2271 an
1279 2242 1400 2271 aliunde.

188 2378 194 2392 1
215 2379 279 2401 Vers.
298 2379 334 2400 22.
351 2391 382 2394 —
400 2379 512 2406 Expositio
530 2379 598 2400 huius
616 2378 669 2402 loci.
683 2384 742 2406 quae
755 2372 870 2407 sequitur,
889 2382 922 2400 est
940 2384 971 2400 se·

125 2418 227 2440 eundum
245 2418 411 2446 Augustinum,
430 2418 468 2446 qui
488 2418 510 2439 ll.
528 2417 556 2439 de
574 2417 646 2439 Serm.
665 2417 755 2439 Domini
769 2418 789 2438 in
804 2419 887 2443 monto,
901 2423 920 2438 c.
937 2417 969 2438 13.

123 2463 144 2479 n.
163 2456 199 2479 45.
217 2458 261 2479 ait:
280 2457 322 2485 Qui
341 2457 405 2479 loeus
417 2458 449 2479 sie
461 2456 623 2485 intelligendus
636 2459 683 2483 est,
698 2459 722 2478 ut
734 2457 880 2483 noverimus,
893 2457 969 2477 omnia

124 2502 193 2524 opera
211 2498 287 2518 nostra
305 2499 359 2518 uine
376 2502 425 2518 esse
443 2496 529 2518 munda
548 2498 570 2518 et
587 2496 677 2523 plaeere
696 2496 717 2517 in
735 2497 859 2522 conspeetu
879 2495 933 2522 Dei,
951 2495 969 2516 si

125 2534 179 2557 fiant
195 2535 293 2562 simplici
310 2534 379 2557 eorde
403 2535 416 2556 i.
435 2541 454 2557 e.
480 2535 603 2556 intentione
621 2539 720 2561 superna
740 2533 783 2555 tine
801 2533 837 2554 illo
856 2533 968 2560 caritatis,

125 2574 177 2602 quia
195 2578 217 2596 et
232 2573 353 2603 plenitudo
370 2573 437 2603 Leqz's
455 2573 544 2597 caritas
562 2573 637 2599 (nom.
660 2573 698 2598 13,
721 2573 771 2599 10.).
793 2571 893 2595 Oculum
912 2578 969 2599 orgo

125 2613 161 2635 hie
178 2614 281 2640 accipere
307 2613 420 2635 debemus
444 2614 518 2641 ipsam
544 2611 702 2639 intentionem,
723 2618 767 2639 qua
792 2612 888 2633 facimus
906 2611 969 2639 quid-

125 2651 180 2679 quid
198 2652 308 2679 facium&
326 2658 385 2680 quae
402 2652 420 2673 si
439 2651 523 2673 munda
542 2651 609 2672 suerit
629 2653 650 2672 et
668 2653 727 2671 reeta
745 2649 833 2671 otillud
856 2650 969 2677 aspiriens

125 2690 187 2719 quod
211 2690 369 2718 aspiciendum
395 2693 439 2717 est,
458 2691 534 2712 omma
556 2696 626 2717 opera
648 2692 737 2717 nostra,
761 2695 820 2717 quae
840 2688 968 2710 seeundum

125 2735 175 2750 eam
193 2735 329 2757 operamur,
349 2735 440 2751 neeesse
458 2731 492 2751 est
509 2728 568 2750 bona
586 2728 636 2749 sint.
649 2728 712 2755 Quae
725 2728 799 2749 omnia
813 2733 881 2754 opera
895 2727 969 2749 totum

125 2773 210 2797 corpus
227 2768 350 2796 appellavit
367 2770 408 2789 etc.
427 2767 482 2789 Fere
499 2767 560 2789 idem
578 2767 674 2794 August.
688 2766 741 2788 dirit
753 2766 788 2787 lv.
802 2768 878 2787 eontra
893 2766 968 2787 Iulian.

126 2806 237 2834 Pelagian.
255 2813 274 2828 e.
293 2806 312 2828 3.
331 2812 352 2828 n.
372 2806 408 2827 33.

186 2845 196 2860 ²
213 2845 267 2873 Cap.
286 2846 307 2867 6.
324 2851 346 2866 n.
365 2845 373 2866 11
381 2845 401 2866 0.
420 2844 478 2866 Vide
496 2845 533 2865 hie
549 2844 579 2865 lit.
598 2844 710 2871 Magistri,
729 2850 747 2865 c.
766 2844 787 2865 3.

185 2884 195 2898 3
213 2884 303 2911 Romu,
321 2884 344 2905 ll.
363 2883 391 2905 de
408 2883 484 2904 Differ.
511 2883 593 2910 topie.;
621 2883 723 2909 Aristot.,
751 2882 781 2904 lll.
800 2882 880 2909 Topic.
903 2888 921 2904 e.
944 2883 968 2904 l:

124 2921 194 2945 Cuius
211 2922 261 2944 finis
278 2922 371 2949 melior,
389 2924 411 2943 et
427 2922 504 2949 ipsum
522 2921 611 2943 melius.
629 2933 659 2936 -
676 2921 744 2943 Paulo
762 2921 856 2942 inferius
868 2924 919 2948 post
931 2919 969 2943 bo-

123 2967 169 2984 nus
184 2963 217 2984 est
234 2961 284 2984 cod.
304 2961 321 2982 T
340 2961 372 2983 sic
391 2961 553 2989 prosequitur:
571 2959 649 2989 ipsum
663 2965 755 2989 quoque
767 2958 855 2982 bonnm
873 2961 907 2982 est
922 2959 936 2981 ι’.
949 2966 967 2982 e.

124 3000 145 3022 et
161 2999 213 3029 ipsrt
229 2999 290 3023 actio
308 2998 368 3021 trouu
386 3000 426 3021 est.

250 3050 273 3074 S.
291 3050 380 3073 Βοηαυ.
397 3062 428 3066 -
445 3050 511 3072 Tom.
530 3049 552 3072 ll.

1091 2377 1100 2391 ⁴
1118 2377 1162 2399 (lsr.
1181 2378 1284 2403 ArIstot.,
1304 2376 1325 2397 ll.
1344 2376 1411 2403 Phys.
1430 2378 1481 2398 text.
1500 2376 1536 2397 81.
1554 2382 1618 2404 seqq.
1638 2376 1666 2403 (c.
1685 2377 1723 2400 S-i.

1092 2417 1101 2430 ⁵
1117 2416 1157 2438 llic
1174 2422 1192 2438 e.
1213 2416 1232 2438 1.
1250 2427 1281 2431 -
1299 2415 1330 2437 De
1346 2415 1455 2437 sententia
1474 2416 1569 2442 August.
1588 2415 1642 2437 vide
1658 2421 1727 2443 supra
1747 2421 1799 2443 pag.
1818 2415 1870 2443 517,

1027 2458 1079 2477 nota
1098 2456 1118 2476 ⁵2.
1132 2467 1161 2470 —
1173 2454 1248 2476 Verba
1262 2455 1353 2481 propria
1372 2454 1470 2480 Boethii,
1490 2454 1519 2475 ΙΙΙ.
1538 2454 1566 2476 de
1584 2453 1672 2476 Consol.
1691 2461 1758 2482 prosa
1771 2455 1792 2483 2,
1807 2457 1870 2477 sunt:

1027 2493 1106 2515 Omnis
1123 2493 1253 2515 mortalium
1278 2498 1345 2519 eura,
1371 2498 1441 2520 (luam
1467 2493 1628 2520 multiplicium
1654 2493 1783 2515 studiorum
1806 2493 1871 2515 labor

1027 2534 1127 2559 exercet,
1155 2532 1247 2553 diverso
1273 2531 1367 2560 quidem
1389 2532 1444 2553 ealle
1462 2531 1577 2559 procedit,
1596 2532 1635 2553 sed
1653 2532 1682 2554 ad
1700 2538 1771 2554 unum
1796 2536 1869 2555 tamen

1026 2571 1172 2594 beatitudinis
1190 2571 1258 2593 finem
1276 2571 1353 2593 nititur
1365 2571 1508 2598 pervenire...
1521 2571 1596 2599 Ilnne,
1615 2574 1639 2593 ut
1656 2571 1765 2600 diximus,
1779 2572 1870 2594 diverso

1027 2612 1114 2633 tramite
1132 2611 1238 2632 mortales
1256 2616 1336 2632 omnes
1353 2614 1463 2632 conantur
1481 2610 1583 2638 adipisci.

1089 2649 1098 2663 5
1116 2649 1147 2671 De
1165 2649 1215 2671 Div.
1234 2649 1299 2671 Nom.
1317 2655 1335 2671 e.
1355 2648 1375 2670 lt.
1393 2649 1405 2677 ζ]
1428 2649 1460 2671 19.
1479 2651 1501 2670 et
1518 2650 1542 2670 31
1557 2657 1562 2677 ;
1580 2649 1633 2671 vide
1651 2656 1719 2678 supra
1738 2656 1792 2678 pag.
1810 2651 1869 2676 808,

1027 2691 1077 2710 nota
1096 2689 1117 2710 2.
1136 2688 1167 2710 De
1186 2689 1294 2710 sententia
1323 2688 1451 2716 Philosophi
1473 2694 1526 2709 mox
1544 2692 1668 2710 memorata
1687 2688 1740 2710 vide
1758 2695 1810 2716 pag.
1834 2690 1869 2711 eit.

1027 2729 1077 2749 nota
1096 2727 1116 2748 ὅ.

1072 2764 1098 2782 -7
1116 2765 1142 2787 Ut
1159 2764 1255 2786 habetur
1280 2770 1349 2792 supra
1367 2764 1389 2786 d.
1408 2765 1444 2786 29.
1463 2771 1482 2786 a.
1506 2765 1522 2786 Ι.
1540 2771 1562 2793 q.
1584 2765 1601 2786 1.
1620 2771 1668 2793 seq.
1685 2764 1730 2787 Csr.
1748 2766 1815 2787 etiam
1834 2766 1869 2787 hic

1026 2805 1056 2827 lit.
1076 2805 1185 2832 Magistri,
1205 2810 1224 2826 c.
1246 2804 1263 2826 1.
1281 2806 1303 2826 et
1320 2804 1376 2825 infra
1396 2804 1417 2826 d.
1436 2804 1482 2826 XL.

1088 2842 1098 2857 8
1116 2843 1173 2864 Vide
1191 2843 1227 2864 hie
1244 2843 1274 2864 lit.
1293 2843 1405 2870 Magistri,
1423 2848 1441 2864 e.
1461 2842 1486 2870 3,
1506 2842 1544 2864 ubi
1562 2843 1629 2865 etiam
1647 2849 1695 2871 seq.
1708 2849 1757 2871 arg.
1770 2844 1869 2865 insinua-

1026 2884 1068 2904 tur.
1086 2893 1117 2897 —
1135 2881 1177 2903 Pro
1194 2881 1226 2904 ez's
1243 2887 1273 2903 em
1289 2880 1335 2911 sme
1352 2881 1402 2903 eod.
1421 2887 1446 2904 cc
1463 2885 1484 2903 et
1502 2881 1537 2903 ed.
1557 2882 1565 2902 11
1587 2881 1608 2904 ei
1624 2888 1655 2904 eae
1670 2881 1722 2911 sine.

1087 2920 1097 2935 ⁴³
1114 2920 1226 2942 Enchirid.
1244 2927 1262 2942 c.
1286 2921 1318 2942 18.
1337 2927 1357 2942 n.
1375 2920 1396 2948 6,
1409 2920 1471 2943 etde
1483 2920 1611 2948 Mendacio,
1630 2927 1648 2943 c.
1668 2921 1703 2942 21.
1722 2927 1743 2942 n.
1762 2920 1798 2943 42.
1812 2920 1868 2943 Vidn

1025 2960 1082 2982 infra
1100 2960 1129 2981 lit.
1148 2960 1262 2987 Magistri,
1281 2959 1302 2981 d.
1321 2959 1366 2981 XL.

1088 2998 1107 3012 ¹0
1124 2999 1163 3021 Ilie
1177 3005 1195 3020 e.
1219 2999 1235 3020 l.
1253 3005 1316 3027 seqq.
1334 3001 1356 3020 et
1373 2999 1428 3021 inti-a
1447 2998 1468 3021 d.
1487 2999 1533 3021 XL.
