<?xml version="1.0" encoding="UTF-8"?>
<!DOCTYPE html PUBLIC "-//W3C//DTD XHTML 1.0 Transitional//EN"
    "http://www.w3.org/TR/xhtml1/DTD/xhtml1-transitional.dtd">
<html xmlns="http://www.w3.org/1999/xhtml" xml:lang="en" lang="en">
 <head>
  <title>
</title>
<meta http-equiv="Content-Type" content="text/html;charset=utf-8" />
  <meta name='ocr-system' content='tesseract 3.04.00' />
  <meta name='ocr-capabilities' content='ocr_page ocr_carea ocr_par ocr_line ocrx_word'/>
</head>
<body>
  <div class='ocr_page' id='page_1' title='image "./doctorisseraphic02bona_0054.png"; bbox 0 0 2243 3425; ppageno 0'>
   <div class='ocr_carea' id='block_1_1' title="bbox 185 1030 314 1071">
    <p class='ocr_par' dir='ltr' id='par_1_1' title="bbox 185 1030 314 1071">
     <span class='ocr_line' id='line_1_1' title="bbox 185 1030 314 1053; baseline 0 -6"><span class='ocrx_word' id='word_1_1' title='bbox 185 1030 259 1052; x_wconf 77' lang='lat' dir='ltr'>Triplex</span> <span class='ocrx_word' id='word_1_2' title='bbox 272 1034 314 1053; x_wconf 83' lang='lat' dir='ltr'>pro-</span> 
     </span>
     <span class='ocr_line' id='line_1_2' title="bbox 208 1052 278 1071; baseline -0.014 0"><span class='ocrx_word' id='word_1_3' title='bbox 208 1052 278 1071; x_wconf 85' lang='lat' dir='ltr'>ductio.</span> 
     </span>
    </p>
   </div>
   <div class='ocr_carea' id='block_1_2' title="bbox 198 1535 318 1624">
    <p class='ocr_par' dir='ltr' id='par_1_2' title="bbox 198 1535 318 1624">
     <span class='ocr_line' id='line_1_3' title="bbox 198 1535 314 1554; baseline 0 -2"><span class='ocrx_word' id='word_1_4' title='bbox 198 1535 314 1554; x_wconf 80' lang='lat' dir='ltr'>Deteriuiua-</span> 
     </span>
     <span class='ocr_line' id='line_1_4' title="bbox 211 1558 315 1577; baseline -0.019 0"><span class='ocrx_word' id='word_1_5' title='bbox 211 1562 236 1577; x_wconf 86' lang='grc'>110</span> <span class='ocrx_word' id='word_1_6' title='bbox 260 1558 315 1576; x_wconf 80' lang='lat' dir='ltr'>trium</span> 
     </span>
     <span class='ocr_line' id='line_1_5' title="bbox 211 1582 318 1606; baseline -0.009 -6"><span class='ocrx_word' id='word_1_7' title='bbox 211 1582 318 1606; x_wconf 67' lang='lat' dir='ltr'>productio-</span> 
     </span>
     <span class='ocr_line' id='line_1_6' title="bbox 211 1611 261 1624; baseline 0 -1"><span class='ocrx_word' id='word_1_8' title='bbox 211 1611 261 1624; x_wconf 77' lang='lat' dir='ltr'>num.</span> 
     </span>
    </p>
   </div>
   <div class='ocr_carea' id='block_1_3' title="bbox 323 189 359 218">
    <p class='ocr_par' dir='ltr' id='par_1_3' title="bbox 323 189 359 218">
     <span class='ocr_line' id='line_1_7' title="bbox 323 189 359 218; baseline -0.028 0"><span class='ocrx_word' id='word_1_9' title='bbox 323 189 359 218; x_wconf 73' lang='lat'>39.</span> 
     </span>
    </p>
   </div>
   <div class='ocr_carea' id='block_1_4' title="bbox 322 259 1172 677">
    <p class='ocr_par' dir='ltr' id='par_1_4' title="bbox 322 259 1170 388">
     <span class='ocr_line' id='line_1_8' title="bbox 322 259 1170 301; baseline -0.012 -5"><span class='ocrx_word' id='word_1_10' title='bbox 322 267 423 301; x_wconf 86' lang='lat' dir='ltr'>situm,</span> <span class='ocrx_word' id='word_1_11' title='bbox 444 268 493 294; x_wconf 85' lang='lat' dir='ltr'>aut</span> <span class='ocrx_word' id='word_1_12' title='bbox 513 264 549 293; x_wconf 84' lang='lat' dir='ltr'>ad</span> <span class='ocrx_word' id='word_1_13' title='bbox 570 264 687 292; x_wconf 85' lang='lat' dir='ltr'>formam</span> <span class='ocrx_word' id='word_1_14' title='bbox 702 273 716 289; x_wconf 87' lang='lat'>»</span> <span class='ocrx_word' id='word_1_15' title='bbox 733 273 740 297; x_wconf 72' lang='lat'>3</span> <span class='ocrx_word' id='word_1_16' title='bbox 762 262 811 291; x_wconf 88' lang='lat' dir='ltr'>sed</span> <span class='ocrx_word' id='word_1_17' title='bbox 833 261 936 291; x_wconf 75' lang='lat' dir='ltr'>creatio</span> <span class='ocrx_word' id='word_1_18' title='bbox 957 263 999 289; x_wconf 81' lang='lat' dir='ltr'>est</span> <span class='ocrx_word' id='word_1_19' title='bbox 1028 259 1063 288; x_wconf 89' lang='lat' dir='ltr'>ad</span> <span class='ocrx_word' id='word_1_20' title='bbox 1086 261 1170 287; x_wconf 87' lang='lat' dir='ltr'>mate-</span> 
     </span>
     <span class='ocr_line' id='line_1_9' title="bbox 323 305 1169 348; baseline -0.011 -6"><span class='ocrx_word' id='word_1_21' title='bbox 323 314 393 342; x_wconf 86' lang='lat' dir='ltr'>riam</span> <span class='ocrx_word' id='word_1_22' title='bbox 415 314 490 341; x_wconf 85' lang='lat' dir='ltr'>reete</span> <span class='ocrx_word' id='word_1_23' title='bbox 511 319 542 340; x_wconf 85' lang='lat' dir='ltr'>ae</span> <span class='ocrx_word' id='word_1_24' title='bbox 564 309 693 348; x_wconf 79' lang='lat' dir='ltr'>proprie:</span> <span class='ocrx_word' id='word_1_25' title='bbox 716 316 783 345; x_wconf 83' lang='lat' dir='ltr'>ergo</span> <span class='ocrx_word' id='word_1_26' title='bbox 804 307 933 342; x_wconf 75' lang='lat' dir='ltr'>videtur,</span> <span class='ocrx_word' id='word_1_27' title='bbox 954 305 1030 343; x_wconf 90' lang='lat' dir='ltr'>quod</span> <span class='ocrx_word' id='word_1_28' title='bbox 1054 313 1108 334; x_wconf 90' lang='lat' dir='ltr'>non</span> <span class='ocrx_word' id='word_1_29' title='bbox 1134 305 1169 333; x_wconf 89' lang='lat' dir='ltr'>sit</span> 
     </span>
     <span class='ocr_line' id='line_1_10' title="bbox 323 359 448 388; baseline -0.008 0"><span class='ocrx_word' id='word_1_30' title='bbox 323 359 448 388; x_wconf 88' lang='lat' dir='ltr'>mutatio.</span> 
     </span>
    </p>

    <p class='ocr_par' dir='ltr' id='par_1_5' title="bbox 324 399 1172 677">
     <span class='ocr_line' id='line_1_11' title="bbox 403 399 1168 439; baseline -0.01 -5"><span class='ocrx_word' id='word_1_31' title='bbox 403 408 428 434; x_wconf 87' lang='lat'>7.</span> <span class='ocrx_word' id='word_1_32' title='bbox 456 405 539 439; x_wconf 83' lang='lat' dir='ltr'>Item,</span> <span class='ocrx_word' id='word_1_33' title='bbox 570 412 606 433; x_wconf 86' lang='lat' dir='ltr'>ex</span> <span class='ocrx_word' id='word_1_34' title='bbox 639 407 714 432; x_wconf 84' lang='lat' dir='ltr'>tanta</span> <span class='ocrx_word' id='word_1_35' title='bbox 749 401 872 439; x_wconf 86' lang='lat' dir='ltr'>potentia</span> <span class='ocrx_word' id='word_1_36' title='bbox 902 403 979 430; x_wconf 80' lang='lat' dir='ltr'>creat</span> <span class='ocrx_word' id='word_1_37' title='bbox 1010 399 1101 433; x_wconf 87' lang='lat' dir='ltr'>Dens,</span> <span class='ocrx_word' id='word_1_38' title='bbox 1133 405 1168 427; x_wconf 86' lang='lat' dir='ltr'>ex</span> 
     </span>
     <span class='ocr_line' id='line_1_12' title="bbox 324 445 1169 491; baseline -0.011 -9"><span class='ocrx_word' id='word_1_39' title='bbox 324 457 427 491; x_wconf 86' lang='lat' dir='ltr'>quanta</span> <span class='ocrx_word' id='word_1_40' title='bbox 448 455 577 489; x_wconf 67' lang='lat' dir='ltr'>generat,</span> <span class='ocrx_word' id='word_1_41' title='bbox 598 451 664 488; x_wconf 86' lang='lat' dir='ltr'>quia</span> <span class='ocrx_word' id='word_1_42' title='bbox 685 453 839 486; x_wconf 90' lang='lat' dir='ltr'>utrumque</span> <span class='ocrx_word' id='word_1_43' title='bbox 861 448 926 477; x_wconf 86' lang='lat' dir='ltr'>facit</span> <span class='ocrx_word' id='word_1_44' title='bbox 946 454 996 484; x_wconf 88' lang='lat' dir='ltr'>per</span> <span class='ocrx_word' id='word_1_45' title='bbox 1017 445 1169 483; x_wconf 86' lang='lat' dir='ltr'>potentiam</span> 
     </span>
     <span class='ocr_line' id='line_1_13' title="bbox 325 491 1171 533; baseline -0.011 -5"><span class='ocrx_word' id='word_1_46' title='bbox 325 500 460 528; x_wconf 85' lang='lat' dir='ltr'>infinitam</span> <span class='ocrx_word' id='word_1_47' title='bbox 477 498 499 533; x_wconf 73' lang='grc'>1;</span> <span class='ocrx_word' id='word_1_48' title='bbox 514 497 563 526; x_wconf 90' lang='lat' dir='ltr'>sed</span> <span class='ocrx_word' id='word_1_49' title='bbox 578 497 652 526; x_wconf 90' lang='lat' dir='ltr'>Deus</span> <span class='ocrx_word' id='word_1_50' title='bbox 673 499 765 533; x_wconf 84' lang='lat' dir='ltr'>potest</span> <span class='ocrx_word' id='word_1_51' title='bbox 786 501 921 532; x_wconf 82' lang='lat' dir='ltr'>generare</span> <span class='ocrx_word' id='word_1_52' title='bbox 943 493 1002 522; x_wconf 90' lang='lat' dir='ltr'>sine</span> <span class='ocrx_word' id='word_1_53' title='bbox 1017 491 1171 521; x_wconf 78' lang='lat' dir='ltr'>mutatione</span> 
     </span>
     <span class='ocr_line' id='line_1_14' title="bbox 325 539 1171 582; baseline -0.009 -7"><span class='ocrx_word' id='word_1_54' title='bbox 325 547 367 576; x_wconf 85' lang='lat' dir='ltr'>sui</span> <span class='ocrx_word' id='word_1_55' title='bbox 389 550 416 575; x_wconf 92' lang='lat' dir='ltr'>et</span> <span class='ocrx_word' id='word_1_56' title='bbox 441 546 525 574; x_wconf 79' lang='lat' dir='ltr'>etiam</span> <span class='ocrx_word' id='word_1_57' title='bbox 553 551 688 582; x_wconf 77' lang='lat' dir='ltr'>personae</span> <span class='ocrx_word' id='word_1_58' title='bbox 720 542 842 580; x_wconf 84' lang='lat' dir='ltr'>genitae:</span> <span class='ocrx_word' id='word_1_59' title='bbox 874 549 942 578; x_wconf 86' lang='lat' dir='ltr'>ergo</span> <span class='ocrx_word' id='word_1_60' title='bbox 973 540 1033 577; x_wconf 85' lang='lat' dir='ltr'>pari</span> <span class='ocrx_word' id='word_1_61' title='bbox 1064 539 1171 568; x_wconf 88' lang='lat' dir='ltr'>ratione</span> 
     </span>
     <span class='ocr_line' id='line_1_15' title="bbox 324 588 1172 632; baseline -0.011 -9"><span class='ocrx_word' id='word_1_62' title='bbox 324 598 415 632; x_wconf 88' lang='lat' dir='ltr'>potest</span> <span class='ocrx_word' id='word_1_63' title='bbox 435 600 531 622; x_wconf 85' lang='lat' dir='ltr'>creare</span> <span class='ocrx_word' id='word_1_64' title='bbox 552 592 611 620; x_wconf 90' lang='lat' dir='ltr'>sine</span> <span class='ocrx_word' id='word_1_65' title='bbox 633 591 786 619; x_wconf 81' lang='lat' dir='ltr'>mutatione</span> <span class='ocrx_word' id='word_1_66' title='bbox 812 589 855 618; x_wconf 88' lang='lat' dir='ltr'>sui</span> <span class='ocrx_word' id='word_1_67' title='bbox 876 591 904 617; x_wconf 88' lang='lat' dir='ltr'>et</span> <span class='ocrx_word' id='word_1_68' title='bbox 935 590 1080 617; x_wconf 83' lang='lat' dir='ltr'>creaturae</span> <span class='ocrx_word' id='word_1_69' title='bbox 1088 598 1095 620; x_wconf 85' lang='lat'>;</span> <span class='ocrx_word' id='word_1_70' title='bbox 1124 588 1172 614; x_wconf 87' lang='lat' dir='ltr'>aut</span> 
     </span>
     <span class='ocr_line' id='line_1_16' title="bbox 325 639 788 677; baseline -0.011 -7"><span class='ocrx_word' id='word_1_71' title='bbox 325 642 347 670; x_wconf 87' lang='lat' dir='ltr'>si</span> <span class='ocrx_word' id='word_1_72' title='bbox 369 648 437 674; x_wconf 89' lang='grc'>11011,</span> <span class='ocrx_word' id='word_1_73' title='bbox 457 647 577 677; x_wconf 78' lang='lat' dir='ltr'>quaero,</span> <span class='ocrx_word' id='word_1_74' title='bbox 599 646 687 675; x_wconf 87' lang='lat' dir='ltr'>quare</span> <span class='ocrx_word' id='word_1_75' title='bbox 709 639 788 666; x_wconf 80' lang='lat' dir='ltr'>non?</span> 
     </span>
    </p>
   </div>
   <div class='ocr_carea' id='block_1_5' title="bbox 640 738 852 760">
    <p class='ocr_par' dir='ltr' id='par_1_6' title="bbox 640 738 852 760">
     <span class='ocr_line' id='line_1_17' title="bbox 640 738 852 760; baseline -0.009 0"><span class='ocrx_word' id='word_1_76' title='bbox 640 738 852 760; x_wconf 85' lang='lat' dir='ltr'>CONCLUSIO.</span> 
     </span>
    </p>
   </div>
   <div class='ocr_carea' id='block_1_6' title="bbox 355 821 1147 900">
    <p class='ocr_par' dir='ltr' id='par_1_7' title="bbox 355 821 1147 900">
     <span class='ocr_line' id='line_1_18' title="bbox 355 821 1147 859; baseline -0.01 -2"><span class='ocrx_word' id='word_1_77' title='bbox 355 828 469 857; x_wconf 76' lang='lat' dir='ltr'>Creatio</span> <span class='ocrx_word' id='word_1_78' title='bbox 490 831 530 855; x_wconf 82' lang='lat' dir='ltr'>est</span> <span class='ocrx_word' id='word_1_79' title='bbox 550 826 691 859; x_wconf 82' lang='lat' dir='ltr'>mutatio,</span> <span class='ocrx_word' id='word_1_80' title='bbox 712 825 763 853; x_wconf 77' lang='lat' dir='ltr'>sed</span> <span class='ocrx_word' id='word_1_81' title='bbox 783 824 923 853; x_wconf 75' lang='lat' dir='ltr'>distincta</span> <span class='ocrx_word' id='word_1_82' title='bbox 944 831 964 851; x_wconf 87' lang='lat' dir='ltr'>a</span> <span class='ocrx_word' id='word_1_83' title='bbox 985 821 1147 850; x_wconf 70' lang='lat' dir='ltr'>mutatione</span> 
     </span>
     <span class='ocr_line' id='line_1_19' title="bbox 674 871 819 900; baseline -0.007 0"><span class='ocrx_word' id='word_1_84' title='bbox 674 871 819 900; x_wconf 80' lang='lat' dir='ltr'>naturali.</span> 
     </span>
    </p>
   </div>
   <div class='ocr_carea' id='block_1_7' title="bbox 326 963 1178 2216">
    <p class='ocr_par' dir='ltr' id='par_1_8' title="bbox 326 963 1178 2216">
     <span class='ocr_line' id='line_1_20' title="bbox 406 963 1174 1003; baseline -0.009 -6"><span class='ocrx_word' id='word_1_85' title='bbox 406 970 584 998; x_wconf 73' lang='lat' dir='ltr'>RESPONDEOt</span> <span class='ocrx_word' id='word_1_86' title='bbox 625 967 799 1001; x_wconf 75' lang='lat' dir='ltr'>Dicendum,</span> <span class='ocrx_word' id='word_1_87' title='bbox 838 964 913 1003; x_wconf 89' lang='lat' dir='ltr'>quod</span> <span class='ocrx_word' id='word_1_88' title='bbox 949 963 1095 1002; x_wconf 80' lang='lat' dir='ltr'>quaedam</span> <span class='ocrx_word' id='word_1_89' title='bbox 1133 965 1174 991; x_wconf 87' lang='lat' dir='ltr'>est</span> 
     </span>
     <span class='ocr_line' id='line_1_21' title="bbox 327 1010 1174 1055; baseline -0.011 -9"><span class='ocrx_word' id='word_1_90' title='bbox 327 1016 489 1055; x_wconf 80' lang='lat' dir='ltr'>productio,</span> <span class='ocrx_word' id='word_1_91' title='bbox 512 1015 538 1043; x_wconf 91' lang='lat' dir='ltr'>in</span> <span class='ocrx_word' id='word_1_92' title='bbox 560 1023 615 1052; x_wconf 86' lang='lat' dir='ltr'>qua</span> <span class='ocrx_word' id='word_1_93' title='bbox 636 1013 807 1051; x_wconf 83' lang='lat' dir='ltr'>productum</span> <span class='ocrx_word' id='word_1_94' title='bbox 828 1020 857 1041; x_wconf 87' lang='lat' dir='ltr'>se</span> <span class='ocrx_word' id='word_1_95' title='bbox 879 1011 963 1040; x_wconf 86' lang='lat' dir='ltr'>habet</span> <span class='ocrx_word' id='word_1_96' title='bbox 990 1010 1071 1039; x_wconf 89' lang='lat' dir='ltr'>aliter</span> <span class='ocrx_word' id='word_1_97' title='bbox 1099 1016 1174 1037; x_wconf 87' lang='lat' dir='ltr'>nunc</span> 
     </span>
     <span class='ocr_line' id='line_1_22' title="bbox 327 1055 1174 1100; baseline -0.011 -8"><span class='ocrx_word' id='word_1_98' title='bbox 327 1066 354 1093; x_wconf 90' lang='lat' dir='ltr'>et</span> <span class='ocrx_word' id='word_1_99' title='bbox 375 1063 470 1100; x_wconf 78' lang='lat' dir='ltr'>prius,</span> <span class='ocrx_word' id='word_1_100' title='bbox 492 1061 558 1098; x_wconf 85' lang='lat' dir='ltr'>qnia</span> <span class='ocrx_word' id='word_1_101' title='bbox 579 1060 734 1089; x_wconf 86' lang='lat' dir='ltr'>seeundum</span> <span class='ocrx_word' id='word_1_102' title='bbox 755 1058 861 1096; x_wconf 87' lang='lat' dir='ltr'>aliquid</span> <span class='ocrx_word' id='word_1_103' title='bbox 883 1058 926 1087; x_wconf 91' lang='lat' dir='ltr'>sui</span> <span class='ocrx_word' id='word_1_104' title='bbox 948 1057 1000 1085; x_wconf 84' lang='lat' dir='ltr'>fuit</span> <span class='ocrx_word' id='word_1_105' title='bbox 1021 1056 1100 1093; x_wconf 90' lang='lat' dir='ltr'>prius</span> <span class='ocrx_word' id='word_1_106' title='bbox 1121 1055 1174 1084; x_wconf 90' lang='lat' dir='ltr'>sub</span> 
     </span>
     <span class='ocr_line' id='line_1_23' title="bbox 327 1102 1175 1146; baseline -0.012 -7"><span class='ocrx_word' id='word_1_107' title='bbox 327 1118 383 1139; x_wconf 85' lang='lat' dir='ltr'>una</span> <span class='ocrx_word' id='word_1_108' title='bbox 404 1108 600 1146; x_wconf 79' lang='lat' dir='ltr'>dispositione,</span> <span class='ocrx_word' id='word_1_109' title='bbox 621 1110 649 1135; x_wconf 87' lang='lat' dir='ltr'>et</span> <span class='ocrx_word' id='word_1_110' title='bbox 670 1114 744 1134; x_wconf 87' lang='lat' dir='ltr'>nune</span> <span class='ocrx_word' id='word_1_111' title='bbox 765 1108 807 1134; x_wconf 91' lang='lat' dir='ltr'>est</span> <span class='ocrx_word' id='word_1_112' title='bbox 828 1105 881 1134; x_wconf 87' lang='lat' dir='ltr'>sub</span> <span class='ocrx_word' id='word_1_113' title='bbox 902 1104 972 1137; x_wconf 81' lang='lat' dir='ltr'>alia;</span> <span class='ocrx_word' id='word_1_114' title='bbox 994 1107 1021 1131; x_wconf 88' lang='lat' dir='ltr'>et</span> <span class='ocrx_word' id='word_1_115' title='bbox 1049 1102 1112 1130; x_wconf 88' lang='lat' dir='ltr'>talis</span> <span class='ocrx_word' id='word_1_116' title='bbox 1134 1105 1175 1130; x_wconf 89' lang='lat' dir='ltr'>est</span> 
     </span>
     <span class='ocr_line' id='line_1_24' title="bbox 326 1150 1175 1194; baseline -0.009 -10"><span class='ocrx_word' id='word_1_117' title='bbox 326 1155 489 1194; x_wconf 66' lang='lat' dir='ltr'>producut),</span> <span class='ocrx_word' id='word_1_118' title='bbox 510 1161 582 1191; x_wconf 85' lang='lat' dir='ltr'>quae</span> <span class='ocrx_word' id='word_1_119' title='bbox 603 1155 645 1181; x_wconf 90' lang='lat' dir='ltr'>est</span> <span class='ocrx_word' id='word_1_120' title='bbox 666 1160 699 1180; x_wconf 87' lang='lat' dir='ltr'>ex</span> <span class='ocrx_word' id='word_1_121' title='bbox 724 1151 861 1180; x_wconf 86' lang='lat' dir='ltr'>materiali</span> <span class='ocrx_word' id='word_1_122' title='bbox 883 1150 1036 1187; x_wconf 85' lang='lat' dir='ltr'>principio,</span> <span class='ocrx_word' id='word_1_123' title='bbox 1067 1152 1099 1177; x_wconf 89' lang='lat' dir='ltr'>ut</span> <span class='ocrx_word' id='word_1_124' title='bbox 1130 1156 1175 1176; x_wconf 88' lang='lat' dir='ltr'>na-</span> 
     </span>
     <span class='ocr_line' id='line_1_25' title="bbox 328 1196 1175 1239; baseline -0.011 -7"><span class='ocrx_word' id='word_1_125' title='bbox 328 1202 426 1232; x_wconf 87' lang='lat' dir='ltr'>turalis</span> <span class='ocrx_word' id='word_1_126' title='bbox 447 1201 597 1239; x_wconf 74' lang='lat' dir='ltr'>generatio.</span> <span class='ocrx_word' id='word_1_127' title='bbox 620 1199 774 1235; x_wconf 81' lang='lat' dir='ltr'>Quaedam</span> <span class='ocrx_word' id='word_1_128' title='bbox 795 1202 837 1227; x_wconf 90' lang='lat' dir='ltr'>est</span> <span class='ocrx_word' id='word_1_129' title='bbox 863 1197 1027 1235; x_wconf 76' lang='lat' dir='ltr'>productio,</span> <span class='ocrx_word' id='word_1_130' title='bbox 1060 1196 1087 1224; x_wconf 93' lang='lat' dir='ltr'>in</span> <span class='ocrx_word' id='word_1_131' title='bbox 1119 1203 1175 1232; x_wconf 89' lang='lat' dir='ltr'>qua</span> 
     </span>
     <span class='ocr_line' id='line_1_26' title="bbox 326 1241 1174 1288; baseline -0.012 -9"><span class='ocrx_word' id='word_1_132' title='bbox 326 1250 497 1288; x_wconf 85' lang='lat' dir='ltr'>productum</span> <span class='ocrx_word' id='word_1_133' title='bbox 518 1247 592 1276; x_wconf 89' lang='lat' dir='ltr'>omni</span> <span class='ocrx_word' id='word_1_134' title='bbox 609 1246 618 1259; x_wconf 82' lang='lat'><strong>²</strong></span> <span class='ocrx_word' id='word_1_135' title='bbox 648 1246 731 1275; x_wconf 90' lang='lat' dir='ltr'>modo</span> <span class='ocrx_word' id='word_1_136' title='bbox 763 1253 792 1274; x_wconf 86' lang='lat' dir='ltr'>se</span> <span class='ocrx_word' id='word_1_137' title='bbox 820 1244 905 1273; x_wconf 84' lang='lat' dir='ltr'>habet</span> <span class='ocrx_word' id='word_1_138' title='bbox 936 1251 1011 1272; x_wconf 84' lang='lat' dir='ltr'>nune</span> <span class='ocrx_word' id='word_1_139' title='bbox 1042 1246 1069 1271; x_wconf 88' lang='lat' dir='ltr'>et</span> <span class='ocrx_word' id='word_1_140' title='bbox 1096 1241 1174 1270; x_wconf 88' lang='grc'>1111110</span> 
     </span>
     <span class='ocr_line' id='line_1_27' title="bbox 328 1291 1174 1332; baseline -0.008 -8"><span class='ocrx_word' id='word_1_141' title='bbox 328 1296 410 1325; x_wconf 85' lang='lat' dir='ltr'>modo</span> <span class='ocrx_word' id='word_1_142' title='bbox 432 1295 529 1332; x_wconf 76' lang='lat' dir='ltr'>prius3</span> <span class='ocrx_word' id='word_1_143' title='bbox 551 1297 578 1323; x_wconf 89' lang='lat' dir='ltr'>et</span> <span class='ocrx_word' id='word_1_144' title='bbox 605 1293 666 1322; x_wconf 89' lang='lat' dir='ltr'>talis</span> <span class='ocrx_word' id='word_1_145' title='bbox 697 1296 739 1321; x_wconf 84' lang='lat' dir='ltr'>est</span> <span class='ocrx_word' id='word_1_146' title='bbox 770 1291 934 1329; x_wconf 78' lang='lat' dir='ltr'>productio,</span> <span class='ocrx_word' id='word_1_147' title='bbox 966 1297 1038 1327; x_wconf 87' lang='lat' dir='ltr'>quae</span> <span class='ocrx_word' id='word_1_148' title='bbox 1066 1292 1107 1318; x_wconf 87' lang='lat' dir='ltr'>est</span> <span class='ocrx_word' id='word_1_149' title='bbox 1138 1296 1174 1317; x_wconf 87' lang='lat' dir='ltr'>ex</span> 
     </span>
     <span class='ocr_line' id='line_1_28' title="bbox 326 1336 1175 1377; baseline -0.008 -6"><span class='ocrx_word' id='word_1_150' title='bbox 326 1342 421 1371; x_wconf 87' lang='lat' dir='ltr'>nihilo.</span> <span class='ocrx_word' id='word_1_151' title='bbox 461 1341 558 1370; x_wconf 73' lang='lat' dir='ltr'>Tertia</span> <span class='ocrx_word' id='word_1_152' title='bbox 589 1343 631 1369; x_wconf 89' lang='lat' dir='ltr'>est</span> <span class='ocrx_word' id='word_1_153' title='bbox 662 1339 830 1377; x_wconf 84' lang='lat' dir='ltr'>productio,</span> <span class='ocrx_word' id='word_1_154' title='bbox 861 1338 889 1366; x_wconf 91' lang='lat' dir='ltr'>in</span> <span class='ocrx_word' id='word_1_155' title='bbox 917 1345 973 1374; x_wconf 85' lang='lat' dir='ltr'>qua</span> <span class='ocrx_word' id='word_1_156' title='bbox 1004 1336 1175 1374; x_wconf 78' lang='lat' dir='ltr'>productum</span> 
     </span>
     <span class='ocr_line' id='line_1_29' title="bbox 326 1383 1176 1427; baseline -0.009 -9"><span class='ocrx_word' id='word_1_157' title='bbox 326 1397 414 1427; x_wconf 85' lang='lat' dir='ltr'>aeque</span> <span class='ocrx_word' id='word_1_158' title='bbox 435 1389 547 1417; x_wconf 91' lang='lat' dir='ltr'>omnino</span> <span class='ocrx_word' id='word_1_159' title='bbox 569 1396 598 1416; x_wconf 89' lang='lat' dir='ltr'>se</span> <span class='ocrx_word' id='word_1_160' title='bbox 620 1387 704 1415; x_wconf 88' lang='lat' dir='ltr'>habet</span> <span class='ocrx_word' id='word_1_161' title='bbox 725 1394 800 1415; x_wconf 84' lang='lat' dir='ltr'>nune</span> <span class='ocrx_word' id='word_1_162' title='bbox 821 1389 848 1414; x_wconf 89' lang='lat' dir='ltr'>et</span> <span class='ocrx_word' id='word_1_163' title='bbox 869 1385 964 1422; x_wconf 79' lang='lat' dir='ltr'>prius,</span> <span class='ocrx_word' id='word_1_164' title='bbox 986 1383 1009 1412; x_wconf 88' lang='lat' dir='ltr'>si</span> <span class='ocrx_word' id='word_1_165' title='bbox 1025 1387 1117 1412; x_wconf 87' lang='lat' dir='ltr'>tamen</span> <span class='ocrx_word' id='word_1_166' title='bbox 1134 1386 1176 1411; x_wconf 88' lang='lat' dir='ltr'>est</span> 
     </span>
     <span class='ocr_line' id='line_1_30' title="bbox 327 1430 1177 1472; baseline -0.009 -7"><span class='ocrx_word' id='word_1_167' title='bbox 327 1437 363 1465; x_wconf 89' lang='lat' dir='ltr'>ibi</span> <span class='ocrx_word' id='word_1_168' title='bbox 386 1436 478 1465; x_wconf 78' lang='lat' dir='ltr'>dicere</span> <span class='ocrx_word' id='word_1_169' title='bbox 497 1435 606 1472; x_wconf 68' lang='lat' dir='ltr'>prius;</span> <span class='ocrx_word' id='word_1_170' title='bbox 627 1437 654 1463; x_wconf 93' lang='lat' dir='ltr'>et</span> <span class='ocrx_word' id='word_1_171' title='bbox 676 1433 738 1462; x_wconf 90' lang='lat' dir='ltr'>talis</span> <span class='ocrx_word' id='word_1_172' title='bbox 766 1436 808 1462; x_wconf 88' lang='lat' dir='ltr'>est</span> <span class='ocrx_word' id='word_1_173' title='bbox 829 1432 887 1461; x_wconf 86' lang='lat' dir='ltr'>Filii</span> <span class='ocrx_word' id='word_1_174' title='bbox 910 1431 1052 1469; x_wconf 82' lang='lat' dir='ltr'>generatio</span> <span class='ocrx_word' id='word_1_175' title='bbox 1074 1430 1109 1458; x_wconf 86' lang='lat' dir='ltr'>ab</span> <span class='ocrx_word' id='word_1_176' title='bbox 1134 1438 1177 1458; x_wconf 87' lang='lat' dir='ltr'>ae-</span> 
     </span>
     <span class='ocr_line' id='line_1_31' title="bbox 328 1477 1177 1518; baseline -0.007 -6"><span class='ocrx_word' id='word_1_177' title='bbox 328 1488 415 1513; x_wconf 87' lang='lat' dir='ltr'>terno.</span> <span class='ocrx_word' id='word_1_178' title='bbox 437 1483 476 1511; x_wconf 79' lang='lat' dir='ltr'>Ab</span> <span class='ocrx_word' id='word_1_179' title='bbox 497 1486 611 1511; x_wconf 87' lang='lat' dir='ltr'>aeterno</span> <span class='ocrx_word' id='word_1_180' title='bbox 632 1481 705 1510; x_wconf 91' lang='lat' dir='ltr'>enim</span> <span class='ocrx_word' id='word_1_181' title='bbox 728 1481 767 1509; x_wconf 85' lang='lat' dir='ltr'>sie</span> <span class='ocrx_word' id='word_1_182' title='bbox 787 1479 924 1518; x_wconf 81' lang='lat' dir='ltr'>processit</span> <span class='ocrx_word' id='word_1_183' title='bbox 945 1482 976 1508; x_wconf 91' lang='lat' dir='ltr'>ut</span> <span class='ocrx_word' id='word_1_184' title='bbox 1006 1486 1081 1507; x_wconf 83' lang='grc'>1111110</span> <span class='ocrx_word' id='word_1_185' title='bbox 1097 1477 1116 1506; x_wconf 71' lang='lat'>³.</span> <span class='ocrx_word' id='word_1_186' title='bbox 1137 1494 1177 1498; x_wconf 76' lang='lat'>——</span> 
     </span>
     <span class='ocr_line' id='line_1_32' title="bbox 329 1525 1177 1560; baseline -0.007 -1"><span class='ocrx_word' id='word_1_187' title='bbox 329 1531 437 1560; x_wconf 82' lang='lat' dir='ltr'>Prima</span> <span class='ocrx_word' id='word_1_188' title='bbox 470 1529 554 1558; x_wconf 83' lang='lat' dir='ltr'>hahet</span> <span class='ocrx_word' id='word_1_189' title='bbox 585 1529 720 1557; x_wconf 83' lang='lat' dir='ltr'>rationem</span> <span class='ocrx_word' id='word_1_190' title='bbox 752 1531 849 1556; x_wconf 80' lang='lat' dir='ltr'>motus</span> <span class='ocrx_word' id='word_1_191' title='bbox 884 1530 911 1555; x_wconf 90' lang='lat' dir='ltr'>et</span> <span class='ocrx_word' id='word_1_192' title='bbox 944 1525 1119 1554; x_wconf 72' lang='lat' dir='ltr'>mutationis</span> <span class='ocrx_word' id='word_1_193' title='bbox 1150 1528 1177 1554; x_wconf 89' lang='lat' dir='ltr'>et</span> 
     </span>
     <span class='ocr_line' id='line_1_33' title="bbox 327 1573 1178 1616; baseline -0.006 -10"><span class='ocrx_word' id='word_1_194' title='bbox 327 1576 550 1616; x_wconf 73' lang='lat' dir='ltr'>productionis.-</span> <span class='ocrx_word' id='word_1_195' title='bbox 573 1579 684 1609; x_wconf 76' lang='lat' dir='ltr'>motus,</span> <span class='ocrx_word' id='word_1_196' title='bbox 716 1575 824 1603; x_wconf 84' lang='lat' dir='ltr'>ratione</span> <span class='ocrx_word' id='word_1_197' title='bbox 844 1573 1066 1611; x_wconf 80' lang='lat' dir='ltr'>praeparationis</span> <span class='ocrx_word' id='word_1_198' title='bbox 1094 1576 1178 1601; x_wconf 86' lang='lat' dir='ltr'>mate-</span> 
     </span>
     <span class='ocr_line' id='line_1_34' title="bbox 328 1619 1177 1661; baseline -0.007 -7"><span class='ocrx_word' id='word_1_199' title='bbox 328 1625 402 1659; x_wconf 71' lang='lat' dir='ltr'>riae,</span> <span class='ocrx_word' id='word_1_200' title='bbox 424 1631 496 1661; x_wconf 89' lang='lat' dir='ltr'>quae</span> <span class='ocrx_word' id='word_1_201' title='bbox 516 1623 548 1651; x_wconf 84' lang='lat' dir='ltr'>fit</span> <span class='ocrx_word' id='word_1_202' title='bbox 566 1631 616 1660; x_wconf 88' lang='lat' dir='ltr'>per</span> <span class='ocrx_word' id='word_1_203' title='bbox 631 1622 826 1659; x_wconf 86' lang='lat' dir='ltr'>dispositiones</span> <span class='ocrx_word' id='word_1_204' title='bbox 840 1620 1044 1654; x_wconf 80' lang='lat' dir='ltr'>accidentales,</span> <span class='ocrx_word' id='word_1_205' title='bbox 1066 1622 1093 1648; x_wconf 91' lang='lat' dir='ltr'>et</span> <span class='ocrx_word' id='word_1_206' title='bbox 1107 1619 1177 1649; x_wconf 87' lang='lat' dir='ltr'>haee</span> 
     </span>
     <span class='ocr_line' id='line_1_35' title="bbox 327 1666 1177 1708; baseline -0.007 -8"><span class='ocrx_word' id='word_1_207' title='bbox 327 1671 432 1708; x_wconf 81' lang='lat' dir='ltr'>indiget</span> <span class='ocrx_word' id='word_1_208' title='bbox 453 1669 628 1699; x_wconf 81' lang='lat' dir='ltr'>successione</span> <span class='ocrx_word' id='word_1_209' title='bbox 650 1672 677 1697; x_wconf 88' lang='lat' dir='ltr'>et</span> <span class='ocrx_word' id='word_1_210' title='bbox 698 1672 837 1705; x_wconf 79' lang='lat' dir='ltr'>tempore;</span> <span class='ocrx_word' id='word_1_211' title='bbox 857 1666 1048 1700; x_wconf 72' lang='lat' dir='ltr'>mutationis,</span> <span class='ocrx_word' id='word_1_212' title='bbox 1071 1666 1177 1695; x_wconf 88' lang='lat' dir='ltr'>ratione</span> 
     </span>
     <span class='ocr_line' id='line_1_36' title="bbox 328 1714 1176 1752; baseline -0.007 -4"><span class='ocrx_word' id='word_1_213' title='bbox 328 1719 421 1748; x_wconf 79' lang='lat' dir='ltr'>exitus</span> <span class='ocrx_word' id='word_1_214' title='bbox 442 1718 469 1746; x_wconf 92' lang='lat' dir='ltr'>in</span> <span class='ocrx_word' id='word_1_215' title='bbox 491 1726 550 1746; x_wconf 71' lang='lat' dir='ltr'>esse</span> <span class='ocrx_word' id='word_1_216' title='bbox 571 1716 629 1745; x_wconf 88' lang='lat' dir='ltr'>sive</span> <span class='ocrx_word' id='word_1_217' title='bbox 650 1715 816 1752; x_wconf 76' lang='lat' dir='ltr'>receptionis</span> <span class='ocrx_word' id='word_1_218' title='bbox 838 1714 1030 1744; x_wconf 89' lang='lat' dir='ltr'>substantialis</span> <span class='ocrx_word' id='word_1_219' title='bbox 1051 1714 1176 1748; x_wconf 72' lang='lat' dir='ltr'>formae.</span> 
     </span>
     <span class='ocr_line' id='line_1_37' title="bbox 326 1760 1176 1803; baseline -0.007 -9"><span class='ocrx_word' id='word_1_220' title='bbox 326 1773 398 1803; x_wconf 88' lang='lat' dir='ltr'>quae</span> <span class='ocrx_word' id='word_1_221' title='bbox 421 1764 451 1793; x_wconf 77' lang='lat' dir='ltr'>fit</span> <span class='ocrx_word' id='word_1_222' title='bbox 465 1764 492 1792; x_wconf 91' lang='lat' dir='ltr'>in</span> <span class='ocrx_word' id='word_1_223' title='bbox 508 1763 636 1797; x_wconf 80' lang='lat' dir='ltr'>instanti3</span> <span class='ocrx_word' id='word_1_224' title='bbox 656 1761 863 1799; x_wconf 65' lang='lat' dir='ltr'>productionis</span> <span class='ocrx_word' id='word_1_225' title='bbox 884 1768 966 1794; x_wconf 84' lang='lat' dir='ltr'>vero,</span> <span class='ocrx_word' id='word_1_226' title='bbox 982 1761 1090 1789; x_wconf 86' lang='lat' dir='ltr'>ratione</span> <span class='ocrx_word' id='word_1_227' title='bbox 1105 1760 1176 1794; x_wconf 81' lang='lat' dir='ltr'>eius,</span> 
     </span>
     <span class='ocr_line' id='line_1_38' title="bbox 328 1806 1176 1849; baseline -0.006 -9"><span class='ocrx_word' id='word_1_228' title='bbox 328 1811 403 1849; x_wconf 87' lang='lat' dir='ltr'>quod</span> <span class='ocrx_word' id='word_1_229' title='bbox 431 1810 507 1839; x_wconf 84' lang='lat' dir='ltr'>illam</span> <span class='ocrx_word' id='word_1_230' title='bbox 537 1809 654 1838; x_wconf 79' lang='lat' dir='ltr'>sormam</span> <span class='ocrx_word' id='word_1_231' title='bbox 680 1817 734 1837; x_wconf 89' lang='lat' dir='ltr'>non</span> <span class='ocrx_word' id='word_1_232' title='bbox 763 1816 779 1836; x_wconf 84' lang='lat' dir='ltr'>a</span> <span class='ocrx_word' id='word_1_233' title='bbox 800 1815 829 1836; x_wconf 89' lang='lat' dir='ltr'>se</span> <span class='ocrx_word' id='word_1_234' title='bbox 856 1807 955 1841; x_wconf 78' lang='lat' dir='ltr'>habet,</span> <span class='ocrx_word' id='word_1_235' title='bbox 984 1806 1033 1835; x_wconf 90' lang='lat' dir='ltr'>sed</span> <span class='ocrx_word' id='word_1_236' title='bbox 1059 1806 1094 1835; x_wconf 86' lang='lat' dir='ltr'>ab</span> <span class='ocrx_word' id='word_1_237' title='bbox 1122 1806 1176 1835; x_wconf 90' lang='lat' dir='ltr'>alio</span> 
     </span>
     <span class='ocr_line' id='line_1_39' title="bbox 328 1853 1176 1887; baseline -0.007 0"><span class='ocrx_word' id='word_1_238' title='bbox 328 1857 484 1887; x_wconf 78' lang='lat' dir='ltr'>effectivo⁴.</span> <span class='ocrx_word' id='word_1_239' title='bbox 506 1873 544 1876; x_wconf 82' lang='lat'>——</span> <span class='ocrx_word' id='word_1_240' title='bbox 566 1855 701 1884; x_wconf 76' lang='lat' dir='ltr'>Secuiida</span> <span class='ocrx_word' id='word_1_241' title='bbox 723 1857 799 1883; x_wconf 82' lang='lat' dir='ltr'>earet</span> <span class='ocrx_word' id='word_1_242' title='bbox 821 1854 928 1882; x_wconf 86' lang='lat' dir='ltr'>ratione</span> <span class='ocrx_word' id='word_1_243' title='bbox 949 1857 1061 1886; x_wconf 73' lang='lat' dir='ltr'>motus,</span> <span class='ocrx_word' id='word_1_244' title='bbox 1091 1853 1176 1881; x_wconf 86' lang='lat' dir='ltr'>hahet</span> 
     </span>
     <span class='ocr_line' id='line_1_40' title="bbox 330 1899 1177 1937; baseline -0.006 -5"><span class='ocrx_word' id='word_1_245' title='bbox 330 1908 421 1932; x_wconf 87' lang='lat' dir='ltr'>tamen</span> <span class='ocrx_word' id='word_1_246' title='bbox 443 1903 578 1931; x_wconf 88' lang='lat' dir='ltr'>rationem</span> <span class='ocrx_word' id='word_1_247' title='bbox 601 1901 774 1930; x_wconf 70' lang='lat' dir='ltr'>mutationis</span> <span class='ocrx_word' id='word_1_248' title='bbox 794 1904 821 1930; x_wconf 89' lang='lat' dir='ltr'>et</span> <span class='ocrx_word' id='word_1_249' title='bbox 835 1899 1046 1937; x_wconf 66' lang='lat' dir='ltr'>productionis.</span> <span class='ocrx_word' id='word_1_250' title='bbox 1064 1899 1177 1928; x_wconf 76' lang='lat' dir='ltr'>Ratione</span> 
     </span>
     <span class='ocr_line' id='line_1_41' title="bbox 330 1946 1177 1986; baseline -0.006 -7"><span class='ocrx_word' id='word_1_251' title='bbox 330 1954 424 1979; x_wconf 72' lang='lat' dir='ltr'>motus</span> <span class='ocrx_word' id='word_1_252' title='bbox 446 1953 534 1984; x_wconf 80' lang='lat' dir='ltr'>earet,</span> <span class='ocrx_word' id='word_1_253' title='bbox 555 1949 621 1986; x_wconf 86' lang='lat' dir='ltr'>quia</span> <span class='ocrx_word' id='word_1_254' title='bbox 643 1957 706 1977; x_wconf 86' lang='lat' dir='ltr'>cum</span> <span class='ocrx_word' id='word_1_255' title='bbox 729 1957 783 1977; x_wconf 91' lang='lat' dir='ltr'>non</span> <span class='ocrx_word' id='word_1_256' title='bbox 807 1948 908 1976; x_wconf 87' lang='lat' dir='ltr'>habeat</span> <span class='ocrx_word' id='word_1_257' title='bbox 920 1947 1083 1981; x_wconf 80' lang='lat' dir='ltr'>materiam,</span> <span class='ocrx_word' id='word_1_258' title='bbox 1099 1946 1177 1975; x_wconf 90' lang='lat' dir='ltr'>nulla</span> 
     </span>
     <span class='ocr_line' id='line_1_42' title="bbox 329 1994 1178 2036; baseline -0.007 -9"><span class='ocrx_word' id='word_1_259' title='bbox 329 2001 419 2036; x_wconf 87' lang='lat' dir='ltr'>potest</span> <span class='ocrx_word' id='word_1_260' title='bbox 440 1997 549 2034; x_wconf 87' lang='lat' dir='ltr'>praeire</span> <span class='ocrx_word' id='word_1_261' title='bbox 569 1996 727 2033; x_wconf 85' lang='lat' dir='ltr'>dispositio:</span> <span class='ocrx_word' id='word_1_262' title='bbox 750 1995 834 2024; x_wconf 87' lang='lat' dir='ltr'>habet</span> <span class='ocrx_word' id='word_1_263' title='bbox 856 1998 948 2023; x_wconf 81' lang='lat' dir='ltr'>tamen</span> <span class='ocrx_word' id='word_1_264' title='bbox 965 1994 1101 2022; x_wconf 85' lang='lat' dir='ltr'>rationem</span> <span class='ocrx_word' id='word_1_265' title='bbox 1118 2002 1178 2021; x_wconf 81' lang='lat' dir='ltr'>mu-</span> 
     </span>
     <span class='ocr_line' id='line_1_43' title="bbox 331 2040 1178 2081; baseline -0.006 -8"><span class='ocrx_word' id='word_1_266' title='bbox 331 2045 466 2077; x_wconf 78' lang='lat' dir='ltr'>tationis,</span> <span class='ocrx_word' id='word_1_267' title='bbox 488 2044 553 2081; x_wconf 86' lang='lat' dir='ltr'>quia</span> <span class='ocrx_word' id='word_1_268' title='bbox 575 2043 612 2071; x_wconf 80' lang='lat' dir='ltr'>ihi</span> <span class='ocrx_word' id='word_1_269' title='bbox 635 2046 676 2072; x_wconf 88' lang='lat' dir='ltr'>est</span> <span class='ocrx_word' id='word_1_270' title='bbox 703 2042 796 2071; x_wconf 86' lang='lat' dir='ltr'>subita</span> <span class='ocrx_word' id='word_1_271' title='bbox 824 2045 851 2070; x_wconf 80' lang='lat' dir='ltr'>et</span> <span class='ocrx_word' id='word_1_272' title='bbox 873 2049 944 2070; x_wconf 76' lang='lat' dir='ltr'>nova</span> <span class='ocrx_word' id='word_1_273' title='bbox 964 2041 1071 2069; x_wconf 84' lang='lat' dir='ltr'>formae</span> <span class='ocrx_word' id='word_1_274' title='bbox 1100 2040 1178 2069; x_wconf 90' lang='lat' dir='ltr'>indu-</span> 
     </span>
     <span class='ocr_line' id='line_1_44' title="bbox 330 2087 1178 2126; baseline -0.006 -6"><span class='ocrx_word' id='word_1_275' title='bbox 330 2092 399 2126; x_wconf 81' lang='grc' dir='ltr'>011ος</span> <span class='ocrx_word' id='word_1_276' title='bbox 421 2090 504 2119; x_wconf 87' lang='lat' dir='ltr'>habet</span> <span class='ocrx_word' id='word_1_277' title='bbox 532 2090 667 2118; x_wconf 83' lang='lat' dir='ltr'>rationem</span> <span class='ocrx_word' id='word_1_278' title='bbox 694 2088 917 2126; x_wconf 74' lang='lat' dir='ltr'>productionis,</span> <span class='ocrx_word' id='word_1_279' title='bbox 946 2087 1077 2124; x_wconf 77' lang='lat' dir='ltr'>quoniam</span> <span class='ocrx_word' id='word_1_280' title='bbox 1106 2087 1178 2115; x_wconf 82' lang='lat' dir='ltr'>hoe⁵</span> 
     </span>
     <span class='ocr_line' id='line_1_45' title="bbox 331 2134 1178 2173; baseline -0.007 -6"><span class='ocrx_word' id='word_1_281' title='bbox 331 2138 414 2167; x_wconf 87' lang='lat' dir='ltr'>habet</span> <span class='ocrx_word' id='word_1_282' title='bbox 445 2137 480 2165; x_wconf 82' lang='lat' dir='ltr'>ab</span> <span class='ocrx_word' id='word_1_283' title='bbox 505 2137 559 2165; x_wconf 86' lang='lat' dir='ltr'>alio</span> <span class='ocrx_word' id='word_1_284' title='bbox 587 2136 713 2165; x_wconf 77' lang='lat' dir='ltr'>effectivo</span> <span class='ocrx_word' id='word_1_285' title='bbox 739 2135 885 2173; x_wconf 83' lang='lat' dir='ltr'>principio.</span> <span class='ocrx_word' id='word_1_286' title='bbox 910 2151 948 2154; x_wconf 86' lang='lat'><strong>—</strong></span> <span class='ocrx_word' id='word_1_287' title='bbox 977 2134 1075 2162; x_wconf 80' lang='lat' dir='ltr'>Tertia</span> <span class='ocrx_word' id='word_1_288' title='bbox 1102 2136 1178 2162; x_wconf 81' lang='lat' dir='ltr'>caret</span> 
     </span>
     <span class='ocr_line' id='line_1_46' title="bbox 331 2180 1176 2216; baseline -0.006 -3"><span class='ocrx_word' id='word_1_289' title='bbox 331 2185 437 2213; x_wconf 89' lang='lat' dir='ltr'>ratione</span> <span class='ocrx_word' id='word_1_290' title='bbox 458 2187 553 2211; x_wconf 77' lang='lat' dir='ltr'>motus</span> <span class='ocrx_word' id='word_1_291' title='bbox 575 2187 601 2212; x_wconf 90' lang='lat' dir='ltr'>et</span> <span class='ocrx_word' id='word_1_292' title='bbox 622 2182 812 2216; x_wconf 73' lang='lat' dir='ltr'>mutationis,</span> <span class='ocrx_word' id='word_1_293' title='bbox 834 2182 918 2210; x_wconf 84' lang='lat' dir='ltr'>hahet</span> <span class='ocrx_word' id='word_1_294' title='bbox 933 2185 1025 2210; x_wconf 89' lang='lat' dir='ltr'>tamen</span> <span class='ocrx_word' id='word_1_295' title='bbox 1041 2180 1176 2208; x_wconf 85' lang='lat' dir='ltr'>rationem</span> 
     </span>
    </p>
   </div>
   <div class='ocr_carea' id='block_1_8' title="bbox 331 2349 1180 3000">
    <p class='ocr_par' dir='ltr' id='par_1_9' title="bbox 394 2349 815 2379">
     <span class='ocr_line' id='line_1_47' title="bbox 394 2349 815 2379; baseline -0.005 -5"><span class='ocrx_word' id='word_1_296' title='bbox 394 2352 400 2366; x_wconf 79' lang='lat'><strong>¹</strong></span> <span class='ocrx_word' id='word_1_297' title='bbox 419 2352 464 2375; x_wconf 81' lang='lat' dir='ltr'>Cir.</span> <span class='ocrx_word' id='word_1_298' title='bbox 483 2352 496 2374; x_wconf 92' lang='lat' dir='ltr'>l.</span> <span class='ocrx_word' id='word_1_299' title='bbox 514 2352 575 2374; x_wconf 77' lang='lat' dir='ltr'>Sent.</span> <span class='ocrx_word' id='word_1_300' title='bbox 595 2350 616 2373; x_wconf 81' lang='lat' dir='ltr'>tl.</span> <span class='ocrx_word' id='word_1_301' title='bbox 634 2351 656 2373; x_wconf 85' lang='lat'>7.</span> <span class='ocrx_word' id='word_1_302' title='bbox 674 2357 696 2379; x_wconf 89' lang='lat' dir='ltr'>q.</span> <span class='ocrx_word' id='word_1_303' title='bbox 715 2351 736 2372; x_wconf 85' lang='lat'>3.</span> <span class='ocrx_word' id='word_1_304' title='bbox 754 2353 775 2372; x_wconf 83' lang='lat' dir='ltr'>et</span> <span class='ocrx_word' id='word_1_305' title='bbox 794 2349 815 2372; x_wconf 64' lang='lat'>4,</span> 
     </span>
    </p>

    <p class='ocr_par' dir='ltr' id='par_1_10' title="bbox 393 2390 573 2420">
     <span class='ocr_line' id='line_1_48' title="bbox 393 2390 573 2420; baseline 0 -7"><span class='ocrx_word' id='word_1_306' title='bbox 393 2392 402 2406; x_wconf 72' lang='lat'>‘2</span> <span class='ocrx_word' id='word_1_307' title='bbox 419 2391 469 2413; x_wconf 84' lang='lat' dir='ltr'>Vat.</span> <span class='ocrx_word' id='word_1_308' title='bbox 485 2390 573 2420; x_wconf 74' lang='lat' dir='ltr'>atiquo.</span> 
     </span>
    </p>

    <p class='ocr_par' dir='ltr' id='par_1_11' title="bbox 331 2428 1178 2538">
     <span class='ocr_line' id='line_1_49' title="bbox 393 2428 1178 2458; baseline -0.005 -6"><span class='ocrx_word' id='word_1_309' title='bbox 393 2430 402 2445; x_wconf 76' lang='grc'><strong>3</strong></span> <span class='ocrx_word' id='word_1_310' title='bbox 420 2430 479 2452; x_wconf 84' lang='lat' dir='ltr'>Vide</span> <span class='ocrx_word' id='word_1_311' title='bbox 496 2430 510 2452; x_wconf 88' lang='lat' dir='ltr'>l.</span> <span class='ocrx_word' id='word_1_312' title='bbox 529 2430 588 2452; x_wconf 79' lang='lat' dir='ltr'>Sent.</span> <span class='ocrx_word' id='word_1_313' title='bbox 608 2429 629 2452; x_wconf 87' lang='lat' dir='ltr'>d.</span> <span class='ocrx_word' id='word_1_314' title='bbox 647 2430 668 2451; x_wconf 72' lang='lat'>9.</span> <span class='ocrx_word' id='word_1_315' title='bbox 687 2436 708 2458; x_wconf 89' lang='lat' dir='ltr'>q.</span> <span class='ocrx_word' id='word_1_316' title='bbox 733 2428 753 2451; x_wconf 74' lang='lat' dir='ltr'>li.</span> <span class='ocrx_word' id='word_1_317' title='bbox 765 2441 796 2445; x_wconf 97' lang='lat'><strong>—</strong></span> <span class='ocrx_word' id='word_1_318' title='bbox 808 2429 840 2450; x_wconf 86' lang='lat' dir='ltr'>De</span> <span class='ocrx_word' id='word_1_319' title='bbox 862 2428 988 2451; x_wconf 80' lang='lat' dir='ltr'>differentia</span> <span class='ocrx_word' id='word_1_320' title='bbox 1013 2428 1071 2450; x_wconf 82' lang='lat' dir='ltr'>inter</span> <span class='ocrx_word' id='word_1_321' title='bbox 1088 2430 1178 2449; x_wconf 89' lang='lat' dir='ltr'>motum</span> 
     </span>
     <span class='ocr_line' id='line_1_50' title="bbox 331 2466 1177 2498; baseline -0.005 -6"><span class='ocrx_word' id='word_1_322' title='bbox 331 2473 353 2492; x_wconf 86' lang='lat' dir='ltr'>et</span> <span class='ocrx_word' id='word_1_323' title='bbox 369 2471 529 2497; x_wconf 68' lang='lat' dir='ltr'>mutationem,</span> <span class='ocrx_word' id='word_1_324' title='bbox 548 2475 619 2498; x_wconf 83' lang='lat' dir='ltr'>quam</span> <span class='ocrx_word' id='word_1_325' title='bbox 642 2469 663 2490; x_wconf 89' lang='lat' dir='ltr'>in</span> <span class='ocrx_word' id='word_1_326' title='bbox 681 2475 745 2498; x_wconf 90' lang='lat' dir='ltr'>seqq.</span> <span class='ocrx_word' id='word_1_327' title='bbox 764 2468 851 2491; x_wconf 74' lang='lat' dir='ltr'>induch</span> <span class='ocrx_word' id='word_1_328' title='bbox 872 2468 894 2490; x_wconf 80' lang='lat' dir='ltr'>S.</span> <span class='ocrx_word' id='word_1_329' title='bbox 912 2467 1008 2496; x_wconf 85' lang='lat' dir='ltr'>Doctor,</span> <span class='ocrx_word' id='word_1_330' title='bbox 1032 2467 1072 2489; x_wconf 81' lang='lat' dir='ltr'>cfr.</span> <span class='ocrx_word' id='word_1_331' title='bbox 1090 2469 1145 2489; x_wconf 90' lang='lat' dir='ltr'>tom.</span> <span class='ocrx_word' id='word_1_332' title='bbox 1163 2466 1177 2488; x_wconf 93' lang='lat' dir='ltr'>l.</span> 
     </span>
     <span class='ocr_line' id='line_1_51' title="bbox 332 2507 570 2538; baseline -0.004 -7"><span class='ocrx_word' id='word_1_333' title='bbox 332 2516 385 2538; x_wconf 80' lang='lat' dir='ltr'>pag.</span> <span class='ocrx_word' id='word_1_334' title='bbox 403 2509 461 2537; x_wconf 73' lang='lat'>662,</span> <span class='ocrx_word' id='word_1_335' title='bbox 480 2511 531 2530; x_wconf 81' lang='lat' dir='ltr'>nota</span> <span class='ocrx_word' id='word_1_336' title='bbox 550 2507 570 2530; x_wconf 82' lang='grc'>4.</span> 
     </span>
    </p>

    <p class='ocr_par' dir='ltr' id='par_1_12' title="bbox 395 2545 972 2575">
     <span class='ocr_line' id='line_1_52' title="bbox 395 2545 972 2575; baseline -0.003 -6"><span class='ocrx_word' id='word_1_337' title='bbox 395 2546 404 2561; x_wconf 86' lang='lat'>⁴</span> <span class='ocrx_word' id='word_1_338' title='bbox 422 2547 444 2569; x_wconf 91' lang='lat' dir='ltr'>ln</span> <span class='ocrx_word' id='word_1_339' title='bbox 461 2547 541 2575; x_wconf 84' lang='lat' dir='ltr'>paucis</span> <span class='ocrx_word' id='word_1_340' title='bbox 558 2553 612 2569; x_wconf 69' lang='lat' dir='ltr'>mss.</span> <span class='ocrx_word' id='word_1_341' title='bbox 630 2549 653 2569; x_wconf 87' lang='lat' dir='ltr'>et</span> <span class='ocrx_word' id='word_1_342' title='bbox 668 2546 720 2568; x_wconf 81' lang='lat' dir='ltr'>Vat.</span> <span class='ocrx_word' id='word_1_343' title='bbox 738 2546 831 2568; x_wconf 80' lang='lat' dir='ltr'>additur</span> <span class='ocrx_word' id='word_1_344' title='bbox 847 2545 972 2575; x_wconf 72' lang='lat' dir='ltr'>principio.</span> 
     </span>
    </p>

    <p class='ocr_par' dir='ltr' id='par_1_13' title="bbox 394 2584 720 2614">
     <span class='ocr_line' id='line_1_53' title="bbox 394 2584 720 2614; baseline -0.003 -6"><span class='ocrx_word' id='word_1_345' title='bbox 394 2585 402 2596; x_wconf 77' lang='lat'>⁵</span> <span class='ocrx_word' id='word_1_346' title='bbox 420 2585 475 2608; x_wconf 88' lang='lat' dir='ltr'>Cod.</span> <span class='ocrx_word' id='word_1_347' title='bbox 494 2585 510 2607; x_wconf 83' lang='lat' dir='ltr'>N</span> <span class='ocrx_word' id='word_1_348' title='bbox 529 2585 591 2608; x_wconf 78' lang='lat' dir='ltr'>hane</span> <span class='ocrx_word' id='word_1_349' title='bbox 607 2584 720 2614; x_wconf 79' lang='lat' dir='ltr'>formam.</span> 
     </span>
    </p>

    <p class='ocr_par' dir='ltr' id='par_1_14' title="bbox 331 2622 1179 2694">
     <span class='ocr_line' id='line_1_54' title="bbox 393 2622 1179 2653; baseline -0.003 -6"><span class='ocrx_word' id='word_1_350' title='bbox 393 2625 403 2639; x_wconf 77' lang='lat'><strong>⁶</strong></span> <span class='ocrx_word' id='word_1_351' title='bbox 420 2624 476 2647; x_wconf 91' lang='lat' dir='ltr'>Cod.</span> <span class='ocrx_word' id='word_1_352' title='bbox 494 2625 511 2646; x_wconf 79' lang='grc' dir='ltr'>Α</span> <span class='ocrx_word' id='word_1_353' title='bbox 532 2623 574 2647; x_wconf 75' lang='lat' dir='ltr'>sed</span> <span class='ocrx_word' id='word_1_354' title='bbox 590 2623 658 2647; x_wconf 78' lang='lat' dir='ltr'>habet</span> <span class='ocrx_word' id='word_1_355' title='bbox 679 2623 797 2646; x_wconf 80' lang='lat' dir='ltr'>rationem</span> <span class='ocrx_word' id='word_1_356' title='bbox 812 2623 987 2653; x_wconf 71' lang='lat' dir='ltr'>productionis,</span> <span class='ocrx_word' id='word_1_357' title='bbox 1014 2622 1071 2653; x_wconf 80' lang='lat' dir='ltr'>quia</span> <span class='ocrx_word' id='word_1_358' title='bbox 1093 2624 1127 2646; x_wconf 82' lang='lat' dir='ltr'>est</span> <span class='ocrx_word' id='word_1_359' title='bbox 1149 2622 1179 2645; x_wconf 79' lang='lat' dir='ltr'>ab</span> 
     </span>
     <span class='ocr_line' id='line_1_55' title="bbox 331 2661 1178 2694; baseline -0.004 -7"><span class='ocrx_word' id='word_1_360' title='bbox 331 2664 419 2694; x_wconf 81' lang='lat' dir='ltr'>aliquo.</span> <span class='ocrx_word' id='word_1_361' title='bbox 437 2664 511 2692; x_wconf 82' lang='lat' dir='ltr'>Aliqui</span> <span class='ocrx_word' id='word_1_362' title='bbox 529 2663 596 2685; x_wconf 86' lang='lat' dir='ltr'>codd.</span> <span class='ocrx_word' id='word_1_363' title='bbox 615 2669 668 2685; x_wconf 85' lang='lat' dir='ltr'>cum</span> <span class='ocrx_word' id='word_1_364' title='bbox 684 2662 736 2684; x_wconf 88' lang='lat' dir='ltr'>edd.</span> <span class='ocrx_word' id='word_1_365' title='bbox 759 2664 763 2684; x_wconf 98' lang='grc'>1</span> <span class='ocrx_word' id='word_1_366' title='bbox 777 2681 781 2689; x_wconf 88' lang='lat'>,</span> <span class='ocrx_word' id='word_1_367' title='bbox 795 2663 807 2684; x_wconf 87' lang='grc'>3</span> <span class='ocrx_word' id='word_1_368' title='bbox 820 2662 860 2685; x_wconf 78' lang='lat' dir='ltr'>sed</span> <span class='ocrx_word' id='word_1_369' title='bbox 872 2663 965 2685; x_wconf 78' lang='lat' dir='ltr'>lantum</span> <span class='ocrx_word' id='word_1_370' title='bbox 983 2669 1026 2691; x_wconf 83' lang='lat' dir='ltr'>pro</span> <span class='ocrx_word' id='word_1_371' title='bbox 1040 2661 1081 2685; x_wconf 80' lang='lat' dir='ltr'>sed</span> <span class='ocrx_word' id='word_1_372' title='bbox 1092 2663 1178 2684; x_wconf 76' lang='lat' dir='ltr'>tamen.</span> 
     </span>
    </p>

    <p class='ocr_par' dir='ltr' id='par_1_15' title="bbox 332 2701 1180 3000">
     <span class='ocr_line' id='line_1_56' title="bbox 394 2701 1179 2730; baseline -0.001 -7"><span class='ocrx_word' id='word_1_373' title='bbox 394 2702 403 2716; x_wconf 91' lang='lat'>⁷</span> <span class='ocrx_word' id='word_1_374' title='bbox 420 2702 563 2729; x_wconf 76' lang='lat' dir='ltr'>Aristoteles,</span> <span class='ocrx_word' id='word_1_375' title='bbox 583 2702 636 2723; x_wconf 90' lang='lat' dir='ltr'>Vlll.</span> <span class='ocrx_word' id='word_1_376' title='bbox 654 2701 721 2729; x_wconf 85' lang='lat' dir='ltr'>Phys.</span> <span class='ocrx_word' id='word_1_377' title='bbox 740 2704 791 2723; x_wconf 80' lang='lat' dir='ltr'>text.</span> <span class='ocrx_word' id='word_1_378' title='bbox 810 2701 846 2723; x_wconf 73' lang='lat'>34.</span> <span class='ocrx_word' id='word_1_379' title='bbox 865 2707 929 2730; x_wconf 80' lang='lat' dir='ltr'>seqq.</span> <span class='ocrx_word' id='word_1_380' title='bbox 948 2701 978 2729; x_wconf 87' lang='lat' dir='ltr'>(c.</span> <span class='ocrx_word' id='word_1_381' title='bbox 996 2701 1027 2729; x_wconf 81' lang='grc'>5.)</span> <span class='ocrx_word' id='word_1_382' title='bbox 1041 2701 1179 2729; x_wconf 82' lang='lat' dir='ltr'>generaliter</span> 
     </span>
     <span class='ocr_line' id='line_1_57' title="bbox 332 2738 1178 2768; baseline -0.002 -6"><span class='ocrx_word' id='word_1_383' title='bbox 332 2740 422 2768; x_wconf 86' lang='lat' dir='ltr'>probat,</span> <span class='ocrx_word' id='word_1_384' title='bbox 440 2745 533 2762; x_wconf 88' lang='lat' dir='ltr'>omnem</span> <span class='ocrx_word' id='word_1_385' title='bbox 550 2742 639 2762; x_wconf 87' lang='lat' dir='ltr'>motum</span> <span class='ocrx_word' id='word_1_386' title='bbox 665 2738 790 2766; x_wconf 73' lang='lat' dir='ltr'>procedere</span> <span class='ocrx_word' id='word_1_387' title='bbox 808 2738 837 2760; x_wconf 90' lang='lat' dir='ltr'>ab</span> <span class='ocrx_word' id='word_1_388' title='bbox 854 2738 978 2766; x_wconf 83' lang='lat' dir='ltr'>immobili,</span> <span class='ocrx_word' id='word_1_389' title='bbox 1004 2740 1054 2761; x_wconf 77' lang='lat' dir='ltr'>sive</span> <span class='ocrx_word' id='word_1_390' title='bbox 1076 2739 1178 2766; x_wconf 88' lang='lat' dir='ltr'>primum</span> 
     </span>
     <span class='ocr_line' id='line_1_58' title="bbox 332 2777 1179 2806; baseline -0.004 -4"><span class='ocrx_word' id='word_1_391' title='bbox 332 2783 446 2802; x_wconf 85' lang='lat' dir='ltr'>meterem</span> <span class='ocrx_word' id='word_1_392' title='bbox 463 2780 484 2801; x_wconf 93' lang='lat' dir='ltr'>in</span> <span class='ocrx_word' id='word_1_393' title='bbox 506 2779 568 2800; x_wconf 91' lang='lat' dir='ltr'>omni</span> <span class='ocrx_word' id='word_1_394' title='bbox 586 2784 671 2806; x_wconf 82' lang='lat' dir='ltr'>genere</span> <span class='ocrx_word' id='word_1_395' title='bbox 694 2780 770 2800; x_wconf 83' lang='lat' dir='ltr'>motus</span> <span class='ocrx_word' id='word_1_396' title='bbox 792 2778 934 2800; x_wconf 81' lang='lat' dir='ltr'>immobilem</span> <span class='ocrx_word' id='word_1_397' title='bbox 952 2784 1009 2800; x_wconf 82' lang='lat' dir='ltr'>esse.</span> <span class='ocrx_word' id='word_1_398' title='bbox 1033 2777 1094 2800; x_wconf 88' lang='lat' dir='ltr'>Libr.</span> <span class='ocrx_word' id='word_1_399' title='bbox 1118 2778 1131 2799; x_wconf 94' lang='lat' dir='ltr'>l.</span> <span class='ocrx_word' id='word_1_400' title='bbox 1150 2777 1179 2799; x_wconf 88' lang='lat' dir='ltr'>de</span> 
     </span>
     <span class='ocr_line' id='line_1_59' title="bbox 333 2816 1177 2845; baseline -0.002 -5"><span class='ocrx_word' id='word_1_401' title='bbox 333 2818 362 2840; x_wconf 90' lang='lat' dir='ltr'>de</span> <span class='ocrx_word' id='word_1_402' title='bbox 371 2818 463 2844; x_wconf 77' lang='lat' dir='ltr'>Anima,</span> <span class='ocrx_word' id='word_1_403' title='bbox 480 2820 531 2840; x_wconf 75' lang='lat' dir='ltr'>text.</span> <span class='ocrx_word' id='word_1_404' title='bbox 554 2817 586 2839; x_wconf 78' lang='lat' dir='ltr'>i9.</span> <span class='ocrx_word' id='word_1_405' title='bbox 599 2823 662 2845; x_wconf 81' lang='lat' dir='ltr'>seqq.</span> <span class='ocrx_word' id='word_1_406' title='bbox 682 2817 709 2845; x_wconf 88' lang='lat' dir='ltr'>(c.</span> <span class='ocrx_word' id='word_1_407' title='bbox 729 2817 759 2844; x_wconf 70' lang='lat'>2.)</span> <span class='ocrx_word' id='word_1_408' title='bbox 773 2817 878 2844; x_wconf 80' lang='lat' dir='ltr'>insinuat,</span> <span class='ocrx_word' id='word_1_409' title='bbox 896 2818 1002 2845; x_wconf 86' lang='lat' dir='ltr'>antiquos</span> <span class='ocrx_word' id='word_1_410' title='bbox 1014 2816 1177 2844; x_wconf 72' lang='lat' dir='ltr'>philosophos,</span> 
     </span>
     <span class='ocr_line' id='line_1_60' title="bbox 333 2855 1179 2885; baseline -0.002 -6"><span class='ocrx_word' id='word_1_411' title='bbox 333 2858 438 2885; x_wconf 82' lang='lat' dir='ltr'>ignorato</span> <span class='ocrx_word' id='word_1_412' title='bbox 455 2857 499 2878; x_wconf 88' lang='lat' dir='ltr'>hoc</span> <span class='ocrx_word' id='word_1_413' title='bbox 516 2857 640 2884; x_wconf 82' lang='lat' dir='ltr'>axiomale‚</span> <span class='ocrx_word' id='word_1_414' title='bbox 658 2856 679 2877; x_wconf 90' lang='lat' dir='ltr'>in</span> <span class='ocrx_word' id='word_1_415' title='bbox 698 2855 804 2877; x_wconf 77' lang='lat' dir='ltr'>diversos</span> <span class='ocrx_word' id='word_1_416' title='bbox 820 2861 911 2877; x_wconf 83' lang='lat' dir='ltr'>errores</span> <span class='ocrx_word' id='word_1_417' title='bbox 928 2855 957 2878; x_wconf 86' lang='lat' dir='ltr'>de</span> <span class='ocrx_word' id='word_1_418' title='bbox 974 2856 1071 2878; x_wconf 81' lang='lat' dir='ltr'>essentia</span> <span class='ocrx_word' id='word_1_419' title='bbox 1088 2856 1179 2877; x_wconf 87' lang='lat' dir='ltr'>animae</span> 
     </span>
     <span class='ocr_line' id='line_1_61' title="bbox 333 2894 1178 2924; baseline -0.004 -6"><span class='ocrx_word' id='word_1_420' title='bbox 333 2895 451 2923; x_wconf 82' lang='lat' dir='ltr'>incidisse,</span> <span class='ocrx_word' id='word_1_421' title='bbox 468 2896 542 2924; x_wconf 86' lang='lat' dir='ltr'>iisque</span> <span class='ocrx_word' id='word_1_422' title='bbox 563 2895 680 2922; x_wconf 75' lang='lat' dir='ltr'>refutatis,</span> <span class='ocrx_word' id='word_1_423' title='bbox 698 2895 747 2922; x_wconf 85' lang='lat' dir='ltr'>ipse</span> <span class='ocrx_word' id='word_1_424' title='bbox 765 2894 819 2916; x_wconf 86' lang='lat' dir='ltr'>ibid.</span> <span class='ocrx_word' id='word_1_425' title='bbox 843 2894 865 2916; x_wconf 94' lang='grc' dir='ltr'>ΙΙ.</span> <span class='ocrx_word' id='word_1_426' title='bbox 884 2897 936 2916; x_wconf 75' lang='lat' dir='ltr'>text.</span> <span class='ocrx_word' id='word_1_427' title='bbox 961 2895 994 2917; x_wconf 79' lang='lat'>¹8.</span> <span class='ocrx_word' id='word_1_428' title='bbox 1013 2900 1077 2923; x_wconf 90' lang='lat' dir='ltr'>seqq.</span> <span class='ocrx_word' id='word_1_429' title='bbox 1096 2894 1128 2919; x_wconf 77' lang='lat' dir='ltr'>(c.</span> <span class='ocrx_word' id='word_1_430' title='bbox 1147 2894 1178 2921; x_wconf 74' lang='lat'>2.)</span> 
     </span>
     <span class='ocr_line' id='line_1_62' title="bbox 335 2933 1180 2962; baseline -0.004 -5"><span class='ocrx_word' id='word_1_431' title='bbox 335 2934 408 2962; x_wconf 84' lang='lat' dir='ltr'>docet,</span> <span class='ocrx_word' id='word_1_432' title='bbox 425 2934 525 2956; x_wconf 88' lang='lat' dir='ltr'>animam</span> <span class='ocrx_word' id='word_1_433' title='bbox 543 2940 594 2956; x_wconf 85' lang='lat' dir='ltr'>esse</span> <span class='ocrx_word' id='word_1_434' title='bbox 614 2941 624 2953; x_wconf 70' lang='grc' dir='ltr'>«ι</span> <span class='ocrx_word' id='word_1_435' title='bbox 637 2934 789 2961; x_wconf 88' lang='lat' dir='ltr'>principium,</span> <span class='ocrx_word' id='word_1_436' title='bbox 807 2939 854 2961; x_wconf 89' lang='lat' dir='ltr'>quo</span> <span class='ocrx_word' id='word_1_437' title='bbox 871 2934 974 2955; x_wconf 72' lang='lat' dir='ltr'>vivimus</span> <span class='ocrx_word' id='word_1_438' title='bbox 991 2936 1013 2955; x_wconf 86' lang='lat' dir='ltr'>et</span> <span class='ocrx_word' id='word_1_439' title='bbox 1029 2933 1141 2955; x_wconf 85' lang='lat' dir='ltr'>sentimus</span> <span class='ocrx_word' id='word_1_440' title='bbox 1158 2935 1180 2954; x_wconf 86' lang='grc'>01</span> 
     </span>
     <span class='ocr_line' id='line_1_63' title="bbox 334 2972 1178 3000; baseline -0.002 -4"><span class='ocrx_word' id='word_1_441' title='bbox 334 2979 458 2996; x_wconf 86' lang='lat' dir='ltr'>movemur</span> <span class='ocrx_word' id='word_1_442' title='bbox 474 2975 496 2995; x_wconf 90' lang='lat' dir='ltr'>et</span> <span class='ocrx_word' id='word_1_443' title='bbox 516 2972 663 3000; x_wconf 82' lang='lat' dir='ltr'>intelligimus</span> <span class='ocrx_word' id='word_1_444' title='bbox 680 2973 755 3000; x_wconf 86' lang='lat' dir='ltr'>primo</span> <span class='ocrx_word' id='word_1_445' title='bbox 767 2981 788 2994; x_wconf 71' lang='lat' dir='ltr'>n.</span> <span class='ocrx_word' id='word_1_446' title='bbox 815 2980 824 2991; x_wconf 71' lang='grc' dir='ltr'>ι</span> <span class='ocrx_word' id='word_1_447' title='bbox 837 2972 1001 2994; x_wconf 76' lang='lat' dir='ltr'>Verumtamen</span> <span class='ocrx_word' id='word_1_448' title='bbox 1024 2972 1178 3000; x_wconf 83' lang='lat' dir='ltr'>principium,</span> 
     </span>
    </p>
   </div>
   <div class='ocr_carea' id='block_1_9' title="bbox 1199 294 1212 2211">
    <p class='ocr_par' dir='ltr' id='par_1_16' title="bbox 1199 294 1212 2211">
     <span class='ocr_line' id='line_1_64' title="bbox 1199 294 1212 2211; baseline 0 0"><span class='ocrx_word' id='word_1_449' title='bbox 1199 294 1212 2211; x_wconf 95' lang='lat' dir='ltr'> </span> 
     </span>
    </p>
   </div>
   <div class='ocr_carea' id='block_1_10' title="bbox 1204 2348 1211 2999">
    <p class='ocr_par' dir='ltr' id='par_1_17' title="bbox 1204 2348 1211 2999">
     <span class='ocr_line' id='line_1_65' title="bbox 1204 2348 1211 2999; baseline 0 0"><span class='ocrx_word' id='word_1_450' title='bbox 1204 2348 1211 2999; x_wconf 95' lang='lat' dir='ltr'> </span> 
     </span>
    </p>
   </div>
   <div class='ocr_carea' id='block_1_11' title="bbox 1012 177 1396 210">
    <p class='ocr_par' dir='ltr' id='par_1_18' title="bbox 1012 177 1396 210">
     <span class='ocr_line' id='line_1_66' title="bbox 1012 177 1396 210; baseline -0.016 0"><span class='ocrx_word' id='word_1_451' title='bbox 1012 179 1264 210; x_wconf 74' lang='lat' dir='ltr'><strong>SENTENTIARUM</strong></span> <span class='ocrx_word' id='word_1_452' title='bbox 1284 177 1345 206; x_wconf 87' lang='lat' dir='ltr'>LIB.</span> <span class='ocrx_word' id='word_1_453' title='bbox 1367 177 1396 205; x_wconf 86' lang='lat' dir='ltr'>ll.</span> 
     </span>
    </p>
   </div>
   <div class='ocr_carea' id='block_1_12' title="bbox 1222 251 2075 294">
    <p class='ocr_par' dir='ltr' id='par_1_19' title="bbox 1222 251 2075 294">
     <span class='ocr_line' id='line_1_67' title="bbox 1222 251 2075 294; baseline -0.008 -9"><span class='ocrx_word' id='word_1_454' title='bbox 1222 254 1436 294; x_wconf 70' lang='lat' dir='ltr'>productionis.</span> <span class='ocrx_word' id='word_1_455' title='bbox 1467 253 1580 282; x_wconf 84' lang='lat' dir='ltr'>Ratione</span> <span class='ocrx_word' id='word_1_456' title='bbox 1608 256 1704 281; x_wconf 80' lang='lat' dir='ltr'>motus</span> <span class='ocrx_word' id='word_1_457' title='bbox 1730 255 1758 281; x_wconf 89' lang='lat' dir='ltr'>et</span> <span class='ocrx_word' id='word_1_458' title='bbox 1784 251 1958 280; x_wconf 79' lang='lat' dir='ltr'>mutationis</span> <span class='ocrx_word' id='word_1_459' title='bbox 1984 253 2075 285; x_wconf 85' lang='lat' dir='ltr'>earet,</span> 
     </span>
    </p>
   </div>
   <div class='ocr_carea' id='block_1_13' title="bbox 1226 296 2086 2214">
    <p class='ocr_par' dir='ltr' id='par_1_20' title="bbox 1226 296 2075 435">
     <span class='ocr_line' id='line_1_68' title="bbox 1226 296 2075 340; baseline -0.007 -9"><span class='ocrx_word' id='word_1_460' title='bbox 1226 303 1292 340; x_wconf 89' lang='lat' dir='ltr'>quia</span> <span class='ocrx_word' id='word_1_461' title='bbox 1314 310 1364 331; x_wconf 85' lang='lat' dir='ltr'>nec</span> <span class='ocrx_word' id='word_1_462' title='bbox 1386 304 1428 330; x_wconf 86' lang='lat' dir='ltr'>est</span> <span class='ocrx_word' id='word_1_463' title='bbox 1448 308 1485 330; x_wconf 83' lang='lat' dir='ltr'>ex</span> <span class='ocrx_word' id='word_1_464' title='bbox 1508 299 1644 329; x_wconf 86' lang='lat' dir='ltr'>materiali</span> <span class='ocrx_word' id='word_1_465' title='bbox 1666 299 1817 336; x_wconf 84' lang='lat' dir='ltr'>principio,</span> <span class='ocrx_word' id='word_1_466' title='bbox 1839 306 1889 327; x_wconf 84' lang='lat' dir='ltr'>nee</span> <span class='ocrx_word' id='word_1_467' title='bbox 1910 306 1947 327; x_wconf 80' lang='lat' dir='ltr'>ex</span> <span class='ocrx_word' id='word_1_468' title='bbox 1968 296 2075 331; x_wconf 84' lang='lat' dir='ltr'>nihilo3</span> 
     </span>
     <span class='ocr_line' id='line_1_69' title="bbox 1227 344 2075 385; baseline -0.007 -6"><span class='ocrx_word' id='word_1_469' title='bbox 1227 351 1276 380; x_wconf 91' lang='lat' dir='ltr'>sed</span> <span class='ocrx_word' id='word_1_470' title='bbox 1298 353 1391 378; x_wconf 89' lang='lat' dir='ltr'>tamen</span> <span class='ocrx_word' id='word_1_471' title='bbox 1413 352 1454 378; x_wconf 89' lang='lat' dir='ltr'>est</span> <span class='ocrx_word' id='word_1_472' title='bbox 1474 348 1509 377; x_wconf 85' lang='lat' dir='ltr'>ab</span> <span class='ocrx_word' id='word_1_473' title='bbox 1531 347 1625 385; x_wconf 83' lang='lat' dir='ltr'>aliquo</span> <span class='ocrx_word' id='word_1_474' title='bbox 1636 347 1653 382; x_wconf 75' lang='lat'>⁶,</span> <span class='ocrx_word' id='word_1_475' title='bbox 1675 350 1702 376; x_wconf 89' lang='lat' dir='ltr'>et</span> <span class='ocrx_word' id='word_1_476' title='bbox 1724 345 1956 383; x_wconf 82' lang='lat' dir='ltr'>sempiternaliter</span> <span class='ocrx_word' id='word_1_477' title='bbox 1977 347 2019 374; x_wconf 87' lang='lat' dir='ltr'>est</span> <span class='ocrx_word' id='word_1_478' title='bbox 2039 344 2075 373; x_wconf 91' lang='lat' dir='ltr'>ab</span> 
     </span>
     <span class='ocr_line' id='line_1_70' title="bbox 1227 398 1295 435; baseline -0.015 -9"><span class='ocrx_word' id='word_1_479' title='bbox 1227 398 1295 435; x_wconf 88' lang='lat' dir='ltr'>ipso.</span> 
     </span>
    </p>

    <p class='ocr_par' dir='ltr' id='par_1_21' title="bbox 1228 440 2078 574">
     <span class='ocr_line' id='line_1_71' title="bbox 1306 440 2078 479; baseline -0.005 -7"><span class='ocrx_word' id='word_1_480' title='bbox 1306 443 1521 472; x_wconf 79' lang='lat' dir='ltr'>Concedendnm</span> <span class='ocrx_word' id='word_1_481' title='bbox 1543 446 1585 471; x_wconf 88' lang='lat' dir='ltr'>est</span> <span class='ocrx_word' id='word_1_482' title='bbox 1606 442 1706 479; x_wconf 75' lang='lat' dir='ltr'>igitur,</span> <span class='ocrx_word' id='word_1_483' title='bbox 1728 441 1803 478; x_wconf 88' lang='lat' dir='ltr'>quod</span> <span class='ocrx_word' id='word_1_484' title='bbox 1828 440 1975 478; x_wconf 83' lang='lat' dir='ltr'>productio</span> <span class='ocrx_word' id='word_1_485' title='bbox 2004 448 2078 469; x_wconf 85' lang='lat' dir='ltr'>erea-</span> 
     </span>
     <span class='ocr_line' id='line_1_72' title="bbox 1228 487 2075 525; baseline -0.007 -4"><span class='ocrx_word' id='word_1_486' title='bbox 1228 495 1309 521; x_wconf 87' lang='lat' dir='ltr'>turae</span> <span class='ocrx_word' id='word_1_487' title='bbox 1330 495 1372 520; x_wconf 88' lang='lat' dir='ltr'>est</span> <span class='ocrx_word' id='word_1_488' title='bbox 1393 490 1524 525; x_wconf 80' lang='lat' dir='ltr'>mutati03</span> <span class='ocrx_word' id='word_1_489' title='bbox 1546 492 1574 519; x_wconf 86' lang='lat' dir='ltr'>et</span> <span class='ocrx_word' id='word_1_490' title='bbox 1594 489 1789 518; x_wconf 76' lang='lat' dir='ltr'>concedendae</span> <span class='ocrx_word' id='word_1_491' title='bbox 1811 491 1877 517; x_wconf 90' lang='lat' dir='ltr'>sunt</span> <span class='ocrx_word' id='word_1_492' title='bbox 1897 488 2019 516; x_wconf 89' lang='lat' dir='ltr'>rationes</span> <span class='ocrx_word' id='word_1_493' title='bbox 2040 487 2075 516; x_wconf 90' lang='lat' dir='ltr'>ad</span> 
     </span>
     <span class='ocr_line' id='line_1_73' title="bbox 1229 534 1885 574; baseline -0.008 -7"><span class='ocrx_word' id='word_1_494' title='bbox 1229 539 1296 573; x_wconf 82' lang='grc'>1100,</span> <span class='ocrx_word' id='word_1_495' title='bbox 1318 538 1382 566; x_wconf 90' lang='lat' dir='ltr'>licet</span> <span class='ocrx_word' id='word_1_496' title='bbox 1403 537 1514 574; x_wconf 81' lang='lat' dir='ltr'>aliquae</span> <span class='ocrx_word' id='word_1_497' title='bbox 1536 536 1687 565; x_wconf 89' lang='lat' dir='ltr'>videantur</span> <span class='ocrx_word' id='word_1_498' title='bbox 1709 534 1885 572; x_wconf 84' lang='lat' dir='ltr'>sophisticae.</span> 
     </span>
    </p>

    <p class='ocr_par' dir='ltr' id='par_1_22' title="bbox 1230 581 2082 1082">
     <span class='ocr_line' id='line_1_74' title="bbox 1311 581 2076 621; baseline -0.005 -8"><span class='ocrx_word' id='word_1_499' title='bbox 1311 586 1334 613; x_wconf 87' lang='lat'>1.</span> <span class='ocrx_word' id='word_1_500' title='bbox 1357 584 1437 621; x_wconf 89' lang='lat' dir='ltr'>Quod</span> <span class='ocrx_word' id='word_1_501' title='bbox 1459 592 1526 621; x_wconf 84' lang='lat' dir='ltr'>ergo</span> <span class='ocrx_word' id='word_1_502' title='bbox 1547 583 1693 617; x_wconf 78' lang='lat' dir='ltr'>obiicitur,</span> <span class='ocrx_word' id='word_1_503' title='bbox 1721 582 1796 619; x_wconf 89' lang='lat' dir='ltr'>quod</span> <span class='ocrx_word' id='word_1_504' title='bbox 1826 585 1868 610; x_wconf 90' lang='lat' dir='ltr'>est</span> <span class='ocrx_word' id='word_1_505' title='bbox 1895 581 1954 610; x_wconf 90' lang='lat' dir='ltr'>sine</span> <span class='ocrx_word' id='word_1_506' title='bbox 1983 584 2076 615; x_wconf 75' lang='lat' dir='ltr'>1notu3</span> 
     </span>
     <span class='ocr_line' id='line_1_75' title="bbox 1230 627 2076 668; baseline -0.007 -7"><span class='ocrx_word' id='word_1_507' title='bbox 1230 631 1397 666; x_wconf 84' lang='lat' dir='ltr'>dicendum,</span> <span class='ocrx_word' id='word_1_508' title='bbox 1419 630 1495 668; x_wconf 88' lang='lat' dir='ltr'>quod</span> <span class='ocrx_word' id='word_1_509' title='bbox 1510 630 1580 658; x_wconf 89' lang='lat' dir='ltr'>illud</span> <span class='ocrx_word' id='word_1_510' title='bbox 1601 629 1766 666; x_wconf 79' lang='lat' dir='ltr'>intelligitur</span> <span class='ocrx_word' id='word_1_511' title='bbox 1781 628 1841 657; x_wconf 92' lang='lat' dir='ltr'>sine</span> <span class='ocrx_word' id='word_1_512' title='bbox 1856 631 1934 656; x_wconf 89' lang='lat' dir='ltr'>motu</span> <span class='ocrx_word' id='word_1_513' title='bbox 1949 627 2076 665; x_wconf 65' lang='lat' dir='ltr'>agentis,</span> 
     </span>
     <span class='ocr_line' id='line_1_76' title="bbox 1230 675 2080 713; baseline -0.006 -5"><span class='ocrx_word' id='word_1_514' title='bbox 1230 688 1285 708; x_wconf 90' lang='lat' dir='ltr'>non</span> <span class='ocrx_word' id='word_1_515' title='bbox 1314 682 1405 707; x_wconf 86' lang='lat' dir='ltr'>tamen</span> <span class='ocrx_word' id='word_1_516' title='bbox 1435 678 1493 706; x_wconf 87' lang='lat' dir='ltr'>sine</span> <span class='ocrx_word' id='word_1_517' title='bbox 1522 676 1675 705; x_wconf 88' lang='lat' dir='ltr'>mutatione</span> <span class='ocrx_word' id='word_1_518' title='bbox 1700 675 1848 713; x_wconf 73' lang='lat' dir='ltr'>producti.</span> <span class='ocrx_word' id='word_1_519' title='bbox 1877 675 1903 703; x_wconf 91' lang='lat' dir='ltr'>Si</span> <span class='ocrx_word' id='word_1_520' title='bbox 1932 675 2020 708; x_wconf 83' lang='lat' dir='ltr'>enim,</span> <span class='ocrx_word' id='word_1_521' title='bbox 2048 678 2080 703; x_wconf 89' lang='lat' dir='ltr'>ut</span> 
     </span>
     <span class='ocr_line' id='line_1_77' title="bbox 1231 722 2082 761; baseline -0.005 -7"><span class='ocrx_word' id='word_1_522' title='bbox 1231 725 1298 754; x_wconf 83' lang='lat' dir='ltr'>dicit</span> <span class='ocrx_word' id='word_1_523' title='bbox 1319 724 1505 761; x_wconf 83' lang='lat' dir='ltr'>Philosophus</span> <span class='ocrx_word' id='word_1_524' title='bbox 1518 724 1537 759; x_wconf 84' lang='lat'>⁷,</span> <span class='ocrx_word' id='word_1_525' title='bbox 1558 723 1664 757; x_wconf 78' lang='lat' dir='ltr'>anima,</span> <span class='ocrx_word' id='word_1_526' title='bbox 1686 723 1753 751; x_wconf 89' lang='lat' dir='ltr'>dum</span> <span class='ocrx_word' id='word_1_527' title='bbox 1776 725 1871 751; x_wconf 74' lang='lat' dir='ltr'>movet</span> <span class='ocrx_word' id='word_1_528' title='bbox 1892 730 2011 759; x_wconf 83' lang='lat' dir='ltr'>corpus,</span> <span class='ocrx_word' id='word_1_529' title='bbox 2032 722 2082 750; x_wconf 88' lang='lat' dir='ltr'>irn-</span> 
     </span>
     <span class='ocr_line' id='line_1_78' title="bbox 1231 769 2080 809; baseline -0.005 -8"><span class='ocrx_word' id='word_1_530' title='bbox 1231 772 1342 801; x_wconf 87' lang='lat' dir='ltr'>mohilis</span> <span class='ocrx_word' id='word_1_531' title='bbox 1363 774 1540 809; x_wconf 84' lang='lat' dir='ltr'>perseverat,</span> <span class='ocrx_word' id='word_1_532' title='bbox 1562 774 1666 808; x_wconf 87' lang='lat' dir='ltr'>quanto</span> <span class='ocrx_word' id='word_1_533' title='bbox 1688 770 1776 806; x_wconf 82' lang='lat' dir='ltr'>magis</span> <span class='ocrx_word' id='word_1_534' title='bbox 1798 769 1885 804; x_wconf 81' lang='lat' dir='ltr'>Deus,</span> <span class='ocrx_word' id='word_1_535' title='bbox 1912 769 1981 797; x_wconf 86' lang='lat' dir='ltr'>dum</span> <span class='ocrx_word' id='word_1_536' title='bbox 2004 772 2080 798; x_wconf 79' lang='lat' dir='ltr'>creat</span> 
     </span>
     <span class='ocr_line' id='line_1_79' title="bbox 1230 817 2081 854; baseline -0.005 -6"><span class='ocrx_word' id='word_1_537' title='bbox 1230 822 1258 848; x_wconf 88' lang='lat' dir='ltr'>et</span> <span class='ocrx_word' id='word_1_538' title='bbox 1272 822 1362 847; x_wconf 87' lang='lat' dir='ltr'>mutat</span> <span class='ocrx_word' id='word_1_539' title='bbox 1376 818 1486 852; x_wconf 81' lang='lat' dir='ltr'>onmia,</span> <span class='ocrx_word' id='word_1_540' title='bbox 1506 818 1587 854; x_wconf 90' lang='lat' dir='ltr'>«ipse</span> <span class='ocrx_word' id='word_1_541' title='bbox 1602 817 1710 846; x_wconf 86' lang='lat' dir='ltr'>stabilis</span> <span class='ocrx_word' id='word_1_542' title='bbox 1725 824 1841 846; x_wconf 86' lang='lat' dir='ltr'>manens</span> <span class='ocrx_word' id='word_1_543' title='bbox 1851 817 1899 845; x_wconf 88' lang='lat' dir='ltr'>dat</span> <span class='ocrx_word' id='word_1_544' title='bbox 1910 820 2011 845; x_wconf 82' lang='lat' dir='ltr'>cuneta</span> <span class='ocrx_word' id='word_1_545' title='bbox 2022 824 2081 845; x_wconf 90' lang='lat' dir='ltr'>mu-</span> 
     </span>
     <span class='ocr_line' id='line_1_80' title="bbox 1233 864 2082 901; baseline -0.004 -6"><span class='ocrx_word' id='word_1_546' title='bbox 1233 866 1308 895; x_wconf 85' lang='lat' dir='ltr'>tari»</span> <span class='ocrx_word' id='word_1_547' title='bbox 1324 882 1371 893; x_wconf 83' lang='lat'>-.</span> <span class='ocrx_word' id='word_1_548' title='bbox 1387 866 1412 894; x_wconf 88' lang='lat' dir='ltr'>Si</span> <span class='ocrx_word' id='word_1_549' title='bbox 1435 873 1501 901; x_wconf 85' lang='lat' dir='ltr'>ergo</span> <span class='ocrx_word' id='word_1_550' title='bbox 1523 864 1658 898; x_wconf 82' lang='lat' dir='ltr'>obiiciat,</span> <span class='ocrx_word' id='word_1_551' title='bbox 1680 864 1755 901; x_wconf 89' lang='lat' dir='ltr'>quod</span> <span class='ocrx_word' id='word_1_552' title='bbox 1778 864 1896 893; x_wconf 86' lang='lat' dir='ltr'>verbnm</span> <span class='ocrx_word' id='word_1_553' title='bbox 1916 864 2038 893; x_wconf 86' lang='lat' dir='ltr'>activum</span> <span class='ocrx_word' id='word_1_554' title='bbox 2054 867 2082 893; x_wconf 91' lang='lat' dir='ltr'>et</span> 
     </span>
     <span class='ocr_line' id='line_1_81' title="bbox 1231 911 2081 950; baseline -0.002 -9"><span class='ocrx_word' id='word_1_555' title='bbox 1231 913 1374 950; x_wconf 89' lang='lat' dir='ltr'>passivum</span> <span class='ocrx_word' id='word_1_556' title='bbox 1386 912 1460 941; x_wconf 88' lang='lat' dir='ltr'>idem</span> <span class='ocrx_word' id='word_1_557' title='bbox 1472 911 1644 949; x_wconf 74' lang='lat' dir='ltr'>significant3</span> <span class='ocrx_word' id='word_1_558' title='bbox 1656 911 1816 946; x_wconf 86' lang='lat' dir='ltr'>dicendum,</span> <span class='ocrx_word' id='word_1_559' title='bbox 1827 911 1901 949; x_wconf 89' lang='lat' dir='ltr'>quod</span> <span class='ocrx_word' id='word_1_560' title='bbox 1916 911 2019 940; x_wconf 85' lang='lat' dir='ltr'>falsum</span> <span class='ocrx_word' id='word_1_561' title='bbox 2031 914 2081 946; x_wconf 80' lang='lat' dir='ltr'>est,</span> 
     </span>
     <span class='ocr_line' id='line_1_82' title="bbox 1231 958 2080 997; baseline -0.002 -9"><span class='ocrx_word' id='word_1_562' title='bbox 1231 960 1297 997; x_wconf 87' lang='lat' dir='ltr'>quia</span> <span class='ocrx_word' id='word_1_563' title='bbox 1318 960 1389 988; x_wconf 87' lang='lat' dir='ltr'>aetio</span> <span class='ocrx_word' id='word_1_564' title='bbox 1410 962 1437 988; x_wconf 89' lang='lat' dir='ltr'>et</span> <span class='ocrx_word' id='word_1_565' title='bbox 1458 959 1550 996; x_wconf 81' lang='lat' dir='ltr'>passio</span> <span class='ocrx_word' id='word_1_566' title='bbox 1572 958 1669 987; x_wconf 87' lang='lat' dir='ltr'>dieunt</span> <span class='ocrx_word' id='word_1_567' title='bbox 1689 958 1801 987; x_wconf 87' lang='lat' dir='ltr'>diversa</span> <span class='ocrx_word' id='word_1_568' title='bbox 1823 966 1925 995; x_wconf 82' lang='lat' dir='ltr'>genera</span> <span class='ocrx_word' id='word_1_569' title='bbox 1940 958 1968 993; x_wconf 67' lang='lat'>³3</span> <span class='ocrx_word' id='word_1_570' title='bbox 1989 961 2080 986; x_wconf 88' lang='lat' dir='ltr'>tamen</span> 
     </span>
     <span class='ocr_line' id='line_1_83' title="bbox 1232 1005 2082 1043; baseline -0.001 -8"><span class='ocrx_word' id='word_1_571' title='bbox 1232 1007 1259 1035; x_wconf 93' lang='lat' dir='ltr'>in</span> <span class='ocrx_word' id='word_1_572' title='bbox 1281 1006 1475 1043; x_wconf 74' lang='lat' dir='ltr'>coniugatione</span> <span class='ocrx_word' id='word_1_573' title='bbox 1496 1013 1585 1033; x_wconf 90' lang='lat' dir='ltr'>unum</span> <span class='ocrx_word' id='word_1_574' title='bbox 1608 1005 1722 1042; x_wconf 87' lang='lat' dir='ltr'>ponitur</span> <span class='ocrx_word' id='word_1_575' title='bbox 1744 1005 1824 1034; x_wconf 78' lang='lat' dir='ltr'>iuxta</span> <span class='ocrx_word' id='word_1_576' title='bbox 1849 1005 1986 1040; x_wconf 74' lang='lat' dir='ltr'>alterum,</span> <span class='ocrx_word' id='word_1_577' title='bbox 2016 1005 2082 1042; x_wconf 85' lang='lat' dir='ltr'>quia</span> 
     </span>
     <span class='ocr_line' id='line_1_84' title="bbox 1232 1052 2050 1082; baseline -0.002 0"><span class='ocrx_word' id='word_1_578' title='bbox 1232 1053 1388 1082; x_wconf 83' lang='lat' dir='ltr'>seeundum</span> <span class='ocrx_word' id='word_1_579' title='bbox 1411 1052 1486 1081; x_wconf 86' lang='lat' dir='ltr'>vocis</span> <span class='ocrx_word' id='word_1_580' title='bbox 1507 1052 1702 1080; x_wconf 86' lang='lat' dir='ltr'>formationem</span> <span class='ocrx_word' id='word_1_581' title='bbox 1724 1060 1813 1080; x_wconf 90' lang='lat' dir='ltr'>unum</span> <span class='ocrx_word' id='word_1_582' title='bbox 1836 1052 1911 1080; x_wconf 90' lang='lat' dir='ltr'>venit</span> <span class='ocrx_word' id='word_1_583' title='bbox 1931 1052 1967 1080; x_wconf 88' lang='lat' dir='ltr'>ab</span> <span class='ocrx_word' id='word_1_584' title='bbox 1988 1052 2050 1080; x_wconf 86' lang='lat' dir='ltr'>alio.</span> 
     </span>
    </p>

    <p class='ocr_par' dir='ltr' id='par_1_23' title="bbox 1230 1098 2083 1269">
     <span class='ocr_line' id='line_1_85' title="bbox 1311 1098 2082 1136; baseline 0 -8"><span class='ocrx_word' id='word_1_585' title='bbox 1311 1101 1337 1128; x_wconf 71' lang='lat'>2.</span> <span class='ocrx_word' id='word_1_586' title='bbox 1360 1099 1439 1136; x_wconf 89' lang='lat' dir='ltr'>Quod</span> <span class='ocrx_word' id='word_1_587' title='bbox 1465 1098 1609 1133; x_wconf 82' lang='lat' dir='ltr'>obiicitur,</span> <span class='ocrx_word' id='word_1_588' title='bbox 1639 1098 1714 1135; x_wconf 90' lang='lat' dir='ltr'>quod</span> <span class='ocrx_word' id='word_1_589' title='bbox 1740 1099 1844 1127; x_wconf 85' lang='lat' dir='ltr'>mutari</span> <span class='ocrx_word' id='word_1_590' title='bbox 1873 1102 1914 1127; x_wconf 84' lang='lat' dir='ltr'>est</span> <span class='ocrx_word' id='word_1_591' title='bbox 1942 1099 2023 1127; x_wconf 87' lang='lat' dir='ltr'>aliter</span> <span class='ocrx_word' id='word_1_592' title='bbox 2052 1106 2082 1128; x_wconf 86' lang='lat' dir='ltr'>se</span> 
     </span>
     <span class='ocr_line' id='line_1_86' title="bbox 1233 1145 2083 1182; baseline 0 -7"><span class='ocrx_word' id='word_1_593' title='bbox 1233 1147 1337 1175; x_wconf 86' lang='lat' dir='ltr'>habere</span> <span class='ocrx_word' id='word_1_594' title='bbox 1359 1154 1433 1175; x_wconf 80' lang='lat' dir='ltr'>nune</span> <span class='ocrx_word' id='word_1_595' title='bbox 1454 1149 1481 1174; x_wconf 91' lang='lat' dir='ltr'>et</span> <span class='ocrx_word' id='word_1_596' title='bbox 1502 1146 1597 1182; x_wconf 72' lang='lat' dir='ltr'>prius3</span> <span class='ocrx_word' id='word_1_597' title='bbox 1619 1145 1786 1179; x_wconf 77' lang='lat' dir='ltr'>dicendum,</span> <span class='ocrx_word' id='word_1_598' title='bbox 1808 1146 1884 1182; x_wconf 88' lang='lat' dir='ltr'>quod</span> <span class='ocrx_word' id='word_1_599' title='bbox 1900 1146 1952 1174; x_wconf 84' lang='lat' dir='ltr'>ista</span> <span class='ocrx_word' id='word_1_600' title='bbox 1967 1154 2022 1174; x_wconf 92' lang='lat' dir='ltr'>non</span> <span class='ocrx_word' id='word_1_601' title='bbox 2040 1149 2083 1175; x_wconf 88' lang='lat' dir='ltr'>est</span> 
     </span>
     <span class='ocr_line' id='line_1_87' title="bbox 1230 1192 2082 1231; baseline 0 -10"><span class='ocrx_word' id='word_1_602' title='bbox 1230 1192 1378 1231; x_wconf 63' lang='lat' dir='ltr'>generalis</span> <span class='ocrx_word' id='word_1_603' title='bbox 1399 1192 1470 1221; x_wconf 88' lang='lat' dir='ltr'>ratio</span> <span class='ocrx_word' id='word_1_604' title='bbox 1484 1192 1545 1221; x_wconf 89' lang='lat' dir='ltr'>eius</span> <span class='ocrx_word' id='word_1_605' title='bbox 1561 1192 1636 1229; x_wconf 92' lang='lat' dir='ltr'>quod</span> <span class='ocrx_word' id='word_1_606' title='bbox 1652 1195 1693 1221; x_wconf 89' lang='lat' dir='ltr'>est</span> <span class='ocrx_word' id='word_1_607' title='bbox 1709 1192 1812 1221; x_wconf 87' lang='lat' dir='ltr'>mutari</span> <span class='ocrx_word' id='word_1_608' title='bbox 1828 1192 1887 1221; x_wconf 88' lang='lat' dir='ltr'>sive</span> <span class='ocrx_word' id='word_1_609' title='bbox 1906 1193 2082 1228; x_wconf 83' lang='lat' dir='ltr'>mutationis,</span> 
     </span>
     <span class='ocr_line' id='line_1_88' title="bbox 1232 1238 1758 1269; baseline -0.004 0"><span class='ocrx_word' id='word_1_610' title='bbox 1232 1240 1281 1269; x_wconf 88' lang='lat' dir='ltr'>sed</span> <span class='ocrx_word' id='word_1_611' title='bbox 1304 1240 1391 1269; x_wconf 89' lang='lat' dir='ltr'>solius</span> <span class='ocrx_word' id='word_1_612' title='bbox 1412 1239 1574 1268; x_wconf 84' lang='lat' dir='ltr'>mutationis</span> <span class='ocrx_word' id='word_1_613' title='bbox 1595 1238 1758 1267; x_wconf 75' lang='lat' dir='ltr'>naturalis.</span> 
     </span>
    </p>

    <p class='ocr_par' dir='ltr' id='par_1_24' title="bbox 1232 1286 2084 1889">
     <span class='ocr_line' id='line_1_89' title="bbox 1313 1286 2081 1324; baseline 0.001 -9"><span class='ocrx_word' id='word_1_614' title='bbox 1313 1286 1337 1315; x_wconf 83' lang='lat'>3.</span> <span class='ocrx_word' id='word_1_615' title='bbox 1361 1286 1441 1323; x_wconf 86' lang='lat' dir='ltr'>Quod</span> <span class='ocrx_word' id='word_1_616' title='bbox 1466 1294 1533 1323; x_wconf 80' lang='lat' dir='ltr'>ergo</span> <span class='ocrx_word' id='word_1_617' title='bbox 1562 1286 1704 1314; x_wconf 82' lang='lat' dir='ltr'>obiicitur:</span> <span class='ocrx_word' id='word_1_618' title='bbox 1732 1286 1908 1315; x_wconf 83' lang='lat' dir='ltr'>immutabile</span> <span class='ocrx_word' id='word_1_619' title='bbox 1937 1290 1979 1315; x_wconf 88' lang='lat' dir='ltr'>est</span> <span class='ocrx_word' id='word_1_620' title='bbox 2006 1287 2081 1324; x_wconf 87' lang='lat' dir='ltr'>quod</span> 
     </span>
     <span class='ocr_line' id='line_1_90' title="bbox 1233 1333 2083 1370; baseline -0.001 -6"><span class='ocrx_word' id='word_1_621' title='bbox 1233 1342 1262 1364; x_wconf 88' lang='lat' dir='ltr'>se</span> <span class='ocrx_word' id='word_1_622' title='bbox 1284 1334 1368 1363; x_wconf 87' lang='lat' dir='ltr'>habet</span> <span class='ocrx_word' id='word_1_623' title='bbox 1389 1334 1487 1362; x_wconf 88' lang='lat' dir='ltr'>eodem</span> <span class='ocrx_word' id='word_1_624' title='bbox 1509 1333 1608 1368; x_wconf 87' lang='lat' dir='ltr'>modo,</span> <span class='ocrx_word' id='word_1_625' title='bbox 1630 1337 1657 1362; x_wconf 88' lang='lat' dir='ltr'>et</span> <span class='ocrx_word' id='word_1_626' title='bbox 1682 1333 1817 1362; x_wconf 84' lang='lat' dir='ltr'>mutabile</span> <span class='ocrx_word' id='word_1_627' title='bbox 1842 1334 1918 1370; x_wconf 91' lang='lat' dir='ltr'>quod</span> <span class='ocrx_word' id='word_1_628' title='bbox 1944 1341 1973 1363; x_wconf 87' lang='lat' dir='ltr'>se</span> <span class='ocrx_word' id='word_1_629' title='bbox 1999 1334 2083 1363; x_wconf 86' lang='lat' dir='ltr'>habet</span> 
     </span>
     <span class='ocr_line' id='line_1_91' title="bbox 1232 1380 2083 1419; baseline 0 -9"><span class='ocrx_word' id='word_1_630' title='bbox 1232 1382 1328 1415; x_wconf 82' lang='lat' dir='ltr'>aliter;</span> <span class='ocrx_word' id='word_1_631' title='bbox 1351 1381 1515 1414; x_wconf 80' lang='lat' dir='ltr'>dicendum,</span> <span class='ocrx_word' id='word_1_632' title='bbox 1537 1380 1612 1417; x_wconf 86' lang='lat' dir='ltr'>quod</span> <span class='ocrx_word' id='word_1_633' title='bbox 1641 1380 1686 1408; x_wconf 87' lang='lat' dir='ltr'>hie</span> <span class='ocrx_word' id='word_1_634' title='bbox 1713 1383 1755 1409; x_wconf 88' lang='lat' dir='ltr'>est</span> <span class='ocrx_word' id='word_1_635' title='bbox 1781 1388 1956 1418; x_wconf 74' lang='lat' dir='ltr'>consequens</span> <span class='ocrx_word' id='word_1_636' title='bbox 1968 1380 1988 1415; x_wconf 81' lang='lat'>⁹,</span> <span class='ocrx_word' id='word_1_637' title='bbox 2017 1382 2083 1419; x_wconf 84' lang='lat' dir='ltr'>quia</span> 
     </span>
     <span class='ocr_line' id='line_1_92' title="bbox 1233 1426 2084 1465; baseline -0.002 -6"><span class='ocrx_word' id='word_1_638' title='bbox 1233 1430 1255 1459; x_wconf 90' lang='lat' dir='ltr'>si</span> <span class='ocrx_word' id='word_1_639' title='bbox 1288 1428 1422 1457; x_wconf 88' lang='lat' dir='ltr'>mutabile</span> <span class='ocrx_word' id='word_1_640' title='bbox 1453 1430 1481 1456; x_wconf 90' lang='lat' dir='ltr'>et</span> <span class='ocrx_word' id='word_1_641' title='bbox 1512 1426 1686 1455; x_wconf 84' lang='lat' dir='ltr'>immutabile</span> <span class='ocrx_word' id='word_1_642' title='bbox 1708 1431 1904 1464; x_wconf 77' lang='lat' dir='ltr'>opponuntur,</span> <span class='ocrx_word' id='word_1_643' title='bbox 1933 1431 1964 1456; x_wconf 88' lang='lat' dir='ltr'>ut</span> <span class='ocrx_word' id='word_1_644' title='bbox 1993 1429 2084 1465; x_wconf 81' lang='lat' dir='ltr'>priva-</span> 
     </span>
     <span class='ocr_line' id='line_1_93' title="bbox 1234 1473 2083 1511; baseline -0.001 -6"><span class='ocrx_word' id='word_1_645' title='bbox 1234 1477 1271 1505; x_wconf 91' lang='lat' dir='ltr'>tio</span> <span class='ocrx_word' id='word_1_646' title='bbox 1302 1478 1330 1504; x_wconf 92' lang='lat' dir='ltr'>et</span> <span class='ocrx_word' id='word_1_647' title='bbox 1354 1474 1483 1508; x_wconf 85' lang='lat' dir='ltr'>habitus,</span> <span class='ocrx_word' id='word_1_648' title='bbox 1512 1476 1539 1502; x_wconf 87' lang='lat' dir='ltr'>et</span> <span class='ocrx_word' id='word_1_649' title='bbox 1566 1473 1743 1502; x_wconf 87' lang='lat' dir='ltr'>immutabile</span> <span class='ocrx_word' id='word_1_650' title='bbox 1769 1477 1811 1502; x_wconf 91' lang='lat' dir='ltr'>est</span> <span class='ocrx_word' id='word_1_651' title='bbox 1839 1474 1914 1511; x_wconf 86' lang='lat' dir='ltr'>quod</span> <span class='ocrx_word' id='word_1_652' title='bbox 1944 1482 1973 1503; x_wconf 92' lang='lat' dir='ltr'>se</span> <span class='ocrx_word' id='word_1_653' title='bbox 1998 1475 2083 1504; x_wconf 86' lang='lat' dir='ltr'>habet</span> 
     </span>
     <span class='ocr_line' id='line_1_94' title="bbox 1233 1521 2082 1560; baseline 0 -8"><span class='ocrx_word' id='word_1_654' title='bbox 1233 1523 1332 1552; x_wconf 88' lang='lat' dir='ltr'>eodem</span> <span class='ocrx_word' id='word_1_655' title='bbox 1354 1521 1453 1555; x_wconf 85' lang='lat' dir='ltr'>modo;</span> <span class='ocrx_word' id='word_1_656' title='bbox 1468 1525 1534 1550; x_wconf 85' lang='lat' dir='ltr'>tune</span> <span class='ocrx_word' id='word_1_657' title='bbox 1555 1521 1691 1550; x_wconf 87' lang='lat' dir='ltr'>mutabile</span> <span class='ocrx_word' id='word_1_658' title='bbox 1705 1524 1746 1550; x_wconf 89' lang='lat' dir='ltr'>est</span> <span class='ocrx_word' id='word_1_659' title='bbox 1762 1521 1820 1550; x_wconf 84' lang='lat' dir='ltr'>sive</span> <span class='ocrx_word' id='word_1_660' title='bbox 1844 1525 1984 1550; x_wconf 84' lang='lat' dir='ltr'>mutatum</span> <span class='ocrx_word' id='word_1_661' title='bbox 2006 1523 2082 1560; x_wconf 88' lang='lat' dir='ltr'>quod</span> 
     </span>
     <span class='ocr_line' id='line_1_95' title="bbox 1233 1568 2084 1599; baseline 0 0"><span class='ocrx_word' id='word_1_662' title='bbox 1233 1579 1288 1599; x_wconf 91' lang='grc'>11011</span> <span class='ocrx_word' id='word_1_663' title='bbox 1310 1578 1339 1598; x_wconf 87' lang='grc'>50</span> <span class='ocrx_word' id='word_1_664' title='bbox 1361 1569 1445 1597; x_wconf 89' lang='lat' dir='ltr'>habet</span> <span class='ocrx_word' id='word_1_665' title='bbox 1465 1568 1564 1597; x_wconf 89' lang='lat' dir='ltr'>eodem</span> <span class='ocrx_word' id='word_1_666' title='bbox 1586 1568 1677 1596; x_wconf 86' lang='lat' dir='ltr'>modo.</span> <span class='ocrx_word' id='word_1_667' title='bbox 1699 1568 1753 1597; x_wconf 88' lang='lat' dir='ltr'>Sed</span> <span class='ocrx_word' id='word_1_668' title='bbox 1775 1568 1828 1597; x_wconf 88' lang='lat' dir='ltr'>hoe</span> <span class='ocrx_word' id='word_1_669' title='bbox 1850 1569 1934 1598; x_wconf 86' lang='lat' dir='ltr'>hahet</span> <span class='ocrx_word' id='word_1_670' title='bbox 1949 1573 2006 1598; x_wconf 89' lang='lat' dir='ltr'>tres</span> <span class='ocrx_word' id='word_1_671' title='bbox 2021 1578 2084 1599; x_wconf 85' lang='lat' dir='ltr'>cau-</span> 
     </span>
     <span class='ocr_line' id='line_1_96' title="bbox 1234 1615 2083 1654; baseline 0 -8"><span class='ocrx_word' id='word_1_672' title='bbox 1234 1626 1279 1646; x_wconf 89' lang='lat' dir='ltr'>sas</span> <span class='ocrx_word' id='word_1_673' title='bbox 1302 1616 1439 1646; x_wconf 84' lang='lat' dir='ltr'>veritatis:</span> <span class='ocrx_word' id='word_1_674' title='bbox 1463 1619 1511 1644; x_wconf 86' lang='lat' dir='ltr'>aut</span> <span class='ocrx_word' id='word_1_675' title='bbox 1533 1615 1599 1653; x_wconf 89' lang='lat' dir='ltr'>quia</span> <span class='ocrx_word' id='word_1_676' title='bbox 1619 1615 1697 1644; x_wconf 84' lang='lat' dir='ltr'>nullo</span> <span class='ocrx_word' id='word_1_677' title='bbox 1726 1615 1810 1643; x_wconf 90' lang='lat' dir='ltr'>modo</span> <span class='ocrx_word' id='word_1_678' title='bbox 1835 1623 1864 1644; x_wconf 88' lang='lat' dir='ltr'>se</span> <span class='ocrx_word' id='word_1_679' title='bbox 1893 1615 1977 1645; x_wconf 85' lang='lat' dir='ltr'>habet</span> <span class='ocrx_word' id='word_1_680' title='bbox 2002 1617 2083 1654; x_wconf 88' lang='lat' dir='ltr'>prius</span> 
     </span>
     <span class='ocr_line' id='line_1_97' title="bbox 1234 1662 2083 1701; baseline 0 -8"><span class='ocrx_word' id='word_1_681' title='bbox 1234 1668 1261 1693; x_wconf 93' lang='lat' dir='ltr'>et</span> <span class='ocrx_word' id='word_1_682' title='bbox 1281 1663 1439 1701; x_wconf 80' lang='lat' dir='ltr'>posterius3</span> <span class='ocrx_word' id='word_1_683' title='bbox 1454 1666 1503 1691; x_wconf 86' lang='lat' dir='ltr'>aut</span> <span class='ocrx_word' id='word_1_684' title='bbox 1514 1662 1532 1677; x_wconf 74' lang='lat'>¹⁰</span> <span class='ocrx_word' id='word_1_685' title='bbox 1547 1662 1624 1691; x_wconf 91' lang='grc'>1111110</span> <span class='ocrx_word' id='word_1_686' title='bbox 1640 1662 1723 1691; x_wconf 91' lang='grc'>1110(10</span> <span class='ocrx_word' id='word_1_687' title='bbox 1737 1662 1826 1699; x_wconf 90' lang='lat' dir='ltr'>prius,</span> <span class='ocrx_word' id='word_1_688' title='bbox 1842 1666 1868 1691; x_wconf 87' lang='lat' dir='ltr'>et</span> <span class='ocrx_word' id='word_1_689' title='bbox 1887 1662 1982 1700; x_wconf 88' lang='lat' dir='ltr'>aliquo</span> <span class='ocrx_word' id='word_1_690' title='bbox 2001 1664 2083 1693; x_wconf 87' lang='lat' dir='ltr'>modo</span> 
     </span>
     <span class='ocr_line' id='line_1_98' title="bbox 1233 1709 2084 1749; baseline 0.001 -10"><span class='ocrx_word' id='word_1_691' title='bbox 1233 1711 1389 1749; x_wconf 82' lang='lat' dir='ltr'>posterius,</span> <span class='ocrx_word' id='word_1_692' title='bbox 1409 1712 1436 1738; x_wconf 91' lang='lat' dir='ltr'>et</span> <span class='ocrx_word' id='word_1_693' title='bbox 1456 1709 1494 1738; x_wconf 83' lang='lat' dir='ltr'>ita</span> <span class='ocrx_word' id='word_1_694' title='bbox 1515 1717 1569 1737; x_wconf 91' lang='lat' dir='ltr'>non</span> <span class='ocrx_word' id='word_1_695' title='bbox 1592 1709 1691 1738; x_wconf 88' lang='lat' dir='ltr'>eodem</span> <span class='ocrx_word' id='word_1_696' title='bbox 1713 1709 1813 1743; x_wconf 78' lang='lat' dir='ltr'>mod03</span> <span class='ocrx_word' id='word_1_697' title='bbox 1835 1712 1884 1738; x_wconf 86' lang='lat' dir='ltr'>aut</span> <span class='ocrx_word' id='word_1_698' title='bbox 1899 1711 1965 1747; x_wconf 87' lang='lat' dir='ltr'>quia</span> <span class='ocrx_word' id='word_1_699' title='bbox 1980 1711 2084 1748; x_wconf 88' lang='lat' dir='ltr'>simpli-</span> 
     </span>
     <span class='ocr_line' id='line_1_99' title="bbox 1233 1756 2084 1794; baseline 0.001 -7"><span class='ocrx_word' id='word_1_700' title='bbox 1233 1759 1301 1787; x_wconf 79' lang='lat' dir='ltr'>citer</span> <span class='ocrx_word' id='word_1_701' title='bbox 1316 1758 1397 1786; x_wconf 88' lang='lat' dir='ltr'>aliter</span> <span class='ocrx_word' id='word_1_702' title='bbox 1412 1764 1441 1786; x_wconf 88' lang='lat' dir='ltr'>se</span> <span class='ocrx_word' id='word_1_703' title='bbox 1457 1757 1540 1785; x_wconf 87' lang='lat' dir='ltr'>hahet</span> <span class='ocrx_word' id='word_1_704' title='bbox 1555 1757 1643 1793; x_wconf 70' lang='lat' dir='ltr'>pr1us,</span> <span class='ocrx_word' id='word_1_705' title='bbox 1659 1760 1686 1785; x_wconf 91' lang='lat' dir='ltr'>et</span> <span class='ocrx_word' id='word_1_706' title='bbox 1700 1756 1781 1785; x_wconf 86' lang='lat' dir='ltr'>aliter</span> <span class='ocrx_word' id='word_1_707' title='bbox 1797 1757 1951 1794; x_wconf 84' lang='lat' dir='ltr'>posterius:</span> <span class='ocrx_word' id='word_1_708' title='bbox 1969 1761 1996 1786; x_wconf 88' lang='lat' dir='ltr'>et</span> <span class='ocrx_word' id='word_1_709' title='bbox 2011 1758 2084 1794; x_wconf 82' lang='lat' dir='ltr'>ideo,</span> 
     </span>
     <span class='ocr_line' id='line_1_100' title="bbox 1234 1803 2084 1841; baseline 0.001 -8"><span class='ocrx_word' id='word_1_710' title='bbox 1234 1813 1297 1833; x_wconf 87' lang='grc'>011111</span> <span class='ocrx_word' id='word_1_711' title='bbox 1321 1804 1447 1841; x_wconf 88' lang='lat' dir='ltr'>procedit</span> <span class='ocrx_word' id='word_1_712' title='bbox 1467 1812 1483 1832; x_wconf 89' lang='lat' dir='ltr'>a</span> <span class='ocrx_word' id='word_1_713' title='bbox 1506 1803 1635 1840; x_wconf 86' lang='lat' dir='ltr'>pluribus</span> <span class='ocrx_word' id='word_1_714' title='bbox 1657 1804 1749 1832; x_wconf 84' lang='lat' dir='ltr'>causis</span> <span class='ocrx_word' id='word_1_715' title='bbox 1772 1804 1896 1832; x_wconf 87' lang='lat' dir='ltr'>veritatis</span> <span class='ocrx_word' id='word_1_716' title='bbox 1917 1805 1952 1833; x_wconf 88' lang='lat' dir='ltr'>ad</span> <span class='ocrx_word' id='word_1_717' title='bbox 1977 1813 2084 1840; x_wconf 87' lang='lat' dir='ltr'>unam,</span> 
     </span>
     <span class='ocr_line' id='line_1_101' title="bbox 1235 1851 1713 1889; baseline -0.004 -9"><span class='ocrx_word' id='word_1_718' title='bbox 1235 1856 1329 1889; x_wconf 82' lang='lat' dir='ltr'>peceat</span> <span class='ocrx_word' id='word_1_719' title='bbox 1351 1851 1506 1879; x_wconf 82' lang='lat' dir='ltr'>seeundum</span> <span class='ocrx_word' id='word_1_720' title='bbox 1529 1858 1713 1888; x_wconf 68' lang='lat' dir='ltr'>consequens.</span> 
     </span>
    </p>

    <p class='ocr_par' dir='ltr' id='par_1_25' title="bbox 1234 1897 2086 2214">
     <span class='ocr_line' id='line_1_102' title="bbox 1313 1897 2086 1935; baseline 0.001 -9"><span class='ocrx_word' id='word_1_721' title='bbox 1313 1898 1339 1926; x_wconf 73' lang='lat' dir='ltr'>li.</span> <span class='ocrx_word' id='word_1_722' title='bbox 1363 1899 1387 1925; x_wconf 93' lang='grc'>5.</span> <span class='ocrx_word' id='word_1_723' title='bbox 1412 1898 1437 1924; x_wconf 79' lang='grc'>6.</span> <span class='ocrx_word' id='word_1_724' title='bbox 1463 1897 1501 1925; x_wconf 70' lang='lat' dir='ltr'>Ad</span> <span class='ocrx_word' id='word_1_725' title='bbox 1532 1900 1589 1925; x_wconf 87' lang='lat' dir='ltr'>tres</span> <span class='ocrx_word' id='word_1_726' title='bbox 1614 1897 1737 1925; x_wconf 85' lang='lat' dir='ltr'>rationes</span> <span class='ocrx_word' id='word_1_727' title='bbox 1766 1901 1915 1934; x_wconf 83' lang='lat' dir='ltr'>sequentes</span> <span class='ocrx_word' id='word_1_728' title='bbox 1944 1901 2019 1935; x_wconf 86' lang='lat' dir='ltr'>patet</span> <span class='ocrx_word' id='word_1_729' title='bbox 2045 1906 2086 1927; x_wconf 91' lang='lat' dir='ltr'>re-</span> 
     </span>
     <span class='ocr_line' id='line_1_103' title="bbox 1235 1944 2085 1982; baseline -0.001 -8"><span class='ocrx_word' id='word_1_730' title='bbox 1235 1945 1361 1982; x_wconf 66' lang='lat' dir='ltr'>sponsio.</span> <span class='ocrx_word' id='word_1_731' title='bbox 1383 1944 1448 1981; x_wconf 82' lang='lat' dir='ltr'>quia</span> <span class='ocrx_word' id='word_1_732' title='bbox 1470 1952 1567 1973; x_wconf 87' lang='lat' dir='ltr'>omnes</span> <span class='ocrx_word' id='word_1_733' title='bbox 1590 1944 1747 1981; x_wconf 82' lang='lat' dir='ltr'>procedunt</span> <span class='ocrx_word' id='word_1_734' title='bbox 1769 1944 1804 1973; x_wconf 92' lang='lat' dir='ltr'>de</span> <span class='ocrx_word' id='word_1_735' title='bbox 1826 1945 1979 1974; x_wconf 84' lang='lat' dir='ltr'>mutatione</span> <span class='ocrx_word' id='word_1_736' title='bbox 2001 1949 2085 1973; x_wconf 85' lang='lat' dir='ltr'>natu-</span> 
     </span>
     <span class='ocr_line' id='line_1_104' title="bbox 1234 1991 2084 2029; baseline 0 -10"><span class='ocrx_word' id='word_1_737' title='bbox 1234 1991 1308 2025; x_wconf 71' lang='lat' dir='ltr'>rali,</span> <span class='ocrx_word' id='word_1_738' title='bbox 1331 2000 1403 2028; x_wconf 85' lang='lat' dir='ltr'>quae</span> <span class='ocrx_word' id='word_1_739' title='bbox 1425 1991 1581 2028; x_wconf 78' lang='lat' dir='ltr'>praeexigit</span> <span class='ocrx_word' id='word_1_740' title='bbox 1607 1991 1753 2020; x_wconf 87' lang='lat' dir='ltr'>materiam</span> <span class='ocrx_word' id='word_1_741' title='bbox 1776 1994 1803 2019; x_wconf 88' lang='lat' dir='ltr'>et</span> <span class='ocrx_word' id='word_1_742' title='bbox 1824 1999 1874 2020; x_wconf 91' lang='lat' dir='ltr'>ens</span> <span class='ocrx_word' id='word_1_743' title='bbox 1896 1991 1922 2019; x_wconf 92' lang='lat' dir='ltr'>in</span> <span class='ocrx_word' id='word_1_744' title='bbox 1945 1992 2084 2029; x_wconf 83' lang='lat' dir='ltr'>potentia,</span> 
     </span>
     <span class='ocr_line' id='line_1_105' title="bbox 1235 2037 2085 2075; baseline 0 -8"><span class='ocrx_word' id='word_1_745' title='bbox 1235 2042 1262 2067; x_wconf 89' lang='lat' dir='ltr'>et</span> <span class='ocrx_word' id='word_1_746' title='bbox 1283 2046 1354 2075; x_wconf 87' lang='lat' dir='ltr'>quae</span> <span class='ocrx_word' id='word_1_747' title='bbox 1376 2041 1418 2067; x_wconf 91' lang='lat' dir='ltr'>est</span> <span class='ocrx_word' id='word_1_748' title='bbox 1439 2038 1594 2075; x_wconf 75' lang='lat' dir='ltr'>generatio:</span> <span class='ocrx_word' id='word_1_749' title='bbox 1616 2037 1664 2066; x_wconf 84' lang='lat' dir='ltr'>tali</span> <span class='ocrx_word' id='word_1_750' title='bbox 1686 2040 1780 2066; x_wconf 87' lang='lat' dir='ltr'>autem</span> <span class='ocrx_word' id='word_1_751' title='bbox 1803 2038 1886 2066; x_wconf 90' lang='lat' dir='ltr'>modo</span> <span class='ocrx_word' id='word_1_752' title='bbox 1908 2039 2012 2067; x_wconf 86' lang='lat' dir='ltr'>creatio</span> <span class='ocrx_word' id='word_1_753' title='bbox 2030 2046 2085 2067; x_wconf 90' lang='lat' dir='ltr'>non</span> 
     </span>
     <span class='ocr_line' id='line_1_106' title="bbox 1235 2085 2086 2123; baseline 0 -9"><span class='ocrx_word' id='word_1_754' title='bbox 1235 2089 1277 2114; x_wconf 84' lang='lat' dir='ltr'>est</span> <span class='ocrx_word' id='word_1_755' title='bbox 1297 2085 1427 2119; x_wconf 73' lang='lat' dir='ltr'>mutatio,</span> <span class='ocrx_word' id='word_1_756' title='bbox 1449 2085 1497 2113; x_wconf 88' lang='lat' dir='ltr'>sed</span> <span class='ocrx_word' id='word_1_757' title='bbox 1521 2093 1607 2122; x_wconf 87' lang='lat' dir='ltr'>supra</span> <span class='ocrx_word' id='word_1_758' title='bbox 1630 2085 1701 2113; x_wconf 82' lang='lat' dir='ltr'>hanc</span> <span class='ocrx_word' id='word_1_759' title='bbox 1723 2085 1926 2119; x_wconf 56' lang='lat' dir='ltr'>mutannenn</span> <span class='ocrx_word' id='word_1_760' title='bbox 1943 2085 2019 2114; x_wconf 91' lang='lat' dir='ltr'>unde</span> <span class='ocrx_word' id='word_1_761' title='bbox 2041 2094 2086 2123; x_wconf 88' lang='lat' dir='ltr'>po-</span> 
     </span>
     <span class='ocr_line' id='line_1_107' title="bbox 1236 2131 2085 2170; baseline 0.002 -11"><span class='ocrx_word' id='word_1_762' title='bbox 1236 2135 1288 2160; x_wconf 91' lang='lat' dir='ltr'>test</span> <span class='ocrx_word' id='word_1_763' title='bbox 1316 2131 1370 2160; x_wconf 87' lang='lat' dir='ltr'>dici</span> <span class='ocrx_word' id='word_1_764' title='bbox 1398 2131 1643 2169; x_wconf 71' lang='lat' dir='ltr'>supernaturalis</span> <span class='ocrx_word' id='word_1_765' title='bbox 1668 2132 1794 2160; x_wconf 75' lang='lat' dir='ltr'>mutatio,</span> <span class='ocrx_word' id='word_1_766' title='bbox 1825 2133 1859 2160; x_wconf 88' lang='lat' dir='ltr'>Et</span> <span class='ocrx_word' id='word_1_767' title='bbox 1884 2132 1912 2160; x_wconf 77' lang='lat' dir='ltr'>si</span> <span class='ocrx_word' id='word_1_768' title='bbox 1937 2141 2085 2170; x_wconf 73' lang='lat' dir='ltr'>quaeras,</span> 
     </span>
     <span class='ocr_line' id='line_1_108' title="bbox 1235 2178 2086 2214; baseline 0.002 -8"><span class='ocrx_word' id='word_1_769' title='bbox 1235 2182 1331 2207; x_wconf 89' lang='lat' dir='ltr'>utrum</span> <span class='ocrx_word' id='word_1_770' title='bbox 1355 2178 1389 2207; x_wconf 88' lang='lat' dir='ltr'>sit</span> <span class='ocrx_word' id='word_1_771' title='bbox 1413 2178 1528 2207; x_wconf 85' lang='lat' dir='ltr'>mutatio</span> <span class='ocrx_word' id='word_1_772' title='bbox 1549 2178 1585 2207; x_wconf 88' lang='lat' dir='ltr'>ad</span> <span class='ocrx_word' id='word_1_773' title='bbox 1607 2178 1724 2207; x_wconf 85' lang='lat' dir='ltr'>sormam</span> <span class='ocrx_word' id='word_1_774' title='bbox 1747 2182 1796 2207; x_wconf 81' lang='lat' dir='ltr'>aut</span> <span class='ocrx_word' id='word_1_775' title='bbox 1817 2179 1853 2208; x_wconf 87' lang='lat' dir='ltr'>ad</span> <span class='ocrx_word' id='word_1_776' title='bbox 1885 2179 1985 2211; x_wconf 70' lang='lat' dir='ltr'>situm:</span> <span class='ocrx_word' id='word_1_777' title='bbox 2008 2179 2086 2214; x_wconf 79' lang='lat' dir='ltr'>dico,</span> 
     </span>
    </p>
   </div>
   <div class='ocr_carea' id='block_1_14' title="bbox 1234 2347 2088 3000">
    <p class='ocr_par' dir='ltr' id='par_1_26' title="bbox 1236 2347 2087 2649">
     <span class='ocr_line' id='line_1_109' title="bbox 1236 2347 2086 2376; baseline 0.002 -8"><span class='ocrx_word' id='word_1_778' title='bbox 1236 2348 1256 2368; x_wconf 90' lang='lat' dir='ltr'>in</span> <span class='ocrx_word' id='word_1_779' title='bbox 1275 2350 1387 2375; x_wconf 80' lang='lat' dir='ltr'>‹piantum</span> <span class='ocrx_word' id='word_1_780' title='bbox 1406 2347 1561 2374; x_wconf 84' lang='lat' dir='ltr'>principium,</span> <span class='ocrx_word' id='word_1_781' title='bbox 1579 2348 1687 2375; x_wconf 84' lang='lat' dir='ltr'>quiescit,</span> <span class='ocrx_word' id='word_1_782' title='bbox 1705 2350 1767 2370; x_wconf 88' lang='lat' dir='ltr'>meta</span> <span class='ocrx_word' id='word_1_783' title='bbox 1780 2347 1899 2375; x_wconf 83' lang='lat' dir='ltr'>particula,</span> <span class='ocrx_word' id='word_1_784' title='bbox 1917 2354 1977 2376; x_wconf 86' lang='lat' dir='ltr'>quae</span> <span class='ocrx_word' id='word_1_785' title='bbox 1994 2347 2086 2376; x_wconf 83' lang='lat' dir='ltr'>subest;</span> 
     </span>
     <span class='ocr_line' id='line_1_110' title="bbox 1236 2385 2083 2415; baseline 0.002 -8"><span class='ocrx_word' id='word_1_786' title='bbox 1236 2386 1305 2408; x_wconf 84' lang='lat' dir='ltr'>veluti</span> <span class='ocrx_word' id='word_1_787' title='bbox 1318 2385 1413 2408; x_wconf 80' lang='lat' dir='ltr'>brachio</span> <span class='ocrx_word' id='word_1_788' title='bbox 1426 2389 1488 2408; x_wconf 89' lang='lat' dir='ltr'>moto</span> <span class='ocrx_word' id='word_1_789' title='bbox 1500 2385 1602 2413; x_wconf 86' lang='lat' dir='ltr'>cubitus,</span> <span class='ocrx_word' id='word_1_790' title='bbox 1616 2388 1662 2408; x_wconf 88' lang='grc'>1010</span> <span class='ocrx_word' id='word_1_791' title='bbox 1674 2390 1751 2408; x_wconf 78' lang='lat' dir='ltr'>autem</span> <span class='ocrx_word' id='word_1_792' title='bbox 1764 2385 1870 2408; x_wconf 85' lang='lat' dir='ltr'>membro</span> <span class='ocrx_word' id='word_1_793' title='bbox 1883 2387 1995 2409; x_wconf 84' lang='lat' dir='ltr'>humerus</span> <span class='ocrx_word' id='word_1_794' title='bbox 2007 2395 2017 2406; x_wconf 71' lang='lat' dir='ltr'>n</span> <span class='ocrx_word' id='word_1_795' title='bbox 2033 2390 2083 2415; x_wconf 75' lang='grc' dir='ltr'>010Ἷ</span> 
     </span>
     <span class='ocr_line' id='line_1_111' title="bbox 1236 2425 2086 2453; baseline 0.001 -6"><span class='ocrx_word' id='word_1_796' title='bbox 1236 2428 1260 2448; x_wconf 91' lang='grc'>111</span> <span class='ocrx_word' id='word_1_797' title='bbox 1272 2425 1354 2447; x_wconf 83' lang='lat' dir='ltr'>dicitur</span> <span class='ocrx_word' id='word_1_798' title='bbox 1371 2426 1393 2447; x_wconf 90' lang='lat' dir='ltr'>in</span> <span class='ocrx_word' id='word_1_799' title='bbox 1405 2426 1455 2447; x_wconf 89' lang='lat' dir='ltr'>eius</span> <span class='ocrx_word' id='word_1_800' title='bbox 1472 2425 1530 2447; x_wconf 89' lang='lat' dir='ltr'>libro</span> <span class='ocrx_word' id='word_1_801' title='bbox 1549 2425 1577 2447; x_wconf 85' lang='lat' dir='ltr'>de</span> <span class='ocrx_word' id='word_1_802' title='bbox 1589 2425 1727 2447; x_wconf 86' lang='lat' dir='ltr'>Animalium</span> <span class='ocrx_word' id='word_1_803' title='bbox 1745 2428 1820 2453; x_wconf 88' lang='lat' dir='ltr'>motu,</span> <span class='ocrx_word' id='word_1_804' title='bbox 1835 2432 1854 2448; x_wconf 89' lang='lat' dir='ltr'>e.</span> <span class='ocrx_word' id='word_1_805' title='bbox 1868 2426 1876 2447; x_wconf 48' lang='lat' dir='ltr'>*l</span> <span class='ocrx_word' id='word_1_806' title='bbox 1888 2434 1892 2451; x_wconf 85' lang='lat'>;</span> <span class='ocrx_word' id='word_1_807' title='bbox 1911 2428 1933 2448; x_wconf 77' lang='lat' dir='ltr'>et</span> <span class='ocrx_word' id='word_1_808' title='bbox 1944 2432 1963 2448; x_wconf 89' lang='grc'>0.</span> <span class='ocrx_word' id='word_1_809' title='bbox 1977 2426 1997 2449; x_wconf 84' lang='grc'>6.</span> <span class='ocrx_word' id='word_1_810' title='bbox 2012 2427 2040 2453; x_wconf 91' lang='grc'>(0.</span> <span class='ocrx_word' id='word_1_811' title='bbox 2054 2426 2086 2453; x_wconf 87' lang='lat'>8.)</span> 
     </span>
     <span class='ocr_line' id='line_1_112' title="bbox 1236 2464 2087 2493; baseline -0.001 -6"><span class='ocrx_word' id='word_1_812' title='bbox 1236 2464 1357 2492; x_wconf 88' lang='lat' dir='ltr'>concludit,</span> <span class='ocrx_word' id='word_1_813' title='bbox 1375 2471 1473 2487; x_wconf 83' lang='lat' dir='ltr'>movens</span> <span class='ocrx_word' id='word_1_814' title='bbox 1496 2470 1540 2486; x_wconf 91' lang='lat' dir='ltr'>non</span> <span class='ocrx_word' id='word_1_815' title='bbox 1559 2468 1648 2486; x_wconf 87' lang='lat' dir='ltr'>motum</span> <span class='ocrx_word' id='word_1_816' title='bbox 1665 2464 1687 2486; x_wconf 91' lang='lat' dir='ltr'>in</span> <span class='ocrx_word' id='word_1_817' title='bbox 1710 2464 1849 2487; x_wconf 82' lang='lat' dir='ltr'>animalibus</span> <span class='ocrx_word' id='word_1_818' title='bbox 1876 2471 1927 2487; x_wconf 83' lang='lat' dir='ltr'>esse</span> <span class='ocrx_word' id='word_1_819' title='bbox 1949 2466 2024 2493; x_wconf 84' lang='lat' dir='ltr'>ipsam</span> <span class='ocrx_word' id='word_1_820' title='bbox 2042 2465 2087 2487; x_wconf 87' lang='lat' dir='ltr'>ani-</span> 
     </span>
     <span class='ocr_line' id='line_1_113' title="bbox 1236 2502 2086 2532; baseline 0 -7"><span class='ocrx_word' id='word_1_821' title='bbox 1236 2510 1305 2526; x_wconf 90' lang='lat' dir='ltr'>mam.</span> <span class='ocrx_word' id='word_1_822' title='bbox 1324 2503 1368 2526; x_wconf 85' lang='lat' dir='ltr'>Ct&#39;r.</span> <span class='ocrx_word' id='word_1_823' title='bbox 1388 2503 1402 2525; x_wconf 95' lang='lat' dir='ltr'>l.</span> <span class='ocrx_word' id='word_1_824' title='bbox 1415 2503 1443 2525; x_wconf 87' lang='lat' dir='ltr'>de</span> <span class='ocrx_word' id='word_1_825' title='bbox 1456 2504 1546 2531; x_wconf 71' lang='lat' dir='ltr'>Anima,</span> <span class='ocrx_word' id='word_1_826' title='bbox 1560 2506 1611 2525; x_wconf 79' lang='lat' dir='ltr'>text.</span> <span class='ocrx_word' id='word_1_827' title='bbox 1625 2503 1661 2525; x_wconf 80' lang='lat'>69.</span> <span class='ocrx_word' id='word_1_828' title='bbox 1676 2503 1703 2531; x_wconf 87' lang='lat' dir='ltr'>(c.</span> <span class='ocrx_word' id='word_1_829' title='bbox 1715 2502 1754 2532; x_wconf 81' lang='grc'>4.).</span> <span class='ocrx_word' id='word_1_830' title='bbox 1766 2503 1827 2525; x_wconf 87' lang='lat' dir='ltr'>ldem</span> <span class='ocrx_word' id='word_1_831' title='bbox 1841 2503 2021 2531; x_wconf 78' lang='lat' dir='ltr'>docetAugust.,</span> <span class='ocrx_word' id='word_1_832' title='bbox 2032 2503 2086 2526; x_wconf 90' lang='lat' dir='ltr'>Vlll.</span> 
     </span>
     <span class='ocr_line' id='line_1_114' title="bbox 1236 2541 2086 2571; baseline -0.001 -6"><span class='ocrx_word' id='word_1_833' title='bbox 1236 2543 1265 2565; x_wconf 88' lang='lat' dir='ltr'>de</span> <span class='ocrx_word' id='word_1_834' title='bbox 1276 2543 1331 2565; x_wconf 86' lang='lat' dir='ltr'>Gen.</span> <span class='ocrx_word' id='word_1_835' title='bbox 1345 2542 1373 2565; x_wconf 85' lang='lat' dir='ltr'>ad</span> <span class='ocrx_word' id='word_1_836' title='bbox 1388 2543 1418 2565; x_wconf 89' lang='lat' dir='ltr'>lit.</span> <span class='ocrx_word' id='word_1_837' title='bbox 1431 2549 1450 2564; x_wconf 80' lang='lat' dir='ltr'>c.</span> <span class='ocrx_word' id='word_1_838' title='bbox 1464 2543 1500 2564; x_wconf 78' lang='lat'>21.</span> <span class='ocrx_word' id='word_1_839' title='bbox 1514 2548 1535 2564; x_wconf 92' lang='lat' dir='ltr'>n.</span> <span class='ocrx_word' id='word_1_840' title='bbox 1549 2541 1586 2564; x_wconf 80' lang='grc'>41.</span> <span class='ocrx_word' id='word_1_841' title='bbox 1599 2548 1648 2571; x_wconf 85' lang='lat' dir='ltr'>seq.</span> <span class='ocrx_word' id='word_1_842' title='bbox 1659 2554 1691 2558; x_wconf 97' lang='lat'><strong>—</strong></span> <span class='ocrx_word' id='word_1_843' title='bbox 1704 2542 1725 2564; x_wconf 92' lang='lat' dir='ltr'>ln</span> <span class='ocrx_word' id='word_1_844' title='bbox 1738 2545 1849 2571; x_wconf 84' lang='lat' dir='ltr'>sequente</span> <span class='ocrx_word' id='word_1_845' title='bbox 1861 2542 1947 2564; x_wconf 83' lang='lat' dir='ltr'>Boethii</span> <span class='ocrx_word' id='word_1_846' title='bbox 1960 2542 2040 2570; x_wconf 74' lang='lat' dir='ltr'>verbo,</span> <span class='ocrx_word' id='word_1_847' title='bbox 2054 2542 2086 2565; x_wconf 89' lang='grc'>111.</span> 
     </span>
     <span class='ocr_line' id='line_1_115' title="bbox 1236 2581 2086 2610; baseline -0.002 -5"><span class='ocrx_word' id='word_1_848' title='bbox 1236 2582 1264 2605; x_wconf 83' lang='grc'>(10</span> <span class='ocrx_word' id='word_1_849' title='bbox 1282 2582 1373 2605; x_wconf 63' lang='grc'>(1011501.</span> <span class='ocrx_word' id='word_1_850' title='bbox 1392 2582 1461 2604; x_wconf 83' lang='lat' dir='ltr'>Metro</span> <span class='ocrx_word' id='word_1_851' title='bbox 1480 2582 1505 2610; x_wconf 80' lang='lat'>9,</span> <span class='ocrx_word' id='word_1_852' title='bbox 1524 2581 1600 2609; x_wconf 75' lang='lat' dir='ltr'>codd,</span> <span class='ocrx_word' id='word_1_853' title='bbox 1618 2582 1699 2609; x_wconf 85' lang='lat' dir='ltr'>paucis</span> <span class='ocrx_word' id='word_1_854' title='bbox 1716 2582 1828 2609; x_wconf 83' lang='lat' dir='ltr'>exceptis,</span> <span class='ocrx_word' id='word_1_855' title='bbox 1852 2584 1874 2604; x_wconf 84' lang='lat' dir='ltr'>et</span> <span class='ocrx_word' id='word_1_856' title='bbox 1895 2581 1948 2603; x_wconf 88' lang='lat' dir='ltr'>edd.</span> <span class='ocrx_word' id='word_1_857' title='bbox 1973 2582 1997 2609; x_wconf 82' lang='lat' dir='ltr'>l,</span> <span class='ocrx_word' id='word_1_858' title='bbox 2021 2582 2046 2609; x_wconf 79' lang='lat'>2,</span> <span class='ocrx_word' id='word_1_859' title='bbox 2073 2581 2086 2603; x_wconf 88' lang='lat'>3</span> 
     </span>
     <span class='ocr_line' id='line_1_116' title="bbox 1236 2619 2040 2649; baseline -0.001 -7"><span class='ocrx_word' id='word_1_860' title='bbox 1236 2624 1324 2649; x_wconf 87' lang='lat' dir='ltr'>ponunt</span> <span class='ocrx_word' id='word_1_861' title='bbox 1341 2620 1434 2643; x_wconf 80' lang='lat' dir='ltr'>mutari</span> <span class='ocrx_word' id='word_1_862' title='bbox 1450 2626 1493 2649; x_wconf 87' lang='lat' dir='ltr'>pro</span> <span class='ocrx_word' id='word_1_863' title='bbox 1510 2619 1613 2648; x_wconf 71' lang='lat' dir='ltr'>moveri,</span> <span class='ocrx_word' id='word_1_864' title='bbox 1634 2620 1697 2649; x_wconf 91' lang='lat' dir='ltr'>quod</span> <span class='ocrx_word' id='word_1_865' title='bbox 1714 2619 1807 2642; x_wconf 81' lang='lat' dir='ltr'>exhibet</span> <span class='ocrx_word' id='word_1_866' title='bbox 1824 2623 1897 2642; x_wconf 79' lang='lat' dir='ltr'>textus</span> <span class='ocrx_word' id='word_1_867' title='bbox 1915 2620 2040 2647; x_wconf 74' lang='lat' dir='ltr'>originalis.</span> 
     </span>
    </p>

    <p class='ocr_par' dir='ltr' id='par_1_27' title="bbox 1235 2658 2088 2761">
     <span class='ocr_line' id='line_1_117' title="bbox 1298 2658 2088 2687; baseline -0.001 -6"><span class='ocrx_word' id='word_1_868' title='bbox 1298 2659 1308 2674; x_wconf 80' lang='lat'>⁸</span> <span class='ocrx_word' id='word_1_869' title='bbox 1325 2660 1437 2687; x_wconf 79' lang='lat' dir='ltr'>Intellige:</span> <span class='ocrx_word' id='word_1_870' title='bbox 1455 2665 1539 2687; x_wconf 82' lang='lat' dir='ltr'>genera</span> <span class='ocrx_word' id='word_1_871' title='bbox 1557 2665 1665 2687; x_wconf 86' lang='lat' dir='ltr'>suprema</span> <span class='ocrx_word' id='word_1_872' title='bbox 1692 2660 1741 2681; x_wconf 79' lang='lat' dir='ltr'>sive</span> <span class='ocrx_word' id='word_1_873' title='bbox 1764 2658 1963 2686; x_wconf 60' lang='lat' dir='ltr'>praedicamenta,</span> <span class='ocrx_word' id='word_1_874' title='bbox 1981 2661 2005 2680; x_wconf 89' lang='lat' dir='ltr'>ut</span> <span class='ocrx_word' id='word_1_875' title='bbox 2023 2659 2088 2686; x_wconf 87' lang='lat' dir='ltr'>ponit</span> 
     </span>
     <span class='ocr_line' id='line_1_118' title="bbox 1235 2697 2087 2727; baseline -0.001 -6"><span class='ocrx_word' id='word_1_876' title='bbox 1235 2700 1366 2721; x_wconf 71' lang='lat' dir='ltr'>Aristotcles</span> <span class='ocrx_word' id='word_1_877' title='bbox 1382 2700 1403 2721; x_wconf 92' lang='lat' dir='ltr'>in</span> <span class='ocrx_word' id='word_1_878' title='bbox 1427 2698 1485 2721; x_wconf 90' lang='lat' dir='ltr'>libro</span> <span class='ocrx_word' id='word_1_879' title='bbox 1503 2698 1531 2721; x_wconf 85' lang='lat' dir='ltr'>de</span> <span class='ocrx_word' id='word_1_880' title='bbox 1554 2698 1757 2725; x_wconf 82' lang='lat' dir='ltr'>Praedicamentis,</span> <span class='ocrx_word' id='word_1_881' title='bbox 1780 2704 1799 2720; x_wconf 87' lang='lat' dir='ltr'>c.</span> <span class='ocrx_word' id='word_1_882' title='bbox 1821 2697 1851 2719; x_wconf 85' lang='lat' dir='ltr'>de</span> <span class='ocrx_word' id='word_1_883' title='bbox 1873 2697 1969 2721; x_wconf 73' lang='lat' dir='ltr'>Actione</span> <span class='ocrx_word' id='word_1_884' title='bbox 1991 2698 2012 2720; x_wconf 82' lang='lat' dir='ltr'>et</span> <span class='ocrx_word' id='word_1_885' title='bbox 2029 2703 2087 2727; x_wconf 79' lang='lat' dir='ltr'>pas-</span> 
     </span>
     <span class='ocr_line' id='line_1_119' title="bbox 1235 2738 1308 2761; baseline -0.014 0"><span class='ocrx_word' id='word_1_886' title='bbox 1235 2738 1308 2761; x_wconf 75' lang='lat' dir='ltr'>sione.</span> 
     </span>
    </p>

    <p class='ocr_par' dir='ltr' id='par_1_28' title="bbox 1234 2774 2087 2883">
     <span class='ocr_line' id='line_1_120' title="bbox 1298 2774 2087 2804; baseline -0.003 -5"><span class='ocrx_word' id='word_1_887' title='bbox 1298 2776 1307 2791; x_wconf 80' lang='lat'>⁹</span> <span class='ocrx_word' id='word_1_888' title='bbox 1324 2777 1414 2799; x_wconf 81' lang='lat' dir='ltr'>Scilicet</span> <span class='ocrx_word' id='word_1_889' title='bbox 1430 2776 1517 2799; x_wconf 75' lang='lat' dir='ltr'>fallacia</span> <span class='ocrx_word' id='word_1_890' title='bbox 1534 2782 1575 2799; x_wconf 86' lang='lat' dir='ltr'>seu</span> <span class='ocrx_word' id='word_1_891' title='bbox 1592 2776 1711 2803; x_wconf 86' lang='lat' dir='ltr'>sophisma</span> <span class='ocrx_word' id='word_1_892' title='bbox 1730 2776 1905 2803; x_wconf 73' lang='lat' dir='ltr'>consequentis,</span> <span class='ocrx_word' id='word_1_893' title='bbox 1923 2775 1951 2797; x_wconf 85' lang='lat' dir='ltr'>de</span> <span class='ocrx_word' id='word_1_894' title='bbox 1969 2781 2016 2804; x_wconf 90' lang='lat' dir='ltr'>quo</span> <span class='ocrx_word' id='word_1_895' title='bbox 2033 2774 2087 2797; x_wconf 80' lang='lat' dir='ltr'>vide</span> 
     </span>
     <span class='ocr_line' id='line_1_121' title="bbox 1234 2813 2085 2843; baseline -0.002 -5"><span class='ocrx_word' id='word_1_896' title='bbox 1234 2817 1333 2843; x_wconf 70' lang='lat' dir='ltr'>Aristot,</span> <span class='ocrx_word' id='word_1_897' title='bbox 1351 2816 1365 2838; x_wconf 86' lang='grc'>1.</span> <span class='ocrx_word' id='word_1_898' title='bbox 1383 2816 1474 2838; x_wconf 84' lang='lat' dir='ltr'>Elench.</span> <span class='ocrx_word' id='word_1_899' title='bbox 1492 2821 1511 2838; x_wconf 87' lang='grc'>0.</span> <span class='ocrx_word' id='word_1_900' title='bbox 1530 2815 1550 2837; x_wconf 69' lang='lat' dir='ltr'>t.</span> <span class='ocrx_word' id='word_1_901' title='bbox 1570 2816 1599 2843; x_wconf 86' lang='lat' dir='ltr'>(e.</span> <span class='ocrx_word' id='word_1_902' title='bbox 1617 2815 1657 2843; x_wconf 79' lang='lat'>5.).</span> <span class='ocrx_word' id='word_1_903' title='bbox 1675 2813 1720 2837; x_wconf 84' lang='lat' dir='ltr'>Ct&#39;r.</span> <span class='ocrx_word' id='word_1_904' title='bbox 1738 2817 1793 2836; x_wconf 85' lang='lat' dir='ltr'>tom.</span> <span class='ocrx_word' id='word_1_905' title='bbox 1812 2814 1826 2836; x_wconf 96' lang='grc' dir='ltr'>Ι.</span> <span class='ocrx_word' id='word_1_906' title='bbox 1845 2820 1899 2842; x_wconf 84' lang='lat' dir='ltr'>pag.</span> <span class='ocrx_word' id='word_1_907' title='bbox 1917 2814 1974 2842; x_wconf 80' lang='lat'>6-28,</span> <span class='ocrx_word' id='word_1_908' title='bbox 1993 2817 2045 2836; x_wconf 85' lang='lat' dir='ltr'>nota</span> <span class='ocrx_word' id='word_1_909' title='bbox 2065 2814 2085 2836; x_wconf 80' lang='lat' dir='ltr'>l.</span> 
     </span>
     <span class='ocr_line' id='line_1_122' title="bbox 1235 2854 1511 2883; baseline -0.004 -6"><span class='ocrx_word' id='word_1_910' title='bbox 1235 2858 1257 2877; x_wconf 84' lang='grc'>01</span> <span class='ocrx_word' id='word_1_911' title='bbox 1274 2861 1328 2883; x_wconf 76' lang='lat' dir='ltr'>pag.</span> <span class='ocrx_word' id='word_1_912' title='bbox 1346 2855 1399 2882; x_wconf 72' lang='lat'>691,</span> <span class='ocrx_word' id='word_1_913' title='bbox 1418 2858 1470 2876; x_wconf 86' lang='lat' dir='ltr'>nota</span> <span class='ocrx_word' id='word_1_914' title='bbox 1490 2854 1511 2876; x_wconf 81' lang='lat'>5.</span> 
     </span>
    </p>

    <p class='ocr_par' dir='ltr' id='par_1_29' title="bbox 1235 2892 2086 3000">
     <span class='ocr_line' id='line_1_123' title="bbox 1298 2892 2086 2922; baseline -0.003 -7"><span class='ocrx_word' id='word_1_915' title='bbox 1298 2893 1317 2907; x_wconf 89' lang='lat'>¹⁰</span> <span class='ocrx_word' id='word_1_916' title='bbox 1334 2893 1389 2915; x_wconf 88' lang='lat' dir='ltr'>Cod.</span> <span class='ocrx_word' id='word_1_917' title='bbox 1407 2893 1426 2915; x_wconf 77' lang='lat' dir='ltr'>K</span> <span class='ocrx_word' id='word_1_918' title='bbox 1450 2894 1531 2921; x_wconf 82' lang='lat' dir='ltr'>repetit</span> <span class='ocrx_word' id='word_1_919' title='bbox 1549 2892 1613 2922; x_wconf 82' lang='lat' dir='ltr'>quia.</span> <span class='ocrx_word' id='word_1_920' title='bbox 1637 2892 1692 2915; x_wconf 91' lang='lat' dir='ltr'>Cod.</span> <span class='ocrx_word' id='word_1_921' title='bbox 1719 2892 1734 2914; x_wconf 91' lang='lat' dir='ltr'>F</span> <span class='ocrx_word' id='word_1_922' title='bbox 1759 2893 1885 2921; x_wconf 86' lang='lat' dir='ltr'>unicuique</span> <span class='ocrx_word' id='word_1_923' title='bbox 1908 2893 1991 2914; x_wconf 91' lang='lat' dir='ltr'>horum</span> <span class='ocrx_word' id='word_1_924' title='bbox 2017 2892 2086 2913; x_wconf 87' lang='lat' dir='ltr'>trium</span> 
     </span>
     <span class='ocr_line' id='line_1_124' title="bbox 1235 2929 2086 2960; baseline -0.002 -6"><span class='ocrx_word' id='word_1_925' title='bbox 1235 2932 1395 2954; x_wconf 84' lang='lat' dir='ltr'>membrorum</span> <span class='ocrx_word' id='word_1_926' title='bbox 1413 2932 1517 2960; x_wconf 79' lang='lat' dir='ltr'>adiungit</span> <span class='ocrx_word' id='word_1_927' title='bbox 1533 2931 1679 2959; x_wconf 84' lang='lat' dir='ltr'>exemplum:</span> <span class='ocrx_word' id='word_1_928' title='bbox 1696 2932 1772 2959; x_wconf 89' lang='lat' dir='ltr'>primo</span> <span class='ocrx_word' id='word_1_929' title='bbox 1790 2932 1818 2954; x_wconf 81' lang='lat' dir='ltr'>ut</span> <span class='ocrx_word' id='word_1_930' title='bbox 1838 2931 1902 2953; x_wconf 77' lang='lat' dir='ltr'>Deus</span> <span class='ocrx_word' id='word_1_931' title='bbox 1924 2930 1963 2959; x_wconf 58' lang='grc' dir='ltr'>(ἵ),</span> <span class='ocrx_word' id='word_1_932' title='bbox 1983 2929 2086 2952; x_wconf 86' lang='lat' dir='ltr'>seeundo</span> 
     </span>
     <span class='ocr_line' id='line_1_125' title="bbox 1237 2969 1949 3000; baseline -0.003 -7"><span class='ocrx_word' id='word_1_933' title='bbox 1237 2972 1261 2993; x_wconf 82' lang='lat' dir='ltr'>ut</span> <span class='ocrx_word' id='word_1_934' title='bbox 1277 2970 1379 3000; x_wconf 74' lang='lat' dir='ltr'>privatio</span> <span class='ocrx_word' id='word_1_935' title='bbox 1398 2971 1434 2999; x_wconf 83' lang='lat'>(?),</span> <span class='ocrx_word' id='word_1_936' title='bbox 1453 2972 1517 2993; x_wconf 84' lang='lat' dir='ltr'>tertio</span> <span class='ocrx_word' id='word_1_937' title='bbox 1536 2972 1560 2993; x_wconf 81' lang='lat' dir='ltr'>ut</span> <span class='ocrx_word' id='word_1_938' title='bbox 1577 2970 1677 2993; x_wconf 73' lang='lat' dir='ltr'>mutatio</span> <span class='ocrx_word' id='word_1_939' title='bbox 1694 2970 1730 2993; x_wconf 79' lang='lat' dir='ltr'>rei</span> <span class='ocrx_word' id='word_1_940' title='bbox 1746 2969 1894 2993; x_wconf 66' lang='lat' dir='ltr'>naturaliter</span> <span class='ocrx_word' id='word_1_941' title='bbox 1912 2969 1949 2997; x_wconf 60' lang='lat'>(5).</span> 
     </span>
    </p>
   </div>
   <div class='ocr_carea' id='block_1_15' title="bbox 2101 449 2206 469">
    <p class='ocr_par' dir='ltr' id='par_1_30' title="bbox 2101 449 2206 469">
     <span class='ocr_line' id='line_1_126' title="bbox 2101 449 2206 469; baseline 0 -1"><span class='ocrx_word' id='word_1_942' title='bbox 2101 449 2206 469; x_wconf 83' lang='lat' dir='ltr'>Conclusio.</span> 
     </span>
    </p>
   </div>
   <div class='ocr_carea' id='block_1_16' title="bbox 2090 591 2229 638">
    <p class='ocr_par' dir='ltr' id='par_1_31' title="bbox 2090 591 2229 638">
     <span class='ocr_line' id='line_1_127' title="bbox 2090 591 2229 617; baseline -0.007 -8"><span class='ocrx_word' id='word_1_943' title='bbox 2090 591 2161 617; x_wconf 78' lang='lat' dir='ltr'>Solutiu</span> <span class='ocrx_word' id='word_1_944' title='bbox 2177 596 2209 614; x_wconf 80' lang='lat' dir='ltr'>op-</span> <span class='ocrx_word' id='word_1_945' title='bbox 2227 610 2229 613; x_wconf 41' lang='lat'>¹</span> 
     </span>
     <span class='ocr_line' id='line_1_128' title="bbox 2090 616 2229 638; baseline 0 -6"><span class='ocrx_word' id='word_1_946' title='bbox 2090 616 2201 638; x_wconf 86' lang='lat' dir='ltr'>positorum.</span> <span class='ocrx_word' id='word_1_947' title='bbox 2228 634 2229 637; x_wconf 16' lang='grc' dir='ltr'><strong>Ἴ</strong></span> 
     </span>
    </p>
   </div>
  </div>
 </body>
</html>
