2243 3425
231 315 327 334 Sententia

235 339 328 361 theologu-

235 367 282 380 sum.

196 834 272 857 Triplex
284 839 326 853 seu-

209 858 291 876 sualitas.

197 2108 295 2128 Conclusio
307 2109 324 2127 1.

197 2392 295 2419 Conclusio
306 2393 325 2410 ⁶2..

197 2418 216 2434 et
232 2421 326 2440 principa-

343 184 399 212 742
418 202 420 204 -

420 262 552 290 Doctores
574 264 667 289 autem
691 259 838 296 theologici
867 259 978 293 dicunt,
1008 258 1083 295 quod
1109 257 1193 286 sensi-

341 309 404 338 bilis
426 312 452 338 et
474 308 616 337 rationalis
646 308 672 336 in
694 307 808 336 homine
830 306 956 336 eiusdem
979 309 1043 335 sunt
1065 305 1192 334 substan-

340 357 394 385 tiae
415 359 442 385 et
463 355 498 384 ab
520 355 618 384 eodem
640 354 777 392 principio
800 354 903 383 habent
924 353 1004 382 educi
1028 353 1054 381 in
1070 361 1139 386 esse,
1157 352 1193 381 vi—

340 403 440 432 delicet
461 411 477 431 a
499 402 644 436 Creatore,
668 410 719 439 pro
741 409 773 430 eo
795 401 871 439 quod
893 401 920 429 in
943 401 1022 429 nobis
1038 400 1193 429 110111101111-

340 453 406 479 nant
438 450 564 479 diversas
596 449 782 483 substantias,
815 448 864 477 sed
896 448 1023 477 diversas
1054 448 1192 485 potentias

340 497 466 526 eiusdem
489 497 677 531 substantiae,
699 496 771 525 sicut
792 495 964 533 Augustinus
978 495 996 529 ¹,
1018 495 1066 524 ubi
1083 495 1118 524 de
1140 495 1191 523 hac

339 544 457 573 materia
479 544 620 581 loquitur,
650 543 772 572 insinuat
800 550 944 580 expresse.
976 542 1006 571 Et
1035 543 1088 571 hoc
1116 542 1191 571 idem

338 592 420 621 valde
442 595 484 621 est
506 591 679 625 rationabile,
702 598 806 628 ponere
829 591 855 619 111
878 590 998 630 homine
1012 598 1098 619 unam
1128 590 1192 619 sub-

337 639 467 668 stantiam
484 638 692 676 perficientem,
715 646 787 675 quae
810 638 855 666 det
877 638 901 666 ei
925 637 1010 666 vitam
1034 641 1061 666 et
1076 645 1190 666 sensum

336 690 363 716 et
385 686 566 715 Intellectum.
590 686 643 715 Nec
666 689 804 723 repugnat
819 685 889 714 illud
906 685 1000 713 verbis
1023 684 1191 722 Philosophi,

338 735 359 763 si
383 738 457 763 recte
480 733 679 771 intelligantur.

419 781 534 818 Propter
556 781 631 818 quod
653 780 824 814 notandum,
847 779 922 817 quod
944 779 1124 807 sensualitas
1147 778 1192 807 tri-

339 828 392 857 bus
415 828 505 857 modis
526 828 671 865 accipitur.
688 827 745 856 Uno
760 827 844 855 modo
862 826 1042 855 sensualitas
1058 825 1124 854 dicit
1139 825 1192 854 dis-

340 876 504 913 positionem
535 883 570 904 ex
593 878 672 912 parte
694 875 786 903 carnis
807 874 843 903 ad
865 878 965 902 stetten
990 873 1108 901 virtutis
1133 881 1193 900 seiz—

338 923 464 957 szttoaffl
486 926 513 952 et
534 923 586 952 hoc
608 922 692 951 modo
714 922 850 959 accipitur
878 922 906 949 in
929 921 1000 949 libro
1030 921 1063 949 de
1085 920 1192 957 Spiritu

339 974 366 1000 et
387 971 496 1003 anima,
518 971 626 999 decimo
648 973 749 1007 quarto
764 969 896 1006 capitulo,
912 969 958 997 ubi
976 968 1093 997 dicitur:
1113 968 1193 996 «Ani-

340 1027 400 1053 ma,
423 1026 495 1056 quae
517 1026 583 1046 vere
605 1017 721 1054 spiritus
744 1019 800 1050 est,
823 1019 850 1045 et
869 1024 950 1047 caro,
966 1024 1037 1053 quae
1056 1023 1120 1044 vere
1136 1023 1193 1044 cor-

340 1074 394 1103 pus
417 1069 472 1100 est,
495 1065 522 1093 in
552 1065 610 1093 suis
640 1064 868 1093 extremitatibus
895 1063 974 1092 facile
998 1062 1192 1100 iunguntur&

340 1113 367 1141 id
389 1116 430 1141 est
452 1112 479 1141 in
502 1111 676 1149 phantastico
697 1111 821 1145 animae,
844 1110 920 1147 quod
943 1118 1045 1147 corpus
1061 1118 1115 1138 non
1131 1113 1192 1143 est,

339 1159 388 1188 sed
410 1159 501 1188 simile
523 1158 650 1195 corpori,
672 1162 699 1187 et
721 1158 901 1187 sensualitate
924 1158 1032 1192 carnis,
1048 1165 1120 1195 quae
1136 1157 1193 1186 fere

339 1207 455 1244 spiritus
470 1209 546 1235 est».
557 1205 660 1234 —Alio
673 1205 756 1234 modo
771 1205 939 1234 sensualitas
955 1204 1022 1233 dicit
1037 1204 1195 1241 dispositio-

338 1262 402 1283 nem
425 1262 460 1283 ex
483 1256 563 1291 parte
592 1253 684 1282 carnis
713 1253 748 1281 ad
776 1252 960 1281 seittt'eudmn
988 1260 1056 1280 eum
1087 1252 1193 1280 virtute

338 1301 494 1339 spirituali*
517 1304 661 1334 movente,
691 1300 816 1329 nondum
847 1299 940 1328 anima
969 1307 1083 1328 carnem
1113 1299 1194 1336 persi-

339 1349 448 1383 ciente3
477 1352 504 1377 et
532 1348 595 1377 talis
623 1347 791 1377 sensualitas
819 1350 861 1376 est
891 1347 917 1375 in
947 1347 1099 1384 embryone
1129 1350 1193 1375 ante

338 1396 427 1434 ipsius
449 1395 616 1433 completam
638 1394 845 1423 animationem.
868 1394 905 1423 lbi
931 1394 1005 1423 enim
1028 1402 1083 1423 non
1103 1397 1193 1431 potest

339 1452 400 1473 esse
428 1443 584 1472 substantia
611 1443 720 1471 animae
742 1442 907 1479 perficiens,
929 1450 993 1471 cum
1017 1441 1052 1470 sit
1079 1453 1091 1467 α
1107 1441 1194 1479 perfe-

339 1491 392 1520 ctio
415 1490 540 1528 corporis
564 1489 686 1526 physici,
709 1489 853 1526 organici³
868 1500 895 1523 »ς
918 1497 968 1518 necv
990 1489 1077 1526 possit
1101 1492 1194 1517 actua-

339 1539 402 1568 liter
424 1538 562 1571 existere,
590 1537 643 1566 nisi
665 1545 781 1574 corpore
803 1537 941 1566 existente
964 1537 990 1565 in
1012 1536 1106 1565 debita
1121 1544 1193 1565 com-

337 1586 468 1624 plexione
489 1589 516 1614 et
537 1584 751 1622 organizatione.
775 1584 865 1613 Potest
887 1587 980 1612 tamen
1003 1584 1038 1612 ibi
1059 1591 1120 1612 esse
1134 1583 1193 1611 oir-

339 1636 386 1662 tus
407 1633 516 1661 animae
538 1632 642 1670 patris,
664 1639 736 1669 quae
758 1631 873 1668 quidem
889 1634 930 1660 est
947 1631 973 1659 in
989 1630 1104 1665 semine,
1120 1630 1193 1659 sicut

338 1681 366 1709 in
388 1680 513 1709 subiecto
535 1679 693 1713 deserente,
717 1679 789 1707 sicut
811 1679 901 1707 virtus
928 1678 1044 1706 motoris
1066 1677 1192 1706 defertur

338 1727 424 1756 simul
453 1734 517 1756 cum
546 1726 639 1764 lapide
668 1726 811 1763 proiect03
840 1729 867 1754 et
896 1725 958 1754 ideo
988 1726 1056 1754 haec
1084 1728 1192 1760 cessat,

338 1774 451 1812 quando
472 1773 596 1811 operatio
611 1773 671 1802 eius
687 1776 901 1802 consummatur
910 1784 917 1807 3
933 1773 1007 1810 quod
1024 1773 1063 1808 fit,
1078 1773 1192 1810 quando

339 1822 448 1859 corpori
478 1821 637 1858 organizato
666 1820 810 1849 inducitur
837 1820 931 1849 anima
958 1820 1090 1849 sensitiva
1111 1820 1192 1858 perfi-

341 1870 432 1903 ciens,
455 1869 513 1898 sive
535 1869 673 1897 educatur
702 1868 737 1897 de
766 1868 889 1905 potentia
919 1868 1052 1897 materiae
1081 1868 1192 1903 subito,

339 1917 398 1946 sive
410 1924 475 1946 cum
488 1916 614 1945 rationali
627 1915 791 1945 infundatur
806 1916 841 1944 ab
856 1915 1015 1944 extrinseco
1026 1916 1043 1943 ⁴.
1052 1932 1091 1935 --
1100 1916 1193 1944 Tertia

339 1972 406 1993 vero
436 1963 602 1993 sensualitas
624 1966 681 1997 est,
707 1971 779 2000 quae
801 1970 855 1991 11οΠ
877 1965 985 1991 tantum
1009 1962 1075 1992 dicit
1098 1963 1191 2000 (lispo-

338 2011 472 2040 sz'tz'onem
494 2019 558 2040 cum
582 2011 685 2039 virtute
708 2014 852 2045 movente,
876 2010 924 2039 sed
951 2010 1034 2038 etiam
1057 2009 1191 2039 habilita-

340 2063 411 2093 tem,
436 2066 508 2096 quae
531 2058 601 2087 inest
622 2066 658 2087 ex
680 2058 773 2086 anima
793 2057 963 2095 perficiente.
989 2075 1027 2078 —
1054 2057 1144 2087 Primo
1166 2061 1193 2087 et

339 2105 463 2135 secundo
486 2105 568 2134 modo
593 2105 755 2142 accipiendo
777 2104 1003 2139 sensualitatem,
1026 2104 1064 2134 sic
1095 2108 1136 2133 est
1165 2105 1192 2133 in

338 2152 418 2182 nobis
440 2161 456 2182 a
477 2151 666 2190 generante⁵,
697 2151 763 2189 quia
791 2160 855 2180 cuni
885 2152 991 2180 semine
1021 2151 1191 2180 deciduntur

339 2201 446 2230 calores
467 2204 494 2229 et
516 2200 647 2237 spiritus,
668 2207 719 2237 per
741 2207 812 2237 quos
827 2207 893 2228 caro
908 2199 1067 2236 disponitur
1082 2199 1117 2227 ad
1134 2207 1193 2228 sen-

339 2247 474 2277 tiendum.
497 2246 715 2276 Transsunditur
737 2246 821 2275 etiam
844 2245 929 2275 simul
948 2254 1012 2274 curn
1032 2246 1084 2274 hoc
1099 2245 1193 2283 aliqua

339 2295 429 2324 virtus
450 2295 576 2329 animae,
598 2302 670 2332 quae
692 2296 785 2323 movet
807 2297 834 2323 et
855 2296 933 2330 reget
954 2296 981 2322 et
1000 2296 1134 2330 operatur
1149 2301 1193 2322 us—

339 2350 393 2380 que
415 2342 450 2371 ad
473 2341 579 2370 formae
602 2341 800 2370 inductionem.
817 2340 909 2370 Tertio
925 2340 1009 2369 modo
1024 2340 1191 2369 sensualitas

339 2393 380 2419 est
402 2390 429 2418 in
451 2389 564 2418 homine
586 2389 621 2418 ab
646 2389 740 2417 anima
769 2388 947 2426 perficiente,
976 2396 1048 2426 quae
1077 2388 1192 2425 quidem

339 2445 394 2466 non
416 2436 501 2466 habet
522 2445 581 2465 esse
602 2444 652 2474 per
674 2436 898 2474 generationem,
926 2436 975 2464 sed
1004 2443 1054 2473 per
1080 2435 1193 2464 creatio-

403 2570 410 2584 ¹
429 2570 461 2593 De
479 2570 571 2593 duabus
589 2569 727 2597 Animabus,
746 2576 764 2592 c.
788 2570 820 2591 13.
839 2576 859 2591 n.
883 2570 919 2596 ¹93
943 2569 971 2591 do
990 2570 1071 2598 Quant.
1090 2571 1191 2598 animae,

340 2616 358 2632 c.
377 2610 413 2632 33.
432 2616 452 2632 Π.
471 2610 508 2632 70.
527 2616 603 2639 seqq.;
622 2609 650 2632 de
668 2609 722 2632 Fide
739 2612 761 2631 et
777 2609 853 2638 symb.
872 2615 891 2632 c.
914 2610 946 2631 10.
965 2616 986 2631 n.
1006 2609 1042 2631 23.
1061 2609 1105 2632 Cfr.
1123 2610 1191 2632 ctiam

339 2656 409 2678 supra
428 2650 457 2672 lit.
476 2649 586 2677 Magistri,
611 2649 633 2671 d.
651 2649 734 2671 XXIV.
752 2654 771 2671 c.
790 2648 811 2677 4,
829 2651 851 2671 et
868 2649 897 2671 de
919 2649 1004 2676 Spiritu
1028 2651 1051 2671 ct
1067 2649 1154 2677 animay
1173 2655 1191 2671 c.

340 2689 376 2710 13.
394 2701 426 2705 -
442 2689 492 2711 Mox
509 2692 562 2716 post
578 2687 719 2711 rationabile
740 2688 791 2710 cod.
810 2688 826 2710 F
843 2688 956 2711 interserit
972 2687 1071 2717 scilicet,
1096 2688 1146 2711 cod.
1165 2695 1191 2710 aa

339 2726 449 2751 videlicet.

402 2767 411 2781 ²
430 2767 514 2790 Textus
532 2767 649 2795 originalis
666 2768 710 2789 sic:
728 2767 792 2789 facilc
810 2769 832 2789 ct
850 2768 1014 2790 convenienter
1031 2768 1148 2790 uniuntur.
1162 2779 1192 2783 —

341 2806 389 2828 Mox
407 2812 449 2834 pro
464 2805 615 2836 phantastico
633 2806 684 2829 cod.
703 2805 719 2829 C
736 2806 898 2836 phantastica,
919 2810 941 2829 et
952 2806 1051 2829 subinde
1069 2813 1112 2835 pro
1129 2806 1193 2836 qaod

341 2845 404 2867 multi
422 2845 489 2867 codd.
507 2851 560 2868 cum
578 2845 631 2868 edd.
653 2846 669 2874 l,
689 2846 709 2874 ⁶2,
727 2846 740 2867 3
758 2851 826 2875 quae.

403 2883 412 2898 3
430 2884 527 2912 Aristot.y
546 2885 569 2906 l.¹.
587 2884 616 2907 do
632 2884 726 2913 Anima,
745 2887 796 2908 text.
815 2885 835 2907 6.
854 2885 882 2914 (c.
906 2885 941 2914 l.).

404 2921 413 2936 ⁴
430 2921 474 2944 Csr.
492 2924 590 2951 Ariston,
609 2923 632 2945 ll.
650 2923 680 2946 do
697 2924 802 2947 Getici-at.
821 2924 912 2947 animal.
931 2931 950 2947 c.
969 2925 989 2947 3.
1003 2938 1033 2940 —
1051 2924 1120 2947 Paulo
1138 2924 1191 2946 inso-

341 2961 389 2983 rius
406 2967 448 2988 pro
465 2967 495 2983 ea*
511 2961 593 2985 (mima
611 2962 678 2985 codd.
696 2964 702 2985 1
720 2963 741 2985 X
759 2964 775 2985 Z
793 2966 815 2986 et
832 2964 868 2986 alii
886 2963 915 2987 ab
933 2963 1022 2987 aalma.

405 2999 414 3014 ⁵
431 2999 486 3022 Cod.
505 3001 525 3022 X
543 3002 579 3024 liic
596 3002 670 3025 addit:
691 3002 759 3030 Quod
781 3003 859 3032 pm'mo
877 3003 958 3032 modo,
977 3005 1053 3033 polet,
1076 3007 1098 3026 et
1116 3004 1191 3026 termi-

1029 179 1282 208 SENTENTIARUM
1304 179 1364 208 Ltss.
1387 179 1414 207 11.

1250 265 1321 287 nem.
1344 274 1383 278 —
1408 258 1452 286 His
1475 258 1556 292 visis,
1578 260 1654 294 patet
1676 257 1820 294 responsio
1841 257 1876 286 ad
1899 257 2099 295 quaestionem.

1250 304 1464 334 Concedendum
1494 308 1536 333 est
1561 304 1651 339 enim,
1673 304 1748 342 quod
1770 305 1863 333 anima
1885 304 2024 333 sensibilis
2046 313 2099 333 11οΠ

1249 356 1291 381 est
1312 352 1338 380 in
1361 352 1441 381 nobis
1462 360 1499 381 ex
1522 352 1653 386 traduce,
1669 352 1741 381 sicut
1756 352 1906 381 ostendunt
1929 352 2049 381 rationes
2064 352 2100 381 ad

1249 400 1400 430 secundam
1425 404 1532 438 partem
1561 399 1694 428 obiectae.
1716 400 1755 428 Ad
1778 399 1898 429 rationes
1920 407 2006 434 vero,
2027 407 2100 437 quae

1249 448 1430 476 adducuntur
1453 448 1480 476 in
1502 447 1678 484 oppositum,
1701 447 1780 475 facile
1802 450 1843 476 est
1865 447 2046 485 respondere.

1334 496 1355 523 l.
1377 495 1415 523 Ad
1438 494 1505 523 illud
1530 495 1604 523 enim
1626 494 1702 532 quod
1721 494 1868 529 obiicitur,
1883 495 1959 532 quod
1975 495 2098 523 sensitivi
2113 497 2211 545 {glstgssffugr

1248 543 1340 580 prima
1362 542 1479 571 mutatio
1501 545 1542 571 est
1563 550 1578 570 a
1602 544 1772 578 generante3
1791 541 1958 576 dicendum,
1974 542 2050 579 quod
2066 542 2101 571 lo-

1248 590 1345 628 quitur
1367 590 1401 619 de
1424 590 1571 624 sensitivo,
1594 589 1751 618 secundum
1780 589 1854 626 quod
1884 589 2008 618 nominat
2035 589 2100 618 sab-

1247 636 1408 670 sambiam,
1430 645 1485 665 non
1513 637 1669 666 secundum
1691 636 1767 673 quod
1789 636 1914 665 nominat
1939 636 2100 674 potentiam

1247 685 1420 713 substantiae
1450 684 1678 721 incorruptibilis.
1704 701 1742 704 —
1765 684 1813 713 Vel
1842 684 1925 712 etiam
1955 684 2007 713 hoc
2035 684 2101 713 dicit
2115 690 2180 709 Amer-

1249 732 1355 760 ratione
1378 732 1453 760 illius
1468 732 1656 760 sensualitatis
1672 732 1795 761 secundo
1811 732 1894 760 modo
1910 732 2013 766 dictae,
2029 740 2101 769 quae

1248 779 1361 816 quidem
1385 779 1469 807 habet
1490 787 1549 807 esse
1570 787 1586 807 a
1607 783 1765 814 generante.

1329 827 1354 853 ⁹2.
1377 826 1415 854 Ad
1439 825 1508 854 illud
1531 826 1606 862 quod
1629 826 1774 861 obiicitur,
1802 827 1875 864 quod
1899 826 1976 855 solus
1996 826 2101 855 intelle-

1249 877 1310 902 ctus
1332 873 1417 901 intrat
1438 873 1473 901 ab
1494 873 1672 907 extrinseco;
1699 873 1866 908 dicendum,
1893 874 1968 911 quod
1998 873 2035 902 ibi
2057 882 2101 902 vo-

1249 923 1329 949 catur
1345 920 1503 948 intellectus
1516 920 1672 948 substantia
1685 919 1852 949 intellectiva
1858 931 1864 954 ;
1880 924 1907 949 et
1921 921 1987 958 quia
2002 921 2099 950 eadem

1249 970 1291 996 est
1313 967 1469 996 substantia
1493 967 1661 996 intellectiva
1683 970 1710 996 et
1731 967 1864 996 sensitiva
1886 968 2023 1003 bominis,
2038 968 2101 998 ideo

1250 1023 1300 1052 per
1322 1015 1374 1043 hoc
1396 1023 1450 1042 non
1472 1014 1635 1044 excluditur
1658 1015 1791 1044 sensitiva
1814 1015 1949 1052 hominis,
1972 1015 2022 1044 sed
2044 1023 2102 1045 sen-

1250 1062 1330 1092 sitiva
1352 1062 1480 1091 brutalis.

1330 1109 1355 1138 3.
1378 1110 1416 1138 Ad
1440 1109 1510 1138 illud
1532 1110 1607 1147 quod
1630 1109 1777 1144 obiicitur,
1800 1110 1875 1147 quod
1897 1111 2022 1148 operatio
2044 1119 2103 1140 seu-

1249 1158 1348 1186 sitivae
1370 1157 1472 1194 pendet
1494 1165 1530 1186 ex
1553 1165 1689 1194 corpore3
1712 1157 1879 1192 dicendum,
1895 1158 1970 1195 quod
1992 1166 2028 1187 ex
2050 1158 2103 1188 hoc

1250 1213 1305 1233 non
1327 1205 1471 1242 sequitur,
1492 1204 1567 1241 quod
1589 1204 1758 1233 substantia
1779 1205 1944 1242 dependeat,
1970 1205 2101 1243 quoniam
2118 1213 2222 1233 Notandum*

1250 1252 1277 1280 in
1300 1251 1397 1281 eadem
1421 1252 1577 1280 substantia
1599 1252 1741 1289 reperitur
1763 1252 1902 1289 operatio,
1926 1260 1998 1290 quae
2018 1253 2042 1282 ei
2058 1261 2104 1290 po-

1250 1303 1303 1329 test
1325 1303 1483 1337 competere
1499 1302 1612 1336 praeter
1627 1307 1738 1337 corpus.
1755 1299 1825 1328 Haec
1838 1299 1847 1312 Ε
1863 1303 1956 1329 autem
1972 1308 2027 1328 non
2043 1309 2104 1329 con-

1250 1347 1325 1376 venit
1346 1346 1399 1383 ipsi
1421 1346 1546 1379 animae,
1576 1346 1627 1374 nisi
1654 1346 1812 1375 secundum
1835 1347 1910 1384 quod
1931 1347 2055 1382 animat,
2077 1351 2104 1377 et

1250 1394 1288 1422 ita
1308 1393 1464 1423 secundum
1487 1393 1563 1431 quod
1586 1393 1696 1431 corpori
1719 1393 1813 1422 iuncta
1835 1397 1891 1429 est,
1914 1398 1941 1423 et
1955 1398 2104 1432 propterea

1250 1441 1353 1479 pendet
1374 1449 1410 1470 ex
1433 1448 1566 1478 corpore,
1589 1448 1639 1469 nec
1661 1441 1755 1469 anima
1780 1441 1870 1470 utitur
1892 1441 1940 1470 illa
1961 1441 2103 1479 potentia,

1252 1492 1399 1527 postquam
1421 1497 1437 1517 a
1459 1497 1576 1526 corpore
1598 1492 1765 1526 separatur,
1788 1497 1839 1518 nec
1861 1489 2005 1527 sequitur,
2027 1490 2102 1527 quod

1250 1537 1285 1566 sit
1306 1536 1409 1570 otiosa,
1431 1536 1497 1573 quia
1519 1535 1675 1565 substantia
1698 1536 1745 1564 illa
1766 1536 1850 1565 aliam
1870 1537 1955 1566 habet
1969 1537 2104 1575 operatio-

1250 1592 1322 1613 nem.
1339 1584 1393 1612 Hoc
1407 1587 1502 1612 autem
1524 1583 1636 1620 planius
1659 1583 1818 1612 invenietur
1840 1584 2060 1614 determinatum
2075 1586 2103 1615 in

1249 1631 1389 1670 quart0⁷,
1419 1631 1445 1660 in
1475 1632 1638 1668 quaestione
1671 1631 1706 1660 de
1737 1631 1894 1668 cognitione
1925 1632 2035 1662 animae
2064 1641 2104 1663 se-

1249 1682 1372 1717 paratae.

1329 1727 1355 1755 li.
1378 1726 1416 1755 Ad
1440 1725 1510 1755 illud
1532 1726 1608 1763 quod
1631 1726 1778 1761 obiicitur,
1800 1727 1875 1764 quod
1898 1727 1978 1764 prius
1992 1731 2034 1757 est
2049 1729 2104 1757 ani-

1251 1774 1306 1803 mal
1328 1782 1412 1811 quam
1437 1773 1539 1808 homo,
1561 1773 1729 1808 dicendum,
1745 1774 1820 1811 quod
1837 1774 1889 1803 hoc
1904 1774 2022 1810 dicitur,
2037 1777 2104 1813 quia

1250 1822 1329 1859 prius
1351 1822 1493 1859 reperitur
1516 1821 1542 1849 in
1565 1821 1718 1858 embryone
1733 1822 1858 1858 operatio
1873 1822 2002 1852 animalis
2018 1832 2103 1861 quam

1250 1869 1374 1907 operatio
1404 1868 1544 1903 hominis3
1573 1869 1653 1906 prius
1682 1869 1756 1898 enim
1787 1872 1917 1898 movetur
1946 1873 1973 1899 et
2002 1871 2103 1907 sentit,

1249 1924 1335 1953 quam
1351 1916 1542 1944 ratiocinetur.
1559 1916 1610 1945 Sed
1628 1916 1680 1945 hoc
1695 1919 1736 1945 est
1751 1924 1767 1944 a
1783 1916 1964 1945 sensualitate
1979 1917 2103 1947 secundo

1251 1963 1333 1992 modo
1356 1963 1444 1996 dicta,
1468 1967 1550 2000 prout
1574 1966 1615 1992 est
1630 1972 1645 1991 a
1663 1963 1765 1992 virtute
1787 1967 1932 1998 mouente,
1948 1972 2003 1993 non
2019 1968 2103 2002 prout

1249 2014 1291 2040 est
1312 2018 1327 2039 a
1349 2010 1453 2039 virtute
1472 2010 1645 2047 perficiente.

1330 2059 1355 2087 5.
1378 2058 1414 2087 Ad
1439 2058 1509 2087 illud
1532 2058 1607 2095 quod
1633 2058 1780 2094 obiicitur,
1802 2059 1878 2096 quod
1900 2059 1994 2088 anima
2015 2059 2102 2088 sensi-

1250 2104 1313 2134 bilis
1334 2108 1376 2134 est
1399 2105 1425 2133 in
1448 2105 1571 2142 potentia
1593 2105 1745 2139 materiae,
1768 2105 1937 2140 dicendum,
1962 2106 2037 2143 quod
2060 2114 2104 2135 ve-

1249 2160 1313 2180 rum
1336 2156 1393 2185 est,
1415 2152 1571 2181 secundum
1601 2152 1674 2189 quod
1702 2152 1796 2181 anima
1817 2152 1957 2182 sensibilis
1978 2154 2103 2182 nominat

1248 2199 1447 2228 substantiam
1469 2199 1659 2236 generabilem
1681 2202 1708 2228 et
1730 2200 1960 2237 corruptibilem,
1983 2201 2032 2229 sed
2048 2209 2102 2229 non

1249 2249 1334 2284 prout
1349 2247 1473 2275 nominat
1491 2247 1652 2284 potentiam
1678 2247 1850 2276 substantiae
1872 2248 2101 2286 Incorruptibilis.

1251 2294 1281 2322 Et
1303 2293 1369 2330 quia
1383 2294 1476 2322 anima
1491 2294 1624 2322 sensitiva
1640 2294 1666 2323 111
1683 2294 1775 2323 brutis
1790 2295 1953 2324 huiusmodi
1968 2295 2102 2324 substan-

1250 2340 1323 2369 tiam
1346 2341 1489 2375 nominat;
1511 2341 1576 2370 hinc
1597 2344 1654 2376 est,
1677 2341 1753 2379 quod
1776 2342 1859 2371 bruta
1881 2350 1962 2371 suam
1977 2342 2100 2371 animam

1250 2388 1411 2417 sensitivam
1434 2388 1559 2417 educunt
1581 2389 1615 2418 de
1638 2389 1772 2423 materia,
1794 2389 1867 2418 sicut
1887 2389 1934 2418 etS
1954 2389 1983 2418 in
1999 2389 2042 2418 his
2058 2397 2103 2427 po-

1250 2435 1371 2470 tissime,
1393 2444 1465 2473 quae
1487 2440 1658 2474 generantur
1680 2444 1730 2474 per
1753 2436 1993 2474 putrefactionem.
2016 2437 2104 2466 Sensi-

1251 2573 1301 2592 nata
1321 2571 1363 2592 hac
1380 2576 1474 2598 propos.
1493 2569 1566 2592 verbo
1583 2568 1742 2597 sentiendum,
1763 2569 1795 2591 sic
1807 2569 1970 2597 prosequitur:
1988 2568 2103 2592 Similiter

1250 2609 1277 2632 de
1294 2609 1408 2637 secunde,
1429 2608 1492 2639 quod
1508 2608 1538 2632 sit
1555 2608 1580 2631 ιή
1602 2607 1669 2631 nobis
1687 2614 1702 2631 a·
1718 2609 1858 2637 (senei-ante.
1882 2607 1937 2638 quia
1956 2607 2103 2637 transfundi-

1250 2650 1290 2672 tur
1307 2652 1349 2672 etc.
1373 2649 1415 2671 t‘ro
1438 2648 1581 2672 deciduntur
1603 2647 1670 2670 codd.
1689 2647 1705 2669 F
1716 2648 1734 2669 H
1748 2648 1767 2670 K
1781 2648 1799 2670 T
1817 2650 1839 2670 et
1856 2648 1892 2670 alii
1915 2647 2100 2677 (lescindmztm,

1249 2687 1317 2710 codd.
1337 2687 1356 2709 V
1370 2687 1399 2710 W
1413 2687 1430 2709 Y
1450 2686 1626 2710 discinduntur.

1313 2727 1322 2741 ⁶
1340 2727 1390 2749 Scil.
1409 2728 1513 2754 operatio
1530 2727 1647 2750 sensitiva.
1665 2739 1695 2743 -—
1713 2727 1782 2749 Paulo
1801 2730 1852 2749 ante
1866 2727 1916 2750 Vat.
1937 2733 1990 2750 cum
2008 2727 2061 2749 edd.
2075 2727 2102 2756 3,

1250 2766 1262 2788 4
1280 2766 1316 2789 bis
1333 2765 1414 2789 (minut
1433 2772 1475 2794 pro
1492 2764 1632 2789 substantia.

1311 2805 1320 2819 ⁷
1338 2806 1391 2828 Dist.
1410 2805 1446 2827 50.
1465 2812 1487 2834 p.
1507 2806 1531 2828 11.
1550 2812 1569 2827 a.
1592 2806 1609 2828 1.
1628 2812 1650 2834 q.
1673 2806 1690 2827 Ι.

1311 2845 1321 2860 8
1338 2845 1411 2868 Codd.
1430 2846 1445 2867 F
1459 2846 1477 2868 V
1490 2852 1516 2868 aa
1529 2852 1555 2868 ee
1573 2849 1595 2868 et
1611 2845 1647 2867 alii
1665 2846 1710 2870 est.
1730 2845 1901 2873 refragantibus
1919 2845 1973 2868 edd.
1995 2848 2017 2867 et
2046 2846 2102 2868 mul-

1248 2886 1275 2908 tis
1293 2885 1360 2908 codd.
1379 2885 1485 2908 Fortasse
1497 2884 1623 2913 legendum
1635 2885 1669 2908 est
1686 2886 1714 2908 et.
1728 2884 1862 2907 Immediate
1874 2887 1926 2913 post
1943 2885 2021 2913 plures
2033 2884 2101 2907 codd.

1248 2930 1301 2947 cum
1321 2925 1370 2948 Vnt.
1393 2927 1414 2947 ct
1431 2924 1485 2947 edd.
1504 2925 1529 2952 2,
1548 2924 1573 2952 3,
1598 2923 1610 2946 4
1628 2923 1700 2947 verba
1719 2924 1778 2946 male
1795 2925 1827 2946 sic
1851 2927 2051 2952 transposuerunt:
2074 2923 2100 2947 in

1248 2963 1284 2987 Itis
1302 2970 1363 2994 qttae
1379 2963 1498 2993 potissime
1515 2964 1670 2993 uenerantur.
1689 2963 1758 2986 Paulo
1776 2964 1870 2986 inferius
1887 2967 1939 2991 post
1955 2969 1969 2985 α
1984 2968 2030 2992 quo
2049 2963 2099 2985 cod.

1248 3010 1274 3025 aa
1292 3004 1375 3031 repetit
1391 3002 1540 3032 producitur.

2117 2160 2216 2179 Notandum
