2243 3425
2 2609 3 2612 ¹
20 2601 74 2625 Argg.
88 2607 122 2625 pro

15 2627 60 2643 ‚arte
74 2626 123 2644 affir-

15 2649 81 2667 nativa.

728 199 810 227 DIST.
833 199 946 228 XXXIX.
967 200 1040 228 ART.
1062 200 1079 228 1.
1102 200 1238 237 QUAEST.
1260 201 1299 229 Ill.

137 280 159 299 et
175 283 245 305 supra
265 277 286 299 d.
305 277 342 299 24.
362 278 404 299 100.
423 278 458 299 cit.
477 278 505 300 ad
524 279 585 306 opin.
604 278 647 305 6.),
665 277 704 299 ubi
723 278 759 299 1110
778 278 869 300 habitus
887 278 987 300 attribui-

137 319 173 338 tur
190 315 317 340 intellectui
334 316 414 346 (19011ὶὶ
430 317 479 343 (cfr.
498 318 565 339 etiam
583 322 652 344 supra
671 316 693 338 d.
716 316 748 337 17.
767 322 786 337 a.
809 317 825 338 1.
844 323 866 344 q.
885 317 903 338 l.
915 317 943 338 ad
957 317 986 344 6,

136 355 158 378 d.
178 355 214 377 2-1.
233 362 255 383 p.
274 356 296 377 11.
315 362 334 378 a.
357 357 373 377 1.
393 363 415 385 q.
438 357 472 385 l.).
491 355 607 378 Consentit
624 356 646 377 S.
664 355 747 377 Thom.
767 355 805 382 (do
824 355 893 377 Verit.
912 362 933 384 q.
953 356 985 377 lG.

136 401 155 417 a.
175 395 213 423 3.)‚
228 395 290 423 quod
304 396 380 417 lumen
398 395 524 417 intellectus
541 395 639 422 agentis,
654 400 695 421 per
712 393 775 422 quod
788 395 898 421 principia
912 395 985 422 prima

135 435 157 456 in
175 435 322 462 speculativis
334 438 355 457 et
368 433 525 462 operabilibus
538 433 604 455 nobis
617 433 771 460 innotescunt,
787 439 798 453 ((
812 436 846 454 est
859 432 887 454 dc
907 436 985 454 natura

136 474 208 501 ipsius
226 474 326 502 animae,
345 480 397 496 00111
417 480 457 501 per
475 474 518 495 1100
535 474 563 495 sit
584 472 755 499 intellectualis;
778 471 807 493 de.
831 478 877 500 quo
900 472 985 494 lumine

135 513 219 535 dicitur
236 514 258 534 in
277 513 365 535 Psalmo
379 512 410 540 (4,
422 513 466 540 7.);
480 511 607 541 Siqnatum
619 512 654 534 est
664 516 737 539 super
748 516 791 533 nos
810 510 888 532 [maen
905 510 985 533 cultas

136 551 172 574 tm·
183 560 192 571 n
206 555 247 574 etc.
261 552 307 573 Ilac
319 553 405 573 ratione
417 550 511 574 habitus
524 551 653 578 primorum
671 550 838 577 principiorum
851 553 873 571 01
889 558 899 569 «
913 556 985 578 quae-

135 590 189 613 dam
201 590 291 613 semina
309 591 455 612 scientiarum
470 599 479 610 »
501 589 608 612 dicuntur
628 588 695 610 nobis
715 589 800 616 innata;
816 596 826 608 «
840 589 894 616 quia
910 590 985 611 statim

135 630 220 652 lumine
243 630 369 652 intellectus
386 631 475 657 agentis
495 630 666 657 cognoscuntur
684 634 725 656 per
743 628 832 655 species
850 635 861 649 a
880 628 986 650 sensibus

135 668 271 696 abstractas,
290 670 339 690 sive
356 669 401 691 sint
418 668 548 696 complexa,
567 671 591 689 ut
608 667 744 694 dignitates,
763 667 811 688 slve
830 667 985 694 incomplexa,

135 711 160 731 ut
181 709 238 730 ratio
261 709 318 730 entis
344 711 366 730 et
390 709 459 730 unius
476 710 498 729 et
515 707 659 735 huiusmodi,
682 712 741 735 quae
763 706 838 728 statim
860 706 986 728 intellectus

135 747 306 775 apprehendit»
327 747 365 771 (de
385 747 454 769 Verit.
473 753 495 775 q.
517 746 549 767 11.
568 752 588 767 a.
610 746 628 773 l,
646 745 686 767 cfr.
705 751 726 773 q.
747 745 754 766 i
762 745 782 766 Ο.
802 751 822 766 a.
840 744 880 773 6.).

198 788 219 809 2.
237 787 265 809 Ut
283 787 374 809 habitus
392 787 433 809 iste
456 787 547 808 innatus
564 785 689 807 reducatur
706 784 735 806 acl
758 785 838 807 actum
864 785 913 805 sive
936 790 987 811 pro·

134 826 197 849 cedat
212 826 240 848 ad
252 825 371 849 actualem
383 825 575 852 mitella-tionem,
590 825 714 852 requiritur
726 822 812 852 species
824 822 984 852 intelliyz'bttis,

138 873 147 885 α
161 871 205 893 qua
225 864 336 886 formetur
354 865 414 886 acies
440 864 565 886 intellectus
589 863 704 891 possibilis
722 862 750 884 ab
768 863 819 890 ipso
837 862 984 889 Intelligibili,

134 910 161 926 ex
179 909 222 932 qua
242 903 376 925 formatione
393 904 459 925 estin
478 903 573 930 pleniori
593 902 720 924 actualitate
738 905 843 928 respectu
862 902 911 923 eius
923 901 986 929 quod

134 942 202 965 debet
219 942 352 969 intelligere,
371 947 441 970 quam
459 944 507 963 erat
525 942 601 968 prius,
620 946 673 962 cum
686 939 778 962 carebat
790 940 866 967 specie
879 948 889 959 u
906 940 985 967 (supra

134 981 156 1003 d.
172 980 208 1003 24.
222 981 263 1003 100.
277 982 313 1003 011.
326 980 354 1002 ad
368 980 389 1002 5.
404 980 424 1007 G,
438 980 478 1002 cfr.
492 980 513 1001 in
527 986 590 1007 corp.
604 979 633 1001 od
646 979 709 1007 opin.
724 978 736 1000 4
749 985 753 1006 ;
767 979 781 1000 l.
794 979 854 1000 Seni.
869 978 889 1000 (1.
904 978 924 999 3.
937 984 959 1006 p,
973 978 987 999 l.

134 1027 156 1049 q.
172 1021 192 1042 vi.
210 1020 239 1042 ad
257 1020 278 1042 5.
291 1024 312 1042 et
325 1019 347 1041 (1.
365 1020 397 1041 17,
411 1026 433 1047 p.
448 1020 461 1041 l.
475 1025 496 1047 q.
510 1018 531 1040 4.
552 1019 573 1040 in
587 1018 648 1046 fine).
662 1018 687 1040 Et
699 1017 744 1041 hnc
760 1017 853 1040 ratione
866 1018 887 1039 S.
901 1017 986 1039 Bonav,

136 1060 214 1087 (supra
232 1059 254 1081 (1.
268 1059 303 1081 24.
322 1059 364 1081 loc.
378 1060 414 1081 cit.
427 1058 456 1080 ad
471 1059 532 1086 opin.
547 1057 579 1083 5.)
603 1057 718 1085 approbat
734 1058 870 1079 sententiam
889 1057 986 1078 Philoso-

133 1100 185 1127 phi,
204 1105 248 1127 qua
268 1098 375 1125 docetur,
397 1099 520 1119 «animam
542 1103 592 1119 esse
619 1100 718 1119 creatam
744 1097 803 1118 sicut
829 1095 929 1117 tabulam
953 1101 986 1117 ra-

133 1144 183 1161 sam
196 1147 206 1158 »
217 1157 222 1165 ,
244 1146 253 1157 a
268 1144 308 1160 nee
326 1137 411 1160 habero
429 1136 586 1166 coqm'lionenz
605 1136 725 1158 habituum
743 1135 786 1158 sibi
804 1136 921 1162 innatam,
945 1134 986 1156 sed

134 1179 252 1206 acquirere
280 1177 394 1199 mediante
421 1182 488 1199 sensu
515 1180 537 1198 et
562 1176 700 1203 experientia
714 1182 739 1201 »ς
765 1175 833 1197 5111101
851 1174 881 1196 ibi
901 1177 984 1201 negat,

137 1226 147 1237 t(
160 1217 222 1246 quod
241 1217 368 1239 intellectus
394 1221 473 1239 noster.
496 1216 585 1238 dicatur
604 1215 688 1237 habere
706 1214 769 1242 apud
787 1220 811 1236 se
829 1214 984 1242 eognitimwm

133 1257 299 1279 universalium
317 1256 433 1278 innatam.

198 1296 218 1318 3.
237 1296 350 1324 Respectu
365 1296 445 1317 harum
459 1295 589 1323 specierum
602 1293 778 1321 intelligibilium
797 1292 986 1319 distinguendum

133 1338 166 1358 est
184 1335 294 1363 aliterque
312 1334 454 1363 loquendum
474 1333 502 1356 de.
520 1333 650 1360 cognitione
668 1338 758 1359 rerum,
771 1338 831 1360 quae
851 1332 921 1353 etz-tra.
941 1332 986 1352 ani-

133 1380 196 1396 mam
213 1377 278 1401 sunt,
297 1374 361 1396 aliter
387 1373 415 1395 de
433 1373 563 1401 cognitione
580 1371 654 1401 ipsius
672 1371 766 1399 mentis,
787 1374 809 1393 et
826 1377 907 1393 eorum
926 1377 986 1399 quae

132 1414 155 1435 in
172 1419 199 1435 ea
216 1416 269 1435 sunt
287 1414 333 1439 (hic
350 1415 372 1434 et
385 1413 399 1434 1.
418 1412 478 1434 Sent.
492 1411 514 1433 d.
531 1411 564 1433 17.
583 1411 624 1433 lor.
644 1412 697 1438 (11.).
711 1410 896 1433 Praescindimus
908 1414 985 1432 autem

132 1454 175 1475 1100
192 1452 241 1475 1000
260 1459 271 1473 a
290 1452 421 1479 cognitione
440 1451 487 1473 Dei.

196 1491 216 1513 4.
235 1492 265 1513 De
284 1491 354 1513 rebus
370 1491 440 1513 eurtra
458 1491 558 1512 animam
577 1496 621 1511 000
641 1495 765 1516 possumus
783 1488 868 1511 habere
882 1490 985 1511 notitiam

133 1530 280 1553 solummodo
297 1536 324 1552 ex
341 1530 373 1551 eis
404 1535 464 1557 quae
491 1530 512 1550 in
539 1528 605 1550 nobis
630 1532 695 1555 sunt,
714 1534 767 1550 cum
786 1534 830 1549 non
858 1528 985 1550 habeamus

132 1575 212 1591 earum
230 1569 318 1596 species
344 1572 487 1594 conci-eatas,
507 1573 548 1589 nec
565 1568 586 1588 in
606 1560 729 1588 universali
748 1572 789 1588 nec
807 1567 828 1587 in
849 1566 979 1593 particulari

133 1608 212 1637 (supra
231 1608 252 1630 d.
271 1607 308 1629 24.
327 1608 368 1630 loc.
387 1607 441 1636 cit).
459 1607 515 1628 Hinc
533 1607 669 1634 requiritur,
688 1608 712 1627 ut
729 1606 803 1627 anima
823 1605 983 1627 similitudines

132 1649 168 1670 vel
186 1648 275 1676 species
292 1653 372 1669 earum
390 1647 433 1669 sibi
450 1646 568 1676 acquirat,
589 1645 664 1674 quod,
685 1648 741 1668 teste
758 1645 896 1673 experientia
909 1663 914 1672 ,
940 1651 983 1667 non

133 1687 163 1716 fit,
177 1688 218 1709 nisi
234 1686 426 1709 concurrentibus
437 1685 544 1708 sensibus
556 1688 578 1707 ct
590 1685 696 1713 potentiis
709 1685 830 1707 sensitivis.
844 1684 899 1705 Nam
914 1684 985 1711 phan-

132 1729 227 1749 tasmata
246 1725 358 1754 praebent
375 1725 501 1753 operationi
520 1724 664 1746 intellectuali
679 1724 744 1752 quasi
758 1723 886 1750 materiam,
899 1728 925 1744 ex
939 1728 983 1751 qua

132 1767 181 1794 ipse
199 1766 325 1788 intellectus
342 1770 413 1793 agens
430 1770 470 1786 sua
489 1764 573 1786 virtute
591 1766 612 1785 et
630 1763 715 1785 lumine
735 1762 829 1790 proprio
846 1762 929 1784 format
941 1762 984 1784 sibi

132 1807 221 1834 species
237 1806 320 1826 harum
332 1810 410 1826 rerum
423 1802 575 1830 intelligibiles
593 1802 641 1830 (esr.
660 1808 729 1830 supra
748 1801 770 1823 d.
794 1801 826 1823 17.
845 1808 864 1823 a.
887 1803 904 1823 1.
923 1808 944 1830 (1.
964 1802 985 1823 2.

133 1845 161 1867 ad
180 1844 208 1872 4;
227 1844 259 1866 111.
277 1844 338 1865 Sent.
357 1843 378 1865 d.
398 1841 433 1864 14.
452 1848 472 1864 a.
490 1842 511 1863 3.
529 1848 550 1870 (1,
570 1842 596 1869 2,
616 1841 636 1863 d.
664 1841 700 1863 37.
727 1840 782 1863 dub.
805 1841 822 1862 l.
840 1844 862 1863 et
880 1841 984 1868 passim).

132 1884 264 1906 Nullatenus
281 1886 358 1905 autem
376 1882 463 1910 antiqui
480 1881 613 1903 scholastici
632 1881 755 1903 admittunt
772 1880 900 1902 doctrinam
914 1881 986 1902 sensi-

132 1926 232 1950 starum,
258 1922 322 1951 quod
348 1922 448 1949 cognitio
474 1920 631 1942 intellectualis
655 1918 821 1949 principaliter
842 1922 949 1941 causetur
972 1925 983 1941 a

132 1962 239 1985 sensibus
256 1962 292 1984 vel
312 1961 418 1989 potentiis
435 1960 557 1987 sensitivis,
576 1962 597 1981 01
615 1958 678 1987 quod
696 1958 813 1986 spirituale
831 1959 940 1986 gignetur
957 1964 984 1980 ex

132 2002 217 2023 virtute
235 2001 266 2023 rei
285 2000 426 2028 corporalis,
446 1999 521 2027 potius
533 1999 638 2026 explicite
656 1998 751 2025 docent,
770 1998 889 2019 inferiores
908 2001 985 2025 poten-

133 2041 176 2063 tias
195 2047 236 2062 nec
250 2039 387 2069 formaliter
404 2045 446 2061 nec
463 2037 577 2068 effective,
598 2037 638 2059 sed
657 2040 743 2059 tantum
762 2036 951 2059 'ministerialiler
962 2039 985 2059 et

132 2079 289 2103 materialiter
306 2084 444 2101 concurrere
462 2078 491 2100 ad
510 2077 642 2100 formandas
660 2078 749 2105 species
767 2076 926 2104 intelligibiles,
944 2077 984 2098 sci-

1838 205 1893 232 905

1044 279 1094 301 licet
1117 282 1230 308 quatenus
1247 280 1374 302 intellectus
1399 281 1517 302 materiam
1537 281 1605 303 110105
1629 281 1765 309 cognitionis
1782 283 1865 309 accipit
1881 289 1893 304 a

1044 317 1157 340 sensibus.
1168 330 1199 334 —
1209 319 1239 339 De
1253 319 1322 341 modo
1335 322 1410 342 autem
1424 320 1566 348 specialiore,
1581 326 1627 348 quo
1644 321 1718 342 anima
1732 320 1775 342 sibi
1786 328 1812 343 ex
1825 322 1895 348 phan-

1044 357 1179 379 tasmatibus
1198 358 1280 379 l'ormat
1292 359 1380 385 species
1393 358 1558 386 intelligibiles,
1578 360 1655 381 variae
1672 360 1739 381 etiam
1752 361 1809 382 inter
1826 360 1894 382 Scho-

1044 396 1134 417 lasticos
1152 396 1244 418 suerunt
1261 397 1381 424 opiniones
1399 396 1448 423 (cfr.
1467 397 1488 418 S.
1508 398 1603 426 Thom.,
1622 398 1651 420 (10
1663 398 1733 420 Verit.
1746 405 1768 427 q.
1785 400 1818 421 10.
1831 406 1850 421 a.
1864 400 1892 427 ὃς

1043 434 1065 456 S.
1085 435 1098 456 l.
1117 441 1139 463 q.
1157 435 1194 457 84.
1213 442 1232 457 a.
1253 436 1302 463 l-s‚
1322 442 1344 464 q.
1363 436 1398 458 85,
1417 443 1436 458 a.
1460 437 1476 458 1.
1495 437 1521 463 2,
1540 437 1593 459 ν1(10
1611 439 1633 459 01
1648 437 1754 459 (1111050111
1777 439 1891 466 quaestio-

1044 479 1096 495 nem
1114 473 1255 501 disputatam
1269 475 1343 497 Matth.
1362 474 1390 497 ab
1409 476 1560 504 Aquasparta,
1578 482 1589 498 a
1608 476 1675 498 nobis
1692 476 1776 498 editam
1795 478 1816 498 in
1834 477 1892 499 libro

1043 512 1071 534 de
1089 512 1206 535 Humanae
1224 513 1365 541 Cognitionis
1382 515 1480 542 ratione,
1494 515 1554 542 typis
1571 514 1664 542 Collegii
1677 516 1698 537 S.
1713 516 1797 537 Bonav.
1821 516 1892 544 1883,

1044 557 1097 578 pag.
1120 552 1236 579 139-159).

1107 590 1127 611 5.
1146 591 1234 618 Duplex
1252 594 1285 613 051
1302 593 1339 613 via
1362 593 1411 614 sive
1429 596 1506 615 motus
1524 594 1662 621 intellectus,
1680 594 1765 616 scilicet
1782 601 1794 615 a
1820 594 1890 616 rebus

1044 628 1072 650 ad
1091 632 1204 657 mentem,
1222 632 1244 651 01
1261 636 1273 651 a
1291 633 1367 652 mente
1385 630 1414 652 ad
1432 637 1468 652 res
1486 631 1517 658 (S⁴
1536 631 1629 659 Bonan,
1648 632 1680 653 111.
1698 632 1758 654 Seni.
1777 632 1799 653 (1.
1822 632 1854 654 tt.
1873 639 1892 654 a.

1044 667 1064 689 3.
1084 674 1105 696 q.
1125 669 1144 689 2.
1163 668 1192 689 ad
1211 669 1249 695 3.).
1268 669 1290 690 ln
1308 670 1383 696 primo
1402 672 1463 691 motu
1488 671 1537 691 sive
1558 671 1593 692 110
1612 670 1774 699 acquisitione
1791 672 1893 698 operatio

1045 707 1127 728 mentis
1145 707 1222 734 ineipit
1240 713 1251 728 a
1270 707 1417 730 sensibilibus
1438 712 1460 730 et
1486 709 1620 731 terminatur
1645 709 1674 731 ad
1700 710 1853 737 intellectum,
1871 711 1893 731 in

1044 746 1145 768 secundo
1172 752 1227 767 1010
1253 747 1355 774 operatio
1381 747 1460 775 incipit
1484 754 1495 768 a
1523 750 1598 770 mente
1620 752 1642 770 et
1660 750 1793 771 terminatur
1811 749 1840 771 ad
1857 756 1894 771 res

1045 784 1076 810 (S.
1095 784 1191 812 Τ110111.,
1210 785 1238 806 (10
1258 785 1325 807 Verit.
1344 791 1365 813 q.
1389 785 1421 806 10.
1440 792 1459 807 a.
1478 786 1507 813 5,
1525 786 1600 807 Matth.
1619 786 1647 808 ab
1666 787 1775 815 Aquasp„
1794 787 1837 809 100.
1856 788 1892 810 cit.

1044 823 1072 845 acl
1095 823 1145 851 13,).

1108 863 1128 883 6.
1147 862 1216 884 Aliter
1233 868 1260 884 ac
1277 862 1305 884 de
1323 862 1394 885 rebus
1405 865 1465 884 extra
1479 864 1579 885 animam
1592 863 1740 886 existentibus
1752 865 1893 893 loquendum

1044 906 1077 923 est
1094 905 1199 928 respectu
1219 902 1355 929 cognitionis
1372 902 1445 929 ipsius
1462 901 1570 929 animae,
1591 905 1612 924 et
1629 909 1709 924 eorum
1729 909 1787 931 quae
1805 905 1827 925 in
1844 905 1893 931 ipsa

1043 943 1102 962 sunt.
1122 940 1155 962 Ab
1173 940 1282 963 omnibus
1307 942 1369 963 emm
1391 941 1535 963 Scholastiris
1553 941 1696 969 approbatur
1715 942 1800 965 dietum
1819 944 1895 971 Augu·

1043 980 1095 1002 stini
1114 980 1161 1007 (lx.
1181 980 1208 1001 de
1227 980 1289 1002 Trin.
1309 986 1327 1002 0.
1347 980 1368 1002 3,
1386 986 1407 1001 n.
1427 980 1466 1008 3.),
1485 980 1547 1009 (1110(1
1569 988 1578 1000 (ι
1593 987 1658 1003 mens
1675 987 1698 1003 50
1716 982 1788 1009 ipsam
1808 988 1849 1009 per
1871 988 1895 1004 50

1044 1025 1110 1046 psam
1128 1020 1247 1046 cognoscit
1259 1028 1280 1047 ι»,
1293 1022 1379 1041 etcum
1398 1020 1420 1041 S.
1434 1019 1520 1041 bonav.
1537 1020 1605 1042 docet
1622 1020 1645 1042 S.
1660 1020 1743 1042 Thom.
1769 1021 1807 1045 ((10
1825 1021 1893 1043 Verit.

1044 1065 1062 1080 a.
1082 1058 1102 1079 5.
1121 1058 1148 1080 ad
1168 1058 1188 1080 5.
1207 1062 1229 1081 ot
1247 1059 1291 1086 9.),
1311 1058 1374 1087 (1110(1
1388 1066 1398 1079 (ι
1412 1059 1487 1080 anima
1509 1065 1552 1081 11011
1572 1062 1696 1087 eognoscat
1713 1066 1737 1081 se
1755 1061 1830 1087 ipsam
1853 1066 1894 1088 per

1043 1097 1110 1118 aliam
1128 1098 1230 1124 speciem
1243 1096 1387 1120 abstractam
1407 1103 1418 1118 a
1436 1103 1475 1122 50,
1494 1098 1534 1119 sed
1552 1104 1594 1125 per
1611 1099 1712 1125 speeiem
1727 1099 1809 1121 obiecti
1827 1100 1861 1121 sui
1872 1108 1893 1127 »‚

1044 1137 1096 1164 quia
1118 1137 1237 1158 «essentia
1263 1136 1306 1158 sibi
1333 1137 1407 1158 innata
1433 1139 1479 1163 051,
1505 1137 1529 1158 01
1555 1143 1599 1158 000
1626 1143 1677 1159 eam
1698 1144 1791 1160 neeesse
1812 1138 1895 1160 habeat

1043 1181 1054 1196 a
1073 1175 1272 1202 phantasmatibus
1285 1176 1403 1203 acquirere
1417 1184 1437 1197 u.
1452 1176 1506 1197 [linc
1524 1176 1585 1197 idem
1605 1175 1657 1203 (loe.
1676 1177 1722 1203 cit.)
1740 1177 1820 1199 docet:
1837 1186 1846 1197 a
1860 1177 1893 1199 Ad

1044 1214 1087 1236 hoc
1106 1214 1167 1242 quod
1187 1215 1299 1242 percipiat
1315 1215 1403 1242 anima,
1422 1221 1446 1236 se
1464 1221 1521 1243 0550,
1540 1218 1561 1237 01
1579 1215 1634 1243 quid
1652 1216 1674 1237 in
1692 1221 1716 1237 se
1734 1216 1783 1242 ipsa
1801 1219 1892 1243 agatur;

1044 1259 1088 1275 non
1107 1255 1231 1282 requiritur
1249 1254 1331 1282 aliquis
1348 1253 1458 1281 habitus,
1478 1254 1518 1276 setl
1537 1255 1565 1276 ad
1579 1256 1621 1276 hoc
1634 1255 1717 1277 suffieit
1730 1254 1782 1277 sola.
1794 1255 1892 1278 essentia

1043 1292 1151 1320 (innitar,
1171 1299 1230 1320 quae
1248 1293 1319 1314 menti
1337 1296 1369 1315 est
1388 1299 1511 1320 praesens,
1529 1299 1555 1314 ex
1582 1299 1607 1315 ea
1633 1294 1694 1315 enim
1712 1294 1780 1316 aclas
1798 1300 1892 1321 progre-

1044 1332 1149 1359 diuntur,
1166 1332 1187 1352 in
1206 1332 1292 1360 quibus
1309 1332 1425 1353 actualiter
1443 1333 1491 1359 11151
1512 1333 1636 1360 percipitur
1648 1340 1669 1353 n.
1688 1332 1735 1354 Hoc
1749 1332 1802 1355 (11011
1815 1333 1892 1361 quoad

1043 1371 1197 1398 cognitionem
1216 1369 1382 1399 linbitualem,-
1407 1370 1484 1398 quoad
1510 1370 1629 1393 natitatem
1654 1377 1711 1393 vero
1732 1371 1763 1393 ibi
1781 1372 1891 1400 docetur,

1047 1418 1057 1429 α
1070 1409 1133 1438 quod
1150 1411 1225 1431 anima
1244 1410 1391 1437 cognoscitur
1409 1416 1450 1437 per
1468 1413 1532 1432 actus
1548 1416 1603 1431 suos
1617 1418 1626 1429 n
1648 1410 1696 1436 (cl'r.
1710 1410 1732 1432 S.
1745 1410 1838 1438 Bonav„
1857 1411 1893 1433 1110

1043 1449 1065 1470 10
1078 1448 1122 1470 fine
1135 1454 1246 1475 respons,
1265 1452 1286 1469 et
1303 1448 1317 1470 1.
1336 1449 1396 1470 Sent.
1415 1448 1436 1470 (1.
1456 1448 1476 1470 3.
1496 1454 1516 1475 p.
1536 1449 1558 1470 ll.
1576 1455 1594 1470 a.
1614 1449 1634 1470 2.
1648 1455 1670 1477 q.
1693 1449 1710 1470 l.
1728 1449 1757 1471 ad
1781 1449 1797 1470 1.
1816 1450 1855 1477 2.).
1868 1450 1893 1471 Et

1043 1487 1182 1514 notandum,
1201 1487 1263 1515 quod
1282 1488 1303 1509 S.
1322 1487 1407 1509 Bonav.
1427 1487 1472 1512 (hic
1488 1488 1508 1508 in
1528 1487 1572 1509 line
1585 1492 1656 1515 resp.)
1669 1488 1737 1509 etiam
1750 1488 1891 1510 Aristotelem

1043 1528 1064 1548 in
1077 1526 1160 1548 eodem
1173 1527 1219 1548 sere
1238 1532 1306 1548 sensu
1325 1527 1493 1554 interpretatur.
1513 1526 1578 1548 Multa
1597 1526 1625 1548 de
1644 1527 1713 1548 variis
1729 1528 1892 1554 magistrorum

1043 1565 1191 1593 opinionibus
1209 1566 1267 1587 cirea
1288 1566 1345 1587 hanc
1363 1571 1411 1587 rem
1431 1566 1518 1593 profert
1541 1566 1616 1588 Matth.
1635 1565 1664 1587 ab
1681 1567 1831 1594 Aquasparta,
1850 1566 1892 1588 loc.

1043 1606 1079 1627 011.
1098 1611 1151 1632 pag.
1175 1605 1279 1626 loo-177.

1105 1644 1126 1666 7.
1146 1644 1213 1672 Quod
1230 1646 1307 1666 autem
1325 1644 1354 1666 ad
1371 1650 1464 1666 omnem
1490 1644 1602 1666 actualem
1628 1645 1782 1672 cognitionem
1810 1645 1892 1666 intelle-

1042 1684 1140 1706 ctualem
1164 1684 1237 1710 prima
1266 1683 1354 1705 Veritas
1377 1686 1495 1705 concurrat
1516 1683 1660 1710 immediate,
1679 1682 1774 1705 docetur
1800 1683 1828 1705 ab
1847 1689 1892 1705 om-

1042 1723 1110 1745 nibus
1128 1723 1283 1750 Scholasticis,
1307 1725 1397 1750 praeter
1414 1722 1549 1743 Durant‘lnm
1562 1725 1585 1744 et
1596 1722 1685 1750 aliquos
1702 1723 1856 1750 antiquiores,
1871 1725 1895 1744 ut

1042 1763 1087 1783 iam
1106 1768 1175 1789 saepe
1201 1761 1308 1783 diximus.
1335 1760 1379 1783 Sed
1402 1761 1423 1782 S.
1442 1761 1527 1782 Bonav.
1547 1761 1607 1782 hunc
1625 1767 1763 1783 concursum
1781 1761 1830 1783 sive
1848 1761 1894 1783 illu-

1042 1802 1190 1823 minationem
1209 1801 1311 1822 divinam
1337 1800 1429 1828 speciali
1447 1800 1517 1822 modo
1537 1803 1615 1827 urget,
1634 1803 1658 1822 ut
1675 1801 1803 1828 expositum
1822 1804 1855 1823 est
1872 1801 1893 1822 in

1042 1843 1088 1863 toto
1105 1840 1217 1868 opusculo
1236 1841 1302 1862 citato
1321 1839 1349 1862 de
1366 1840 1485 1861 Humanae
1503 1839 1644 1867 Cognitionis
1662 1840 1756 1862 ratione.

1104 1880 1135 1901 Ex
1155 1879 1278 1907 praedietis
1295 1880 1340 1901 iam
1359 1880 1509 1907 perspicitur,
1529 1879 1673 1901 salsissimam
1690 1885 1741 1901 0550
1759 1880 1894 1901 criminatio-

1042 1925 1107 1946 nem,
1126 1919 1188 1947 quod
1208 1919 1340 1940 scholastici
1359 1919 1450 1940 faveant
1467 1918 1585 1940 erroribus
1602 1919 1759 1941 sensistarum.

1106 1959 1139 1980 111.
1159 1958 1220 1979 llane
1238 1958 1397 1986 quaestionem
1415 1957 1450 1979 alii
1469 1958 1555 1985 antiqui
1574 1958 1676 1985 magistri
1696 1957 1833 1985 plerumque
1846 1959 1894 1979 tan-

1041 2000 1090 2019 tum
1109 2000 1205 2025 tangunt
1224 1998 1245 2018 in
1264 1996 1417 2024 praecedente
1435 1998 1523 2024 quaest.
1536 1996 1568 2018 De
1581 2002 1605 2018 ea
1620 1997 1723 2024 explicite
1736 1998 1820 2023 agunt:
1832 1996 1893 2018 Alex.

1042 2037 1102 2064 Hah,
1121 2037 1142 2058 S.
1162 2043 1183 2064 p.
1203 2037 1224 2058 ll.
1244 2043 1265 2064 q.
1283 2036 1320 2057 78.
1340 2042 1369 2057 m.
1388 2036 1409 2057 2.
1428 2036 1449 2058 3.
1468 2035 1488 2057 4.
1506 2048 1537 2051 —
1554 2035 1577 2057 B.
1605 2035 1702 2063 Albert.,
1728 2035 1749 2056 S.
1776 2041 1798 2062 p.
1824 2035 1846 2056 ll.
1865 2038 1893 2057 tr.

1046 2076 1078 2098 16.
1097 2082 1119 2104 q.
1138 2076 1174 2097 99.
1194 2081 1224 2097 m.
1242 2076 1264 2097 3.
1281 2082 1303 2104 q.
1322 2075 1389 2097 incid.
1413 2076 1430 2096 l.

896 2165 1060 2203 QUAEsno
1082 2165 1122 2193 111.

265 2255 368 2283 Utrum
393 2258 545 2283 teneamur
567 2254 608 2282 ad
628 2261 711 2282 omne
732 2252 822 2286 illuct,
844 2252 922 2290 qnod
943 2251 1121 2280 conscientia
1142 2251 1234 2279 dictat
1255 2250 1456 2279 necessariam
1478 2258 1537 2278 esse
1558 2250 1599 2278 ad
1617 2249 1750 2277 salutent.

212 2353 305 2381 Tertio
326 2353 473 2390 quaeritur
495 2352 529 2381 de
551 2351 719 2380 conscientia
740 2354 877 2387 qnantum
899 2350 934 2379 ad
951 2350 986 2379 ef-

133 2402 236 2430 fectum
267 2400 413 2437 ligationis.
441 2400 471 2428 Et
492 2403 533 2427 est
555 2399 697 2435 quaestio,
718 2402 815 2426 utrum
838 2401 985 2425 teneamur

133 2448 167 2477 ad
191 2456 272 2476 omne
294 2447 378 2481 illud,
401 2446 476 2483 quod
498 2445 666 2474 conscientia
687 2444 773 2473 dietat
795 2444 983 2472 necessarium

134 2502 194 2523 esse
215 2494 249 2523 ad
273 2494 401 2522 salutem.
426 2493 456 2521 Et
477 2492 552 2529 quod
575 2492 629 2525 sic,
653 2490 773 2519 videtur.

215 2543 238 2570 ’1.
261 2541 299 2570 Ad
323 2541 460 2569 Romanos
487 2539 596 2568 decimo
625 2538 767 2575 quarto¹z
792 2537 881 2565 Omne
909 2535 986 2573 qnod

134 2597 193 2617 non
214 2592 255 2617 est
275 2597 310 2616 eac
331 2587 407 2624 fide,
421 2590 574 2624 pecc-atum
589 2589 650 2619 e.5t;
665 2584 779 2613 Glossa:
800 2595 813 2609 «
830 2583 913 2619 Quod
927 2591 986 2610 non

135 2639 177 2664 est
197 2644 232 2664 eoe
246 2635 319 2672 fide,
335 2635 362 2663 id
379 2638 421 2663 est
435 2637 531 2662 contra
553 2632 763 2665 conscientiam,
785 2634 815 2659 ut
836 2630 986 2659 credamus

1012 2490 1015 2661 l

1042 2349 1147 2377 malum
1171 2356 1247 2377 esse.
1266 2352 1420 2385 peccatum
1442 2351 1483 2375 est
1497 2358 1527 2381 »;
1541 2347 1589 2376 sed
1606 2347 1658 2375 1100
1673 2355 1726 2374 non
1743 2350 1823 2380 esset,
1839 2346 1889 2375 nisi

1042 2396 1209 2424 conscientia
1232 2395 1330 2432 ligaret
1350 2395 1384 2423 ad
1407 2402 1489 2423 omne
1512 2394 1598 2428 illud,
1620 2394 1693 2430 quod
1717 2393 1775 2430 ipsa
1791 2393 1890 2422 dictat:

1042 2450 1108 2479 ergo
1140 2446 1269 2470 tenemur
1291 2449 1372 2469 omne
1394 2441 1463 2469 illua
1486 2440 1592 2473 facere,
1615 2440 1689 2477 quod
1711 2443 1752 2468 est
1775 2440 1809 2467 (10
1831 2447 1890 2467 con-

1042 2489 1173 2517 scientiae
1194 2488 1351 2516 dictamine.

1122 2536 1147 2563 2.
1171 2535 1254 2569 Item,
1277 2534 1323 2563 lex
1345 2534 1449 2571 obligat
1470 2534 1505 2562 ad
1527 2534 1685 2562 faciendum
1716 2534 1785 2562 illud
1815 2533 1889 2570 quod

1043 2582 1102 2618 ipsa
1124 2582 1209 2610 dietat
1229 2598 1268 2601 ——
1290 2581 1334 2609 lex
1357 2581 1431 2609 enim
1454 2581 1556 2609 (licitur
1578 2589 1594 2609 a
1616 2580 1754 2618 ἰίζᾳαηίίο2
1778 2597 1816 2601 —-
1841 2580 1887 2609 sed

1048 2639 1061 2654 «
1076 2628 1244 2657 conscientia
1266 2631 1308 2657 est
1329 2628 1375 2657 lex
1398 2628 1555 2656 intellectus
1576 2627 1711 2656 nostrin:
1734 2635 1800 2664 ergo
1820 2632 1892 2656 tene-

199 2757 206 2771 1
226 2757 290 2779 Vers.
310 2757 346 2779 23.
365 2769 394 2772 -
412 2756 490 2778 Glossa
509 2755 606 2777 habetur
623 2754 686 2782 apud
708 2754 765 2776 Petr.
786 2753 945 2775 Lomhardum
963 2753 984 2774 in

135 2797 196 2819 hunc
207 2797 257 2824 loc„
270 2796 332 2824 apud
346 2797 462 2824 Lyranum
475 2797 499 2817 ut
511 2793 684 2820 intertinearis;
698 2793 727 2815 de
737 2799 781 2821 qua
794 2793 833 2814 cfr.
847 2798 906 2821 quae
918 2798 986 2814 anno-

135 2838 211 2859 tantur
228 2836 257 2858 acl
275 2836 379 2857 Glossam
398 2835 508 2862 similem,
527 2840 587 2862 quae
604 2833 659 2855 infra
673 2832 773 2855 occurrit
786 2832 806 2853 in
820 2838 884 2859 corp.
898 2834 985 2860 quaest.

199 2875 207 2889 ²
222 2874 411 2897 Communiorem
425 2874 492 2895 huius
505 2872 570 2894 verbi
582 2873 757 2900 originationem
773 2872 915 2899 Augustinus
927 2871 987 2893 exhi-

135 2914 184 2942 bet,
203 2915 242 2943 (1111
261 2914 293 2936 111.
312 2914 404 2942 Quaest.
422 2913 444 2934 in
463 2912 607 2934 Pentatencli.
626 2917 647 2939 q.
668 2911 704 2932 20.
724 2916 744 2932 n.
768 2910 788 2931 2.
807 2911 848 2932 ait:
873 2910 956 2939 Legsem
974 2916 985 2931 a

136 2952 232 2982 legendo
250 2953 263 2974 i.
282 2959 300 2974 0.
325 2952 354 2974 ab
377 2951 483 2979 eligendo
500 2951 571 2972 Latini
589 2952 694 2971 auctores
714 2949 813 2978 [Varro,
826 2948 983 2976 Ci(·01·0;x·i‹ie

135 2992 263 3018 Porcellini,
281 2991 377 3013 Lexieon
396 2993 445 3018 eto,
463 2989 507 3012 sub
524 2988 638 3011 vocabulo
655 2988 716 3013 Lex,
735 2992 757 3010 et
778 2987 865 3014 Isidor.,
889 2987 915 3008 V.
934 2987 986 3014 Ety-

264 3042 288 3065 S.
304 3042 393 3064 Bonav.
411 3053 443 3057 —
461 3041 527 3062 Tom.
546 3040 569 3062 ll.

1044 2752 1129 2780 molog.
1147 2758 1166 2773 c.
1185 2752 1205 2773 3.
1225 2758 1245 2773 n.
1266 2751 1296 2779 2.]
1314 2751 1451 2778 appellatam
1471 2756 1520 2772 esse.
1547 2750 1659 2772 dixerunt.
1685 2750 1707 2772 S.
1734 2750 1816 2772 Thom.
1838 2756 1891 2772 con-

1043 2792 1109 2813 sentit
1135 2794 1212 2818 etymo
1241 2789 1348 2812 vocabuli
1375 2789 1431 2818 leyz's
1453 2796 1465 2811 a
1488 2790 1509 2811 S.
1536 2790 1621 2811 Bonav.
1648 2789 1683 2811 hic
1707 2789 1832 2816 proposito.
1857 2790 1891 2811 Ait

1043 2831 1103 2853 onim
1123 2831 1144 2852 S.
1165 2830 1178 2851 1.
1197 2830 1220 2851 ll.
1239 2836 1260 2858 q.
1279 2830 1315 2851 90.
1334 2835 1353 2851 a.
1376 2829 1398 2850 l:
1419 2837 1428 2848 α
1442 2828 1527 2851 Dicitur
1545 2829 1605 2850 enim
1623 2829 1657 2850 lex
1680 2835 1691 2850 a
1711 2827 1818 2858 ligando,
1838 2829 1889 2857 quia

1043 2870 1130 2897 obligat
1147 2869 1175 2891 ad
1193 2868 1344 2896 agendum».
1363 2869 1461 2896 Aristot,
1484 2868 1512 2890 X.
1531 2868 1600 2890 Ethic.
1618 2874 1636 2889 c.
1656 2868 1676 2890 9.
1699 2868 1741 2889 ait:
1763 2868 1820 2895 Lex,
1838 2874 1890 2890 cum

1043 2914 1069 2930 ex
1088 2907 1208 2935 prudentia
1227 2907 1327 2935 quadam
1342 2910 1364 2929 et
1381 2909 1456 2928 mente
1468 2907 1568 2934 protecta
1587 2907 1658 2928 oratio
1676 2907 1714 2934 sit,
1733 2906 1830 2934 eogendi
1842 2907 1889 2928 vim

1043 2947 1118 2969 11111101.
1137 2959 1167 2962 --
1185 2946 1260 2969 Verba
1278 2945 1378 2969 minoris
1396 2948 1448 2968 sunt
1465 2946 1610 2974 Damasceni,
1629 2946 1657 2968 de
1675 2946 1760 2975 quibus
1782 2946 1836 2968 vide
1853 2952 1892 2968 su-

1043 2993 1084 3014 pra
1103 2992 1156 3014 pag.
1175 2986 1228 3014 899,
1246 2989 1297 3008 nota
1321 2986 1337 3007 l.

1723 3035 1763 3058 114
