2243 3425
211 660 324 680 Notandum.

209 1403 239 1421 Ad
252 1404 327 1427 opposi-

342 199 397 228 398
1027 200 1279 229 SENTENTIARUM
1300 200 1361 228 LIB.
1383 201 1411 228 II.

341 278 505 312 naturalis,
528 278 716 315 significatur,
738 279 812 315 quod
835 278 882 306 illa
908 278 1127 315 repraesentatio
1148 282 1190 307 est

340 333 356 353 a
377 325 498 354 naturali
520 325 657 362 principio
679 325 736 353 siVe
758 325 941 362 proprietate;
956 328 982 353 et
1001 328 1116 362 propter
1137 325 1190 353 hoc

340 380 393 400 non
416 372 500 401 datur
521 372 645 409 intelligi,
667 372 741 409 quod
765 372 799 400 sit
821 372 892 401 inter
907 372 1057 409 imaginem
1083 374 1110 401 et
1124 380 1189 401 eum

341 420 421 448 cuius
443 422 484 448 est
506 419 606 456 imago,
629 419 822 447 convententia
843 422 969 448 naturae.

419 467 445 494 [ι.
468 466 507 494 Ad
530 465 600 494 illud
623 466 697 503 quod
720 466 864 500 obiicitur,
895 466 970 503 quod
993 469 1035 494 est
1056 474 1073 494 a
1095 466 1191 494 volun-

340 516 395 542 tate
421 521 475 541 non
507 516 549 541 est
570 521 586 541 a
607 515 725 547 natura:
747 513 908 548 dicendum,
931 513 1006 550 quod
1028 521 1128 542 verum
1150 516 1192 542 est

341 568 377 589 ex
399 568 431 589 ea
452 563 547 597 parte,
570 568 605 588 ex
628 568 683 597 qua
710 563 752 588 est
783 568 799 588 a
831 560 991 595 voluntate3
1012 560 1104 595 unde,
1127 568 1191 589 cuin

341 611 470 636 creatura
492 615 508 635 a
536 607 590 635 Deo
618 607 786 644 producitur
815 607 988 641 voluntarie,
1011 615 1065 635 non
1088 607 1191 636 dicitur

340 655 376 683 ab
398 662 429 683 eo
451 654 531 682 ardre
562 653 760 688 mttzto‘ctlz'ter,
789 654 838 682 sed
869 654 1055 687 volzmcarte;
1077 662 1113 683 ex
1136 654 1189 683 hoc

343 705 434 730 tamen
457 709 511 730 non
533 701 677 738 sequitur,
700 701 772 738 quod
796 701 963 730 votionum-ie
984 705 1190 738 repraesentet,

342 748 427 776 immo
438 751 480 777 est
492 748 528 777 ibi
541 748 676 776 accidens
687 748 703 775 ¹.
714 748 848 784 Quamvis
860 748 934 777 enim
948 748 1021 777 Deus
1033 748 1191 777 voluntarie

340 795 509 833 produxerit
525 796 676 830 hominem>
698 795 782 824 homo
804 799 896 824 tamen
916 795 1001 823 hahet
1015 795 1191 832 operationes

341 843 492 877 naturales,
504 843 569 879 quia
582 843 676 871 divina
688 843 817 871 voluntas
830 843 976 871 fabricavit
988 846 1014 870 et
1026 842 1089 871 fecit
1102 843 1188 879 ipsam

340 894 487 924 naturamg
509 898 563 918 non
591 890 629 918 sic
657 893 751 918 autem
774 892 815 918 est
837 889 871 918 de
905 889 1046 917 voluntate
1075 888 1190 917 artificis

340 938 438 972 creati,
453 938 501 975 qui
517 937 674 966 naturalem
696 937 815 965 formant
837 944 891 965 non
913 939 1004 973 potest
1024 936 1190 973 producere.

1327 280 1351 307 5.
1374 278 1413 307 Ad
1435 278 1505 307 illud
1537 278 1613 315 quod
1644 278 1790 313 obiicitur,
1818 279 1893 316 quod
1917 280 2008 317 imago
2030 280 2096 309 dicit

1248 325 1459 354 similitudinem
1481 325 1507 353 in
1531 328 1632 353 natura
1640 336 1647 359 3
1677 325 1844 361 dicendum,
1866 326 1942 363 quod
1964 327 2032 355 haec
2054 326 2099 355 de-

1248 373 1406 401 terminatio
1436 371 1625 406 naturaliter,
1646 372 1742 400 addita
1773 372 1855 401 alicui
1887 373 2023 407 termino,
2049 373 2096 410 qui
2112 367 2233 399 Notandum}

1248 419 1362 456 quidem
1384 427 1435 448 nec
1457 419 1523 447 dicit
1546 418 1739 447 habitudinem
1761 423 1793 447 ut
1814 428 1833 447 ct
1848 428 1918 457 quo,
1941 427 1991 449 nec
2012 422 2044 448 ut
2059 420 2100 448 ad

1248 474 1346 504 quem,
1368 466 1530 503 ambiguam
1553 465 1646 494 reddit
1667 466 1852 500 locutionem,
1868 467 1934 503 quia
1956 469 2045 503 potest
2061 466 2099 495 di-

1249 522 1311 542 cere
1333 513 1528 542 habitudinem
1550 513 1594 542 vel
1616 513 1642 541 in
1666 514 1772 542 ratione
1794 522 1919 547 causae,
1942 513 1986 542 vel
2008 514 2035 542 in
2058 522 2100 542 ra-

1248 561 1323 590 tione
1344 559 1461 597 formae
1475 560 1492 588 ².
1518 560 1594 589 Unde
1615 560 1684 589 haec
1707 564 1749 589 est
1770 561 1892 598 duplex:
1916 561 1967 589 iste
1988 563 2099 589 natura-

1249 608 1312 637 liter
1333 607 1505 637 assimilatur
1528 607 1582 636 illi:
1606 607 1649 636 vel
1671 611 1703 636 ut
1725 607 1896 644 intelligatur
1919 607 2098 642 causaliter,

1249 655 1315 692 quia
1335 655 1508 684 assimilatur
1530 655 1557 683 in
1586 662 1619 683 eo
1648 655 1723 692 quod
1756 654 1839 684 lzctbet
1859 663 1879 683 ct
1901 658 2033 688 naturus·
2054 655 2099 683 vel

1249 706 1280 731 ut
1302 702 1473 738 intelligatur
1493 700 1679 738 formaliter,
1702 702 1768 739 quia
1789 702 1961 731 assimilatur
1984 702 2011 730 in
2033 701 2099 739 ipsa

1248 752 1369 777 izcttztrct.
1400 748 1491 776 Primo
1524 749 1607 777 modo
1634 749 1815 786 accipiendo„
1842 749 1911 777 haec
1943 752 1985 778 est
2016 756 2097 777 vera:

1249 796 1332 823 homo
1354 795 1520 823 naturaliter
1551 796 1723 824 assimilatur
1756 796 1831 830 Deo;
1865 796 1988 825 secundo
2017 796 2099 825 modo

1248 842 1332 876 falsa3
1354 845 1381 870 et
1412 841 1503 878 primo
1526 842 1609 870 modo
1630 843 1758 879 sequitur
1781 843 1816 871 ad
1838 843 1924 871 hanc:
1948 843 2032 871 homo
2053 851 2099 871 na-

1249 889 1377 917 turaliter
1399 892 1440 917 est
1462 889 1553 926 imago
1575 889 1639 917 Dei:
1663 889 1717 917 alio
1740 898 1808 918 vero
1830 890 1913 918 modo
1935 898 1989 918 non
2002 890 2019 917 ³.

1105 1033 1268 1071 Quiesrio
1290 1034 1330 1062 ιιι.

628 1122 733 1150 Utrum.
755 1130 814 1150 csse
837 1121 997 1159 t'vtctfsz'nem
1020 1121 1174 1149 carmentae
1195 1119 1308 1149 homini
1333 1120 1463 1158 proprie,
1489 1121 1530 1149 itct
1552 1121 1629 1158 quod
1651 1121 1726 1149 nulli
1747 1121 1809 1149 αἰίί.

419 1210 511 1238 Tertio
533 1208 688 1246 quaeritur,
711 1211 806 1236 utrum
840 1215 901 1237 esse
922 1208 1070 1245 imaginem
1094 1216 1192 1237 conve-

340 1257 397 1284 niat
428 1255 532 1284 homini
566 1255 691 1292 proprie.
724 1255 762 1283 ita
790 1254 864 1292 quod
892 1254 961 1283 nulli
984 1254 1039 1282 alii.
1062 1254 1093 1282 Et
1115 1254 1190 1291 quod

341 1303 388 1337 sic.
410 1303 532 1331 videtur.

424 1351 445 1378 t.
468 1349 496 1377 In
529 1349 616 1377 solius
647 1348 768 1377 hominis
800 1348 956 1377 conditione
978 1348 1085 1377 dictum
1107 1348 1189 1377 est⁴:

341 1396 504 1425 Facturum
532 1395 676 1424 hominem
708 1395 749 1424 dcl
781 1395 941 1433 itttctqt'nem
962 1399 1028 1429 etc-3
1051 1395 1099 1424 sed
1122 1396 1191 1424 haec

339 1446 381 1472 est
402 1443 575 1472 nobilissima
590 1442 727 1477 conditio,
743 1450 814 1479 quae
836 1442 858 1471 si
885 1442 1001 1471 daretur
1015 1442 1090 1477 aliis,
1112 1442 1191 1471 nullo

340 1491 422 1519 inodo
444 1490 559 1519 deberet
579 1490 779 1527 praetermitti:
802 1497 869 1527 ergo
884 1489 1012 1521 videtur.
1028 1489 1104 1527 quod
1119 1489 1189 1518 nulli

338 1538 384 1566 alii
407 1546 491 1575 quam
515 1537 619 1565 homini
642 1546 701 1565 esse
716 1537 756 1565 art
771 1537 930 1574 imaginem
945 1546 1034 1565 sturm
1056 1537 1131 1565 Deus
1146 1537 1191 1565 de-

339 1585 419 1614 derit.
443 1584 521 1621 Quod
545 1584 566 1613 si
590 1584 778 1621 praetermisit
800 1584 834 1613 de
855 1584 933 1616 aliis.
961 1587 988 1612 et
1010 1592 1063 1612 non
1087 1584 1122 1613 de
1143 1584 1190 1612 ho-

341 1633 429 1667 mine,
453 1636 518 1661 tunc
538 1635 580 1660 est
601 1632 741 1669 quaestio:
766 1639 854 1668 quare
876 1631 1022 1668 Scriptura
1044 1631 1130 1660 fecit?

418 1680 444 1707 ⁹2.
467 1679 549 1713 Item,
572 1678 743 1715 Augustinus
771 1679 799 1706 in
821 1686 950 1707 sermone
978 1678 1013 1707 de
1038 1678 1187 1715 imagine⁵z

344 1727 407 1756 «Ad
430 1727 578 1763 imaginem
611 1729 638 1755 et
670 1726 881 1755 similitudinem
909 1734 989 1754 suain
1012 1726 1087 1754 Deus
1108 1725 1189 1754 illum

339 1774 442 1803 creavit
459 1791 496 1794 —
511 1773 635 1810 loquitur
651 1773 685 1802 de
702 1773 814 1802 homiite
826 1773 952 1810 —quod
968 1773 1037 1801 nulli
1054 1773 1100 1801 alii
1116 1780 1190 1802 crea-

338 1826 418 1850 turae
440 1821 554 1850 dedit».

419 1868 444 1897 3.
466 1868 548 1902 item,
570 1868 622 1896 hoc
638 1868 750 1896 videtur
765 1876 815 1904 per
831 1868 983 1899 rationem.
999 1868 1063 1905 quia
1092 1868 1189 1904 «quod

339 1923 388 1953 per
411 1915 698 1952 superalmndantiam
722 1915 841 1947 dicitur„
863 1915 910 1943 uni
928 1915 977 1943 soli
1002 1914 1189 1949 convenit⁶»;

340 1962 388 1991 sed
421 1962 511 1998 imago
544 1961 610 1989 (licit
639 1961 851 1990 similitmlinein
884 1961 1140 1998 exprassvsssstmam
1162 1961 1188 1989 in

340 2017 439 2046 genere
462 2012 621 2037 creaturae:
645 2016 711 2045 ergo
733 2012 857 2045 oportet,
879 2009 955 2046 quod
977 2009 1122 2037 conveniat
1146 2008 1187 2037 vel

340 2057 387 2084 uni
410 2056 459 2085 soli
483 2056 600 2092 speciei,
622 2055 665 2084 vel
688 2056 736 2084 uui
759 2055 808 2084 soli
832 2055 986 2084 individuo.

418 2103 444 2131 4.
466 2103 550 2137 Item,
578 2110 610 2131 eo
643 2102 702 2139 ipso
736 2103 819 2130 homo
850 2105 892 2131 est
914 2103 1005 2139 imago
1026 2102 1091 2137 Dei,
1124 2102 1190 2139 quia

341 2150 500 2178 immediate
522 2149 610 2178 tendit
631 2149 658 2177 in
681 2149 769 2177 Deum
784 2149 807 2182 7;
830 2149 851 2177 si
874 2156 940 2185 ergo
961 2149 1126 2178 universum
1149 2152 1190 2177 est

338 2198 499 2226 ordinatum
530 2197 685 2226 secundum
718 2204 828 2224 omnem
853 2196 895 2224 sui
918 2200 1043 2233 partem,
1066 2196 1190 2233 impossi-

340 2245 393 2274 bile
415 2248 469 2279 est,
491 2245 566 2281 quod
589 2244 700 2281 aliquae
722 2247 868 2272 creaturae
884 2243 1063 2271 diversarum
1087 2243 1189 2280 specie-

340 2300 402 2320 rum
425 2292 591 2320 ordinentur
613 2291 639 2319 in
663 2290 751 2319 Deum
774 2298 809 2319 ex
842 2298 932 2327 aequo
963 2293 990 2318 et
1013 2290 1188 2318 immediate:

1047 2334 1063 2347 z

1248 1215 1314 1245 ergo
1336 1207 1380 1236 vel
1403 1207 1486 1236 homo
1519 1210 1546 1236 et
1576 1207 1696 1244 Angelus
1728 1211 1812 1236 erunt
1832 1207 1958 1236 eiusdem
1982 1207 2099 1245 speciei,

1249 1255 1293 1284 vel
1315 1262 1376 1284 esse
1398 1255 1547 1292 imaginem
1570 1254 1698 1283 convenit
1720 1254 1771 1283 soli
1793 1254 1908 1283 homini.

1330 1303 1355 1330 5.
1378 1302 1461 1336 Item,
1483 1302 1583 1336 homo,
1605 1309 1637 1330 eo
1659 1302 1719 1338 ipso
1751 1302 1826 1339 quod
1859 1305 1900 1330 est
1922 1302 2013 1339 imago
2034 1302 2099 1337 Dei,

1249 1353 1291 1378 est
1322 1349 1385 1378 finis
1416 1349 1543 1377 omnium
1571 1348 1733 1383 aliorum⁸3
1766 1349 1815 1378 sed
1848 1349 1899 1377 hoc
1932 1357 1987 1377 non
2008 1352 2099 1386 potest

1249 1396 1380 1434 pluribus
1402 1396 1521 1425 diversis
1543 1396 1635 1433 specie
1667 1396 1830 1430 convenire,
1856 1399 1883 1424 et
1905 1395 2020 1433 planum
2043 1400 2100 1432 est,

1248 1443 1324 1480 quod
1345 1443 1447 1480 Angelo
1468 1451 1524 1471 non
1546 1443 1692 1472 convenit:
1715 1451 1783 1480 ergo
1804 1443 1933 1478 videtur,
1948 1443 2023 1480 quod
2040 1451 2100 1473 esse

1248 1490 1398 1527 imaginem
1420 1490 1567 1519 conveniat
1588 1490 1637 1519 soli
1661 1490 1775 1518 homini.

1329 1539 1354 1566 6.
1375 1538 1460 1569 Item,
1482 1538 1549 1574 quia
1570 1537 1655 1565 homo
1676 1540 1718 1566 est
1741 1537 1832 1574 imago
1854 1537 1912 1572 Dei,
1935 1537 1987 1566 fuit
2009 1537 2100 1566 unibi-

1248 1585 1281 1613 IIs
1304 1585 1414 1613 divinae
1436 1587 1553 1613 naturae
1567 1584 1593 1619 ⁹3
1615 1584 1668 1613 hoc
1689 1588 1784 1613 autem
1806 1588 1848 1613 est
1863 1585 1923 1613 eius
1937 1585 2099 1622 proprium:

1247 1640 1314 1669 ergo
1335 1632 1482 1669 proprium
1505 1635 1547 1660 est
1568 1632 1674 1660 homini
1696 1639 1758 1660 esse
1780 1631 1829 1660 Dei
1852 1631 2010 1669 imaginem.

1327 1678 1455 1707 Comum:
1482 1680 1505 1707 t.
1535 1678 1684 1715 Dionysius
1713 1679 1748 1707 de
1770 1678 1876 1707 Divinis
1899 1679 2062 1708 Nominibus
2076 1679 2235 1714 mmmmm*

1247 1726 1329 1758 dicit,
1351 1726 1425 1763 quod
1465 1737 1477 1752 «
1493 1726 1613 1763 Angelus
1644 1729 1686 1754 est
1717 1726 1809 1763 imago
1832 1726 1889 1761 Dei,
1914 1726 2100 1755 manifestatio

1246 1773 1347 1802 occulti
1370 1773 1507 1802 luminis»
1535 1776 1586 1802 etc.

1327 1822 1353 1849 2.
1371 1821 1448 1855 Item,
1465 1832 1478 1845 «
1490 1821 1585 1849 Anima
1598 1828 1629 1849 eo
1642 1820 1702 1857 ipso
1713 1824 1755 1849 est
1767 1821 1857 1857 imago
1873 1820 1930 1852 Dei,
1942 1829 1998 1858 quo
2010 1829 2099 1858 capax

1247 1868 1295 1897 Dei
1315 1871 1357 1897 est
1372 1871 1399 1896 et
1413 1868 1553 1905 particeps
1574 1876 1635 1896 esse
1650 1871 1740 1905 potest
1753 1868 1773 1881 ¹¹
1787 1879 1814 1898 »ς
1831 1868 1879 1897 secl
1894 1868 1947 1897 hoc
1969 1869 2100 1906 competit

1247 1915 1364 1952 Angelo.
1386 1915 1458 1943 sicut
1479 1915 1605 1943 animae:
1629 1923 1696 1952 ergo
1715 1923 1768 1943 non
1791 1915 1841 1944 soli
1864 1915 1970 1944 homini
1992 1923 2100 1953 compe-

1248 1962 1280 1991 tit
1302 1970 1363 1991 esse
1385 1962 1544 1999 imaginem.

1327 2008 1353 2037 3.
1374 2009 1457 2041 Item.
1481 2009 1532 2037 ista
1554 2012 1595 2038 est
1617 2009 1787 2038 nobilissima
1814 2009 1940 2038 omnium
1969 2010 2100 2038 conditio-

1247 2063 1315 2084 num
1338 2056 1523 2090 naturalium‚
1546 2056 1676 2085 videlicet
1697 2064 1757 2085 esse
1779 2056 1943 2093 imaginem:
1967 2064 2033 2093 ergo
2055 2065 2100 2085 no-

1248 2102 1385 2131 bilissima
1406 2103 1532 2131 omnitnn
1561 2106 1757 2131 creaturarum
1791 2103 1954 2131 huiusmodi
1976 2104 2099 2140 proprie-

1248 2150 1311 2178 tatis
1333 2158 1387 2178 non
1410 2150 1507 2178 debuit
1529 2158 1589 2179 esse
1611 2158 1714 2187 expers
1722 2162 1729 2184 3
1750 2151 1771 2179 si
1796 2151 1880 2187 igitur
1902 2154 2032 2179 creatura
2053 2159 2100 2179 an-

1248 2197 1335 2233 gelica
1357 2201 1397 2225 est
1420 2197 1582 2225 huiusmodi
1597 2196 1628 2231 ¹2,
1652 2200 1726 2234 patet
1747 2201 1798 2226 etc.

1326 2243 1352 2271 Δ.
1376 2243 1458 2275 [tem.
1482 2243 1572 2281 imago
1596 2244 1664 2272 inest
1697 2245 1806 2273 animae
1832 2245 1989 2273 seeundum
2021 2253 2100 2282 supe-

1247 2290 1351 2318 riorein
1374 2293 1495 2327 partem,
1518 2291 1590 2320 sicut
1605 2291 1633 2319 in
1649 2291 1740 2328 primo
1763 2292 1835 2320 libro
1849 2292 1869 2306 ¹³
1885 2296 2029 2322 ostensum
2045 2296 2099 2327 est;

403 2426 409 2439 ¹
428 2426 460 2448 De
478 2426 563 2447 fallacia
582 2425 705 2448 accidentis
723 2426 762 2448 csr.
782 2429 836 2448 tom.
855 2425 869 2447 l.
888 2431 940 2452 pag.
960 2425 1000 2453 58,
1020 2428 1069 2447 notu
1089 2425 1109 2447 5.

402 2465 410 2479 '³
428 2464 500 2488 Codd.
519 2471 571 2487 θιιιιι
590 2465 642 2487 edd.
661 2465 681 2493 t,
697 2466 721 2492 2,
741 2465 753 2486 3
770 2464 836 2494 sinis,
851 2464 915 2493 quod
927 2465 1034 2492 explicari
1049 2466 1125 2492 potest
1137 2465 1189 2493 quia

340 2504 390 2527 nnis
407 2505 443 2526 rel
461 2507 495 2527 est
512 2505 659 2532 extrinsecus,
679 2504 715 2526 vet
735 2505 885 2530 intrinsecus3
904 2505 1018 2532 posterior
1044 2504 1191 2531 coniungitur

339 2549 392 2565 cum
411 2545 458 2571 ipsa
478 2545 509 2565 rei
529 2544 608 2566 torma.
628 2556 657 2558 —
678 2543 746 2565 Paulo
763 2544 871 2571 superius
889 2543 938 2565 Vat.
957 2543 997 2566 sed
1016 2544 1041 2566 tlt
1065 2542 1097 2566 acl
1121 2550 1190 2573 (sitem

340 2588 382 2610 pro
400 2588 441 2605 uec
454 2584 480 2605 ut
493 2582 524 2604 att
535 2588 611 2612 quem.
625 2582 729 2604 Subinde
741 2583 763 2604 in
776 2582 854 2605 multis
866 2583 933 2605 codd.
946 2586 968 2605 ct
980 2582 1016 2604 cd.
1034 2584 1039 2606 l
1057 2583 1120 2605 deest
1137 2589 1191 2606 ctut-

339 2621 421 2644 saliler
438 2624 460 2643 et
477 2622 498 2642 in
517 2622 597 2648 pauc-ts
615 2621 682 2643 codd.
703 2622 770 2643 ctiam
788 2620 931 2649 formaliter.

402 2660 411 2675 3
428 2661 486 2682 Vide
505 2661 605 2683 scholion
625 2660 654 2682 ad
673 2661 850 2689 praecedentem
867 2664 956 2690 quaest.

403 2700 411 2714 ⁴¹
429 2701 484 2722 Gen.
507 2701 511 2721 l
527 2719 531 2727 ,
550 2701 586 2722 ⁴26.

402 2739 411 2754 ⁵
429 2740 502 2761 Serm.
522 2739 557 2761 43.
576 2740 640 2765 (alias
658 2739 687 2761 de
711 2739 793 2762 Verbis
817 2740 931 2767 Apostoli,
958 2746 1027 2762 serm.
1054 2740 1101 2769 27.)
1128 2746 1146 2763 c.
1169 2741 1189 2763 Ξ.

341 2784 362 2800 n.
382 2778 402 2800 3.
420 2784 476 2807 seq.⁷
495 2778 534 2800 ubi
552 2782 655 2801 recenset
672 2778 747 2806 dona,
766 2785 825 2807 quae
843 2779 912 2801 homo
930 2782 952 2801 et
969 2779 1024 2801 aliae
1042 2782 1160 2802 creaturae
1178 2786 1189 2801 a

341 2817 388 2839 Deo
405 2819 557 2845 receperunt,
574 2823 601 2839 ac
619 2817 686 2840 dicit:
705 2818 750 2839 Sed
768 2820 844 2840 tumen
861 2818 973 2846 amplius,
987 2818 1044 2847 quid
1057 2818 1190 2841 habemus?

342 2854 449 2881 Mentem,
468 2856 592 2883 rationem,
611 2856 746 2883 consilinm,
765 2856 828 2885 quod
846 2862 891 2878 non
911 2856 995 2878 habent
1020 2856 1121 2885 hostiae,
1145 2863 1189 2879 non

342 2893 427 2916 habent
444 2895 562 2922 volueres,
581 2901 625 2917 non
644 2895 728 2918 habent
746 2897 836 2923 pisces:
854 2897 875 2917 in
894 2902 922 2918 eo
935 2896 985 2918 tacu
998 2902 1080 2919 snmus
1095 2896 1124 2918 ad
1136 2897 1190 2918 iina-

343 2933 420 2960 gIncm
438 2933 500 2955 Dei...
520 2934 644 2961 Imaginem
663 2935 684 2956 in
703 2935 769 2957 nobis
787 2935 825 2957 [toi
844 2935 973 2957 deformare
996 2936 1130 2963 potuimus,
1158 2942 1189 2958 rc-

343 2972 441 2994 sormare
459 2979 502 2994 non
521 2979 653 3000 possumus.
672 2973 789 2996 Habemus
807 2981 876 3002 ergo,
895 2977 918 2997 ut
936 2978 1015 2997 cuncta
1040 2974 1141 2997 breviter
1157 2981 1190 2997 rc-

343 3014 457 3039 texamus,
476 3012 551 3039 ipsum
570 3018 618 3034 esse
635 3018 688 3035 cum
715 3013 781 3040 ttgnis
802 3016 824 3036 et
841 3013 971 3041 lapidibus,
995 3013 1070 3037 rivere
1087 3020 1139 3036 cum
1158 3020 1190 3036 ar-

1250 2425 1360 2452 boribus,
1386 2425 1474 2448 sentire
1500 2431 1553 2447 cum
1579 2425 1672 2452 bestiis,
1699 2425 1828 2456 z'nlelliqere
1849 2433 1902 2449 cum
1928 2428 2028 2455 Angelis.
2054 2426 2099 2450 Ct'r.

1249 2465 1321 2486 Serin.
1341 2463 1377 2486 24.
1396 2465 1460 2489 (.·ilias
1478 2464 1498 2486 G.
1517 2470 1543 2486 cx
1562 2464 1686 2493 sirmond.)
1706 2472 1726 2487 n.
1746 2466 1773 2490 3.,
1792 2466 1838 2491 ubi,
1857 2467 1998 2489 enumeratis
2018 2468 2099 2489 ceteris

1248 2505 1374 2532 creaturis⁷
1392 2505 1434 2526 ait:
1453 2504 1530 2525 Nonne
1549 2505 1644 2526 istorum
1663 2506 1767 2527 omnium
1785 2506 1862 2528 artifex
1885 2506 1964 2528 Deus?
1991 2506 2035 2528 Sed
2063 2507 2100 2528 ho-

1248 2544 1334 2565 minem
1353 2542 1381 2564 :nl
1400 2543 1524 2570 imaginem
1543 2546 1565 2565 et
1581 2543 1754 2565 similitudinem
1774 2551 1839 2566 suam
1858 2546 1916 2567 tecit.

1310 2582 1319 2596 ⁶
1337 2582 1438 2609 Aristot,
1459 2583 1484 2604 V.
1505 2582 1584 2610 Topic.
1603 2590 1621 2604 c.
1642 2583 1662 2604 3.
1681 2583 1710 2609 (e.
1730 2583 1769 2610 5.).
1788 2582 1832 2606 Csr.
1858 2587 1911 2606 tom.
1931 2584 1945 2606 l.
1972 2590 2026 2612 pag.
2044 2584 2098 2613 542⁷

1249 2624 1299 2643 nom
1319 2622 1339 2643 2.

1310 2660 1319 2674 ⁷
1338 2661 1399 2682 Sicut
1417 2667 1487 2688 supra
1506 2668 1527 2689 q.
1551 2662 1566 2683 l.
1586 2662 1607 2683 in
1625 2667 1688 2689 corp.
1707 2665 1825 2684 ostensum
1843 2666 1883 2684 est.

1310 2699 1320 2714 S
1339 2700 1395 2722 Vide
1413 2707 1482 2728 supra
1501 2700 1523 2722 (l.
1547 2701 1578 2722 15.
1597 2707 1616 2723 a.
1636 2702 1655 2722 -Ζ,
1675 2708 1696 2730 ‘l·
1720 2702 1735 2723 Ι.
1754 2701 1798 2724 Csr.
1817 2703 1884 2725 etiam
1902 2702 2016 2731 Ambros,
2030 2703 2098 2731 Epist.

1249 2739 1284 2762 43.
1303 2740 1332 2762 ad
1351 2740 1496 2762 Honoratian.
1517 2746 1538 2762 n.
1561 2741 1594 2763 13.
1612 2747 1660 2769 seq.

1310 2779 1319 2793 ⁹
1337 2778 1381 2802 Csr.
1400 2780 1431 2801 ΙΙΙ,
1450 2781 1510 2802 sent.
1530 2780 1550 2802 d.
1571 2780 1591 2802 2.
1610 2786 1629 2802 a.
1653 2781 1668 2802 t.
1687 2786 1709 2809 q.
1733 2781 1749 2802 1.
1769 2787 1817 2809 seq.

1312 2818 1330 2832 ¹0
1347 2818 1402 2846 Cap.
1422 2818 1441 2840 sk.
1460 2819 1473 2847 [3
1492 2819 1527 2840 22,
1546 2818 1590 2841 Csr.
1609 2825 1678 2847 supra
1706 2819 1727 2841 (l.
1754 2820 1775 2841 9.
1794 2819 1950 2847 Prucnolalu,
1979 2819 2017 2841 ubi
2044 2820 2100 2841 hacc

1248 2857 1349 2879 definitio
1368 2858 1446 2885 Aug-eli
1465 2858 1593 2885 exponitur.

1310 2896 1327 2910 ¹¹
1346 2897 1455 2924 August,
1475 2897 1533 2918 XIV.
1552 2896 1580 2919 de
1599 2897 1660 2918 Trin.
1679 2903 1697 2919 c.
1717 2897 1737 2919 8.
1756 2903 1778 2918 n.
1800 2898 1874 2918 ti.—
1891 2896 1954 2919 Circa
1968 2896 2036 2919 finem
2050 2903 2098 2924 arg.

1247 2936 1311 2958 multi
1329 2936 1396 2958 codd.
1416 2942 1469 2958 cnm
1488 2936 1537 2958 Vat.
1556 2935 1662 2959 convent!
1680 2942 1728 2958 esse
1745 2942 1787 2964 pro
1806 2936 1914 2965 competit
1932 2942 1987 2958 csse.

1311 2975 1328 2989 Π
1347 2975 1377 2997 De
1396 2982 1442 3004 quo
1460 2975 1513 2997 xitle.
1531 2981 1601 3003 supra
1621 2975 1642 2996 d.
1665 2976 1681 2996 1.
1700 2981 1722 3003 p.
1742 2975 1764 2997 Il.
1782 2982 1802 2997 a.
1821 2976 1841 2997 ⁴2.
1861 2982 1882 3004 (1.
1902 2976 1922 2998 2.

1312 3013 1330 3028 ¹3
1347 3014 1401 3036 Dist.
1420 3015 1440 3036 3.
1460 3020 1481 3042 p.
1500 3014 1522 3036 ll.
1541 3021 1560 3036 a.
1583 3015 1600 3036 Ι.
1619 3020 1640 3042 (1.
1660 3015 1680 3036 2.
