2243 3425
225 598 279 617 Ratio
291 598 309 616 ΞΑ

226 927 280 946 Ratio
294 927 311 945 3,

198 1736 269 1754 solutio
282 1741 313 1759 op—

203 1759 313 1783 positorum.

327 188 382 216 764

324 266 375 294 luit
396 265 488 294 curari
505 265 530 292 in
554 272 605 293 suo
625 263 790 299 baptismate
813 261 973 290 immediate
995 261 1063 289 etin
1086 269 1123 289 se.
1141 261 1171 289 Et

325 316 470 349 propterea
492 311 647 347 baptismus
673 310 747 338 delet
768 308 902 345 originale
928 309 955 336 in
982 309 1106 340 bomine,
1133 316 1172 336 se-

323 359 445 387 cundum
469 357 543 394 quod
566 361 607 385 est
629 356 829 391 rz'mlc'tu'duum⁷
846 364 901 384 non
924 355 1079 384 secundum
1096 355 1171 392 quod

324 408 365 434 est
379 404 503 433 alterius
514 403 712 440 principium,
729 406 760 431 ut
775 410 809 431 ex
827 403 879 431 boc
901 402 1096 439 unusquisque
1112 402 1172 430 red-

324 452 371 480 dat
401 451 566 488 obsequium
593 450 649 479 Deo
672 450 796 478 debitum
827 453 854 478 et
881 449 968 486 magis
994 453 1173 485 recognoscat

324 498 484 527 salvationis
505 505 571 526 suae
594 496 759 525 beneficium
775 496 793 523 ¹.

402 546 441 574 Ex
464 549 543 581 parte
564 545 646 573 etiam
669 544 784 581 depr-oti
804 543 986 580 congruentia
1007 546 1076 571 erat.
1098 543 1173 571 Deus

323 592 396 620 euim
418 591 557 620 neminem
580 590 641 618 vult
656 590 765 619 salvare
786 590 838 618 nisi
852 589 938 618 salva
953 590 1060 618 arbitrii
1084 589 1127 618 sui
1143 589 1173 617 li-

324 639 445 671 bertem,-
460 642 486 666 et
508 638 570 666 ideo
586 637 668 666 talem
691 637 843 665 efficaciam
864 637 1068 666 medicamento
1084 637 1172 671 dedit,

323 689 354 714 ut
376 685 452 714 salva
474 689 546 713 esset
573 684 692 712 tiberiae
721 687 747 712 et
780 684 911 712 meritum
942 684 1021 712 liberi
1052 684 1171 712 arbitrii.

325 733 387 761 ideo
408 733 504 767 etiam,
520 736 550 760 ut
571 731 642 768 sides
658 732 759 760 babeat
775 731 880 765 locum,
896 731 1015 759 occultat
1039 731 1173 759 Dominus

324 779 493 808 Sacramenti
518 779 560 807 sui
584 778 742 808 effectuin².
774 779 803 806 Et
824 778 886 807 ideo
911 786 964 806 non
991 781 1107 806 curatur
1130 786 1174 806 na—

324 830 404 855 turae
428 826 550 854 morbus.

405 874 443 902 Ex
459 877 538 911 parte
560 873 642 902 etiam
659 872 865 900 meiliccmzenti
882 872 952 901 ratio
968 876 1022 906 est,
1041 872 1107 909 quia
1122 872 1175 900 vir-

327 925 372 950 tus
394 921 587 958 regenerativa
610 921 635 949 in
652 921 831 948 sacramento
853 922 894 948 est
910 919 970 957 ipsa
991 919 1077 956 sistes,
1100 919 1175 948 unde

325 977 340 997 a
362 968 416 997 fide
439 967 574 1005 passionis
600 967 733 996 dicuntur
754 967 934 995 Sacramenta
957 966 1061 995 babere
1087 965 1176 995 effica-

324 1016 403 1045 ciam.
424 1016 560 1052 Quoniam
577 1015 662 1052 igitur
685 1015 751 1042 baec
769 1014 864 1042 virtus
884 1014 1087 1052 regenerativa
1103 1014 1176 1051 prin-

324 1063 450 1100 cipaliter
472 1062 584 1099 respicit
607 1062 778 1090 voluntatem
801 1064 828 1089 et
850 1064 986 1095 mentem,
1014 1061 1108 1089 virtus
1130 1069 1177 1089 au-

325 1114 378 1139 tem
399 1109 571 1148 yenercttz'oa
592 1109 759 1138 decisionem
783 1109 875 1137 carnis
890 1117 906 1137 a
921 1117 1020 1143 carne3
1043 1109 1107 1137 hinc
1122 1111 1176 1143 est,

324 1157 398 1195 quod
416 1157 572 1194 baptismus
587 1160 666 1185 sanat
681 1156 739 1184 sive
754 1159 834 1185 curat
849 1156 997 1193 originale,
1019 1156 1175 1184 secundum

324 1205 399 1242 quod
425 1208 466 1233 est
490 1204 605 1233 morbus
630 1212 784 1241 personae,
809 1203 877 1232 dum
904 1204 930 1231 in
953 1211 985 1232 eo
1011 1203 1095 1232 datur
1118 1211 1178 1240 gra-

326 1252 373 1284 tia,
397 1259 446 1288 per
476 1259 560 1288 qnam
591 1250 762 1279 rectificatur
784 1250 939 1287 personalis
966 1250 1108 1284 voluntas,
1138 1258 1177 1278 re-

324 1302 453 1327 manente
474 1298 657 1326 nibilominus
682 1298 863 1335 corruptione
889 1297 915 1326 in
939 1306 1022 1326 carne
1051 1301 1077 1326 et
1098 1297 1122 1325 in
1151 1298 1175 1326 vi

325 1345 499 1383 generativa,
514 1353 586 1382 quae
608 1353 702 1373 ectum
717 1349 758 1373 est
780 1344 994 1374 transfundendi
1011 1345 1175 1381 originalem

324 1393 435 1431 culpam
448 1393 467 1421 ³.

404 1441 433 1468 Et
455 1440 494 1469 sic
517 1443 603 1477 patet,
625 1440 700 1477 quod
724 1448 773 1476 per
799 1439 969 1476 baptismum
993 1440 1104 1468 deletur
1125 1440 1178 1468 ori-

325 1487 414 1524 ginale
431 1490 575 1524 peccatum
593 1490 730 1524 quantum
746 1486 780 1515 ad
802 1486 936 1523 culpaim
952 1495 1005 1515 non
1029 1490 1121 1515 tamen
1138 1494 1182 1526 re3

325 1538 454 1563 movetur
476 1543 570 1562 cerusa
586 1534 799 1562 transfundendi
822 1533 956 1570 originale
979 1533 1004 1562 in
1028 1541 1175 1570 personam

326 1582 459 1616 alteram,
489 1582 561 1610 sicut
583 1581 704 1609 rationes
733 1580 898 1615 ostendunt,
921 1588 993 1617 quae
1018 1580 1052 1609 ad
1082 1588 1178 1609 secun-

326 1629 388 1657 dam
412 1632 521 1665 partem
544 1628 732 1661 inducuntur,
755 1631 782 1656 et
805 1627 865 1656 ideo
887 1627 1081 1655 concedendae
1103 1630 1176 1655 sunt.

409 1677 432 1704 l.
455 1675 493 1704 Ad
515 1675 584 1703 illud
610 1683 676 1711 ergo
702 1675 775 1711 quod
799 1675 891 1711 primo
916 1674 1046 1702 obiicitur
1068 1674 1102 1702 de
1129 1674 1178 1702 Da-

329 1731 469 1757 mascene,
492 1722 564 1759 quod
589 1730 653 1750 caro
676 1725 702 1750 et
717 1722 833 1758 spiritus
854 1725 1012 1759 purgantur
1038 1722 1064 1749 in
1093 1721 1179 1758 bapti-

330 1778 404 1804 smo,
426 1770 591 1803 dicendum,
613 1769 688 1806 quod
712 1769 901 1798 Damascenus
917 1769 1044 1806 intelligit
1064 1777 1176 1797 carnem

328 1818 459 1855 purgari,
482 1817 548 1854 quia
568 1815 694 1853 foeditas
724 1817 815 1845 carnis
837 1816 931 1853 aliquo
960 1817 1043 1845 modo
1065 1817 1178 1845 remitti-

328 1868 383 1899 tur,
399 1872 452 1892 non
472 1864 537 1901 qnia
557 1865 669 1892 omnino
685 1864 806 1892 tollatur.
834 1864 863 1892 Et
886 1864 961 1892 illam
985 1864 1176 1893 remissionem

328 1912 386 1940 sive
401 1911 613 1940 diminutionem
633 1911 771 1940 foeditatis
785 1911 992 1949 pzoyationem
1018 1915 1097 1940 vocat
1117 1920 1177 1949 pro—

328 1963 390 1996 pter
412 1959 477 1993 hoc,
493 1959 565 1996 quod
587 1967 640 1987 non
656 1962 698 1987 est
712 1959 834 1996 amplius
850 1968 945 1987 caiisa
966 1959 1069 1996 culpae
1089 1959 1114 1987 in
1136 1968 1177 1994 eo,

328 2006 355 2034 in
377 2014 432 2042 quo
454 2009 507 2040 est,
530 2014 584 2034 non
606 2009 697 2034 tamen
719 2014 769 2043 per
792 2006 961 2043 baptismum
985 2007 1098 2034 omnino
1122 2005 1178 2043 foe-

328 2053 406 2081 ditas
428 2053 550 2087 deletur,
573 2061 637 2081 cum
663 2061 716 2081 non
746 2057 851 2081 tantum
876 2054 1003 2090 pruritus
1025 2054 1114 2081 coitus
1143 2054 1178 2082 sit

328 2101 355 2128 in
370 2100 499 2137 paganis,
522 2108 619 2129 verum
636 2101 718 2129 etiam
742 2101 768 2128 in
785 2101 957 2129 Christianis.
982 2101 1125 2129 Probabile
1142 2105 1178 2129 ta-

329 2156 391 2176 men
414 2152 470 2180 est,
493 2148 568 2185 quod
590 2148 684 2185 aliquo
707 2148 789 2176 [nmio
812 2148 858 2175 illa
879 2146 1006 2184 foeditas
1028 2156 1077 2184 per
1093 2148 1179 2184 bapti-

328 2203 421 2224 smum
444 2195 620 2228 remittatur3
643 2195 727 2231 vulgo
742 2195 814 2223 enini
832 2195 944 2227 dicitur,
966 2195 1041 2232 quod
1065 2195 1175 2232 parvuli

328 2242 458 2279 baptizati
484 2250 537 2270 non
561 2242 597 2270 ita
618 2242 721 2270 foetent
736 2242 810 2276 aliis,
832 2242 903 2270 sicut
919 2251 972 2270 non
996 2242 1125 2279 baptizati
1139 2243 1157 2270 ⁴.

408 2290 434 2317 ⁹2.
456 2289 494 2317 Ad
517 2289 586 2317 illud
609 2289 684 2326 quod
706 2289 845 2321 obiicitur,
872 2290 945 2326 quod
973 2289 1102 2318 Christus
1125 2297 1179 2317 ma-

329 2337 369 2374 gis
391 2337 443 2365 fuit
465 2336 607 2365 sussiciens
620 2336 653 2364 ad
677 2336 918 2370 satisfaciendum,
934 2345 1018 2374 quam
1041 2337 1126 2365 Adam
1142 2337 1177 2365 ad

329 2384 582 2421 corrumpendum;
598 2384 763 2415 dicendum,
785 2384 859 2421 quod
877 2392 974 2412 verum
998 2387 1052 2417 est,
1069 2392 1179 2412 verum-

331 2436 434 2465 tamen,
450 2432 515 2468 quia
537 2439 589 2459 non
607 2431 683 2459 dedit
704 2439 813 2459 omnent
835 2430 968 2459 virtutem
990 2431 1177 2467 Sacramento⁷

329 2487 412 2516 quam
429 2479 496 2508 dare
518 2482 634 2516 poterat,
649 2479 697 2506 sed
710 2486 794 2515 quam
811 2479 879 2507 dare
902 2479 1087 2513 congruelmst
1104 2479 1175 2511 ideo,

329 2526 378 2554 etsi
408 2525 590 2554 sufficientior
615 2529 702 2559 esset,
732 2534 786 2553 non
818 2529 909 2554 tamen
939 2526 1015 2554 dedit
1045 2527 1177 2555 virtutem

330 2572 507 2600 Sacramento
529 2572 645 2601 curandi
669 2581 782 2600 omnent
812 2573 1035 2610 corruptionem.
1065 2573 1113 2601 sed
1139 2582 1179 2602 so-

331 2619 387 2647 lun]
411 2620 618 2656 corruptionem
642 2628 793 2656 personae.
820 2621 862 2649 Sic
888 2621 960 2649 enim
991 2621 1178 2657 congruebat,

330 2669 361 2693 ut
382 2666 461 2703 prius
482 2670 623 2696 ostensum
647 2671 696 2696 est.

1008 183 1260 211 SENTENTIARUM
1284 183 1342 211 LlB.
1365 183 1393 210 ll.

1309 260 1334 289 3.
1357 261 1393 289 Ad
1411 261 1480 289 illud
1496 261 1571 298 quod
1587 261 1730 295 obiicitur,
1750 261 1825 298 quod
1841 269 1895 289 non
1918 266 2079 291 removetur

1229 308 1356 339 effectus,
1380 312 1560 345 permanente
1583 316 1680 341 causa:
1696 308 1860 342 dicendum,
1882 309 1957 345 quod
1980 317 2079 337 verum

1229 358 1271 384 est
1292 356 1327 384 de
1348 364 1433 384 causa
1455 355 1589 393 efficiente
1616 359 1640 383 et
1664 360 1864 390 conserocmte,
1888 364 1942 384 non
1965 356 1999 385 de
2027 356 2081 395 effi-

1230 403 1319 431 ciente
1341 406 1465 431 [aalma.
1489 403 1593 431 Verum
1615 406 1657 431 est
1682 403 1764 431 etiam
1788 403 1823 431 de
1848 404 1997 432 existentia
2019 412 2081 432 cau-

1230 457 1276 478 sae
1301 449 1327 477 in
1353 458 1387 478 ea
1409 449 1607 486 dispositione,
1638 449 1663 478 in
1697 458 1753 487 qua
1782 449 1911 486 producit
1940 450 2079 479 effectum.

1230 496 1333 525 Neutro
1354 500 1449 525 autem
1472 497 1588 525 istorum
1613 497 1760 526 modorum
1784 501 1909 525 remanet
1930 506 2015 526 causa
2030 498 2081 526 ori-

1230 543 1342 580 ginalis,
1365 544 1423 572 sive
1444 544 1510 581 quia
1535 543 1661 579 foeditas
1683 544 1749 581 ipsa.
1770 552 1824 572 non
1847 548 1889 573 est
1910 552 1995 573 causa
2020 553 2081 573 con-

1230 591 1370 619 servativa
1391 591 1550 628 originalis,
1572 599 1635 620 cum
1663 591 1798 628 originale
1820 591 1854 620 sit
1876 591 1901 619 in
1928 592 2021 620 anima
2043 599 2082 620 se-

1230 641 1343 674 parata,
1365 638 1423 666 sive
1445 638 1511 675 quia
1533 647 1587 666 non
1610 642 1735 667 remanet
1758 638 1784 666 in
1806 646 1839 667 ea
1860 638 2039 675 dispositione
2055 642 2082 667 et

1231 685 1397 717 intensione,
1419 686 1575 714 secundum
1591 694 1674 723 quam
1699 686 1792 714 anima
1809 694 1844 714 ex
1862 686 1919 723 ipsa
1943 687 2082 715 contrahit

1230 732 1374 768 originale.
1637 750 1645 756 ,

1311 780 1336 807 [ι.
1359 779 1397 807 Ad
1424 779 1493 807 illud
1513 779 1589 816 quod
1607 779 1746 813 obiicitur,
1771 779 1847 816 quod
1868 788 1920 808 non
1946 779 2083 808 sufficien-

1232 830 1273 855 ter
1289 830 1369 855 curat
1392 826 1522 854 morbum
1538 827 1585 863 qui
1610 826 1742 863 relinquit
1759 826 1895 861 radicem,
1918 827 2082 861 dicendum,

1231 873 1307 910 quod
1331 873 1381 901 boc
1404 881 1504 902 verum
1526 877 1579 907 est,
1602 874 1714 910 quando
1735 874 1816 902 radix
1839 874 1928 902 morbi
1952 874 2083 911 relinqui-

1232 924 1291 954 tur,
1314 928 1385 957 quae
1408 923 1498 956 potest
1519 928 1636 949 causare
1659 920 1762 949 vulnus
1784 921 1809 948 in
1833 929 1865 949 eo
1887 921 1934 958 qui
1957 925 2083 950 curatur.

1233 967 1289 995 Non
1320 967 1359 996 sic
1380 971 1474 995 autem
1497 967 1666 1004 relinquitur
1690 968 1771 996 radix
1796 968 1939 1005 originalis
1961 969 2083 1006 peccati,

1233 1022 1305 1051 quae
1327 1014 1440 1051 quidem
1458 1014 1543 1051 possit
1565 1014 1667 1044 iterare
1684 1015 1814 1044 morbum
1833 1015 1913 1044 illum
1930 1016 2003 1045 circa
2018 1023 2083 1044 eum

1233 1061 1280 1099 qui
1303 1062 1468 1099 baptizatur.
1484 1078 1523 1082 —
1538 1062 1631 1091 Posset
1652 1065 1744 1091 tamen
1768 1066 1795 1091 et
1815 1063 1896 1091 aliter
1918 1063 1986 1097 dici,
2008 1063 2083 1100 quod

1234 1109 1301 1137 utile
1330 1113 1371 1137 est
1400 1109 1560 1146 relinquere
1582 1109 1705 1138 radicem
1736 1110 1856 1138 alicuius
1884 1110 2084 1147 aegritudinis,

1234 1156 1297 1194 quia
1320 1164 1374 1184 una
1397 1156 1544 1193 aegritudo
1560 1156 1722 1193 frequenter
1743 1160 1823 1185 curat
1838 1157 1965 1185 alteram.
1988 1157 2085 1186 Huius-

1236 1203 1309 1232 modi
1332 1207 1425 1231 autem
1448 1203 1604 1240 corruptio,
1626 1212 1698 1241 quae
1725 1208 1850 1232 remanet
1871 1204 1899 1232 in
1921 1211 2018 1236 carne,
2044 1212 2086 1233 oc-

1233 1251 1307 1280 casio
1335 1254 1377 1279 est
1409 1251 1514 1279 vitandi
1544 1251 1633 1279 multa
1659 1251 1751 1286 mala,
1778 1255 1805 1280 et
1833 1259 1883 1288 per
1912 1259 2086 1289 consequens

1234 1297 1352 1326 faciendi
1376 1297 1463 1326 nuilla
1486 1298 1570 1332 bona,
1593 1298 1664 1327 sicut
1680 1298 1838 1327 ostenditur
1860 1299 1887 1327 in
1909 1302 2010 1336 quarto
2023 1298 2043 1332 ⁵,
2058 1298 2085 1327 in

1236 1348 1355 1373 tractatu
1377 1345 1411 1373 de
1433 1345 1534 1373 et'l'ectu
1556 1345 1695 1382 baptismi.

1315 1394 1340 1421 5.
1363 1392 1401 1421 Ad
1425 1392 1495 1421 illud
1518 1392 1592 1429 quod
1615 1392 1762 1426 obiicitur,
1785 1393 1858 1430 quod
1882 1393 1903 1421 si
1926 1393 2019 1421 radix
2046 1397 2087 1421 est

1234 1444 1350 1473 saneta,
1372 1443 1397 1467 et
1419 1439 1517 1473 ›·ctnzc';
1539 1439 1708 1473 dicendum,
1730 1440 1806 1477 quod
1829 1439 1899 1469 illud
1922 1439 2088 1477 intelligitur

1235 1495 1285 1524 per
1308 1495 1336 1515 se
1360 1487 1511 1524 loquendo,
1534 1490 1565 1515 ut
1586 1487 1607 1515 si
1636 1487 1718 1515 radix
1741 1492 1836 1516 sancta
1858 1488 1906 1522 sit,
1928 1488 2086 1517 secundum

1235 1534 1309 1571 quod
1331 1534 1444 1567 radix,-
1470 1534 1626 1571 baptismus
1654 1538 1766 1567 autem,
1787 1535 1837 1563 etsi
1861 1534 2014 1563 sanctificet
2041 1535 2088 1563 ho-

1235 1581 1352 1615 minem,
1374 1589 1428 1609 non
1452 1584 1543 1609 tamen
1563 1580 1717 1609 sanctificat
1738 1589 1816 1615 eum,
1832 1581 1987 1610 secundum
2011 1580 2087 1618 quod

1234 1632 1277 1657 est
1295 1628 1480 1665 principium
1495 1628 1634 1662 alteruis,
1658 1629 1723 1666 quia
1739 1629 1897 1657 remedium
1920 1629 1990 1657 illud
2006 1632 2087 1657 curat

1236 1675 1366 1703 morbum
1380 1684 1534 1712 personae,
1554 1684 1608 1703 non
1627 1680 1768 1709 naturae,
1789 1677 1861 1704 sicut
1876 1680 2019 1705 ostensum
2036 1679 2086 1705 est.

1315 1724 1340 1751 6.
1357 1723 1393 1751 Ad
1412 1723 1481 1751 illud
1501 1723 1575 1760 quod
1595 1723 1734 1757 obiicitur,
1750 1724 1824 1760 quod
1856 1727 1953 1753 curato
1969 1724 2087 1761 leproso,

1235 1770 1319 1799 datur
1341 1770 1364 1798 ei
1393 1770 1482 1798 virtus
1509 1770 1660 1806 generandi
1684 1779 1801 1805 sanum,
1824 1771 1988 1805 dicendum,
2012 1772 2087 1809 quod

1235 1826 1289 1846 non
1311 1821 1353 1846 est
1375 1817 1474 1845 simile.
1498 1818 1584 1854 Lepra
1611 1818 1683 1846 enim
1707 1818 1746 1846 sic
1775 1822 1816 1847 est
1839 1818 1956 1847 morbus
1980 1818 2089 1847 beredi-

1235 1865 1336 1898 tarius,
1365 1864 1439 1900 quod
1463 1872 1516 1892 non
1546 1868 1587 1893 est
1609 1864 1681 1893 alius
1712 1865 1842 1899 morbus,
1873 1869 1903 1894 ut
1932 1865 2089 1903 corrumpit

1232 1920 1391 1949 personam
1407 1915 1433 1939 et
1455 1915 1486 1940 ut
1501 1912 1657 1949 corrumpit
1680 1916 1838 1946 astiterant,
1853 1921 1885 1941 eo
1907 1913 1983 1950 quod
1998 1916 2088 1941 totum

1234 1959 1376 1987 bominem
1400 1958 1485 1987 inlicit
1511 1967 1546 1987 ex
1570 1963 1649 1996 parte
1675 1960 1782 1994 carnis,
1810 1968 1863 1988 non
1890 1960 1981 1988 solum
2003 1968 2089 1997 quan-

1235 2009 1293 2034 tum
1317 2006 1351 2034 ad
1375 2006 1552 2039 nutritivam,
1575 2006 1623 2035 sed
1653 2006 1735 2035 etiam
1759 2010 1896 2043 quantum
1919 2007 1953 2036 ad
1976 2014 2089 2044 genera-

1234 2054 1337 2087 tivam,
1359 2057 1384 2081 et
1407 2053 1469 2081 ideo
1492 2053 1620 2090 leprosus
1647 2058 1762 2090 generat
1786 2054 1942 2091 leprosum,
1964 2055 2030 2092 qnia
2052 2054 2089 2083 ita

1235 2104 1387 2138 corruptus
1409 2105 1450 2129 est
1472 2101 1496 2128 in
1521 2109 1553 2129 eo
1575 2101 1678 2129 humor
1705 2102 1897 2138 generativus,
1928 2102 2020 2130 sicut⁶
2041 2110 2090 2130 nu-

1236 2149 1364 2181 tritivus;
1387 2151 1413 2176 et
1435 2148 1548 2184 quando
1571 2148 1654 2176 bomo
1676 2157 1691 2176 a
1714 2148 1791 2185 lepra
1812 2153 1941 2187 curatur,
1969 2153 2089 2186 uterque

1237 2196 1339 2223 humor
1361 2195 1445 2223 simul
1468 2195 1494 2222 in
1518 2195 1577 2231 ipso
1599 2200 1724 2224 sanatur.
1751 2196 1803 2224 Sed
1826 2196 1852 2224 in
1879 2196 2006 2233 originali
2030 2204 2090 2233 pec—

1236 2246 1296 2270 cato
1325 2246 1367 2270 est
1395 2242 1539 2279 corruptio
1558 2251 1703 2279 personae
1725 2247 1751 2271 et
1780 2248 1924 2277 vnaturae,
1947 2243 1984 2271 ita
2013 2243 2089 2281 quod

1237 2289 1304 2317 istae
1319 2289 1514 2325 corruptiones
1532 2293 1598 2317 sunt
1616 2290 1754 2319 diversae.
1769 2290 1917 2327 Corruptio
1939 2290 2012 2319 enim
2028 2299 2090 2327 per-

1235 2345 1324 2364 sonae
1353 2336 1466 2373 respicit
1495 2336 1612 2365 liberam
1635 2337 1824 2371 voluntate-im
1850 2338 1993 2375 corruptio
2023 2345 2089 2366 vero

1237 2388 1379 2417 natarat),
1402 2383 1558 2412 secundum
1581 2384 1655 2421 quod
1683 2384 1718 2413 ab
1740 2384 1787 2412 illa
1809 2388 1955 2419 causatur,
1977 2384 2090 2421 respicit

1237 2430 1426 2467 generativam
1452 2431 1593 2459 virtutem.
1621 2442 1633 2456 t<
1655 2431 1700 2460 Est
1721 2431 1795 2460 enim
1822 2435 1922 2460 natura
1944 2431 1986 2460 vis
2007 2431 2090 2460 insita

1238 2478 1336 2511 rebus,
1358 2485 1393 2506 ex
1416 2478 1556 2507 similibus
1578 2479 1680 2507 similia
1709 2487 1860 2516 procreans
1874 2479 1882 2492 ⁷
1899 2489 1928 2506 »1
1958 2482 1985 2507 et
2014 2478 2089 2512 ideo,

1237 2525 1366 2562 quamvis
1388 2533 1444 2553 una
1466 2525 1583 2554 istarum
1607 2526 1821 2563 corruptionum
1845 2534 1894 2562 per
1917 2525 2088 2562 baptismum

1237 2576 1365 2606 curetur,
1380 2581 1434 2601 non
1456 2577 1578 2610 oportet,
1594 2573 1669 2610 quod
1692 2577 1808 2601 curetur
1824 2573 1890 2604 alia:
1906 2577 1933 2601 et.
1954 2573 2019 2601 binc
2034 2576 2088 2607 est,

1237 2620 1312 2657 quod
1335 2620 1536 2649 mundificatus
1561 2628 1611 2657 per
1637 2621 1807 2658 baptismum
1830 2623 1945 2657 generat
1971 2620 2090 2648 immun-

1237 2667 1314 2696 dum.
1336 2668 1462 2704 Qualitas
1482 2668 1555 2696 enim
1579 2668 1666 2705 prolis
1688 2668 1796 2704 genitae
1812 2668 1876 2705 plus
1898 2668 2089 2697 conformatur

395 2798 400 2811 ¹
420 2797 463 2820 Cir.
483 2800 593 2827 anselm„
616 2800 629 2821 l.
648 2799 693 2822 Cur
717 2800 776 2822 bons
800 2802 880 2825 nomo.
899 2809 918 2824 c.
942 2802 967 2829 ὅ,
986 2802 1024 2824 ubi
1048 2809 1074 2824 cx
1097 2802 1179 2824 nodi-ni

333 2837 443 2863 principio
461 2838 509 2859 vult
521 2838 626 2865 probaro,
645 2840 707 2867 quod
726 2840 853 2867 retleuiptio
866 2842 965 2862 bominis
983 2847 1026 2863 non
1046 2843 1119 2869 potuit
1132 2841 1179 2863 ficri

334 2881 374 2901 prr
391 2875 456 2897 aliam
477 2883 545 2904 quum
564 2884 605 2904 per
623 2878 661 2899 boi
681 2885 810 2905 porsonam.

395 2913 404 2926 '²
422 2913 464 2935 t'lt'r.
484 2917 586 2943 august„
605 2917 625 2937 ll.
646 2917 673 2938 di·
692 2918 777 2939 Ριϊιπιι.
797 2920 869 2940 unu-ii.
892 2923 914 2941 et
931 2920 1019 2941 remiss.
1038 2923 1080 2941 cir.
1104 2926 1122 2941 c.
1142 2920 1178 2941 31.

335 2959 354 2974 n.
373 2952 409 2974 fii).
429 2960 469 2975 nce
488 2960 531 2975 non
550 2956 655 2982 Ansrliu„
675 2956 702 2977 dv
721 2957 832 2979 t'onvord.
847 2964 933 2985 praesc.
953 2959 990 2980 Lici
1004 2965 1057 2980 cuni
1077 2958 1113 2981 lib.
1130 2958 1178 2980 arb.

334 2998 356 3020 q.
374 2992 393 3013 3.
413 2999 431 3014 c.
451 2994 470 3014 U.

1300 2802 1309 2816 ³
1327 2801 1371 2824 Cl'r.
1390 2803 1495 2829 August.y
1514 2801 1555 2823 loc.
1574 2801 1609 2823 cit.
1629 2806 1647 2822 c.
1667 2800 1703 2822 27.
1722 2807 1743 2822 n.
1763 2799 1798 2822 43.
1817 2806 1881 2828 seqq.

1301 2841 1308 2855 ⁴
1328 2842 1349 2863 ln
1368 2841 1420 2863 odd.
1437 2842 1520 2868 legitur
1536 2840 1566 2863 ita
1583 2839 1681 2869 foetent,
1702 2839 1763 2862 sicut
1780 2839 1823 2862 ulc'i'
1840 2845 1886 2862 non
1905 2838 2023 2868 baptizati.

1301 2881 1310 2895 ἦ
1327 2881 1380 2903 Disi.
1403 2881 1420 2902 i,
1438 2887 1460 2908 p.
1480 2880 1493 2902 l.
1512 2887 1531 2901 al
1554 2881 1571 2902 1.
1590 2886 1612 2908 (1.
1632 2881 1651 2901 2.

1300 2919 1309 2933 ‘5
1327 2919 1382 2942 Coil.
1401 2926 1426 2941 vt·
1443 2924 1465 2942 ct
1482 2920 1518 2941 t‘d.
1542 2920 1545 2940 Ι
1568 2919 1677 2941 adiiciunt
1694 2920 1721 2941 el*

1300 2959 1309 2972 ⁷
1327 2958 1370 2981 Cl'r.
1390 2963 1443 2981 toni.
1463 2960 1477 2981 l.
1496 2965 1548 2986 pag.
1572 2958 1620 2985 134,
1639 2962 1690 2980 nota
1714 2959 1745 2979 ld.

2095 370 2207 389 Notandum.

2098 1077 2141 1096 Alia
2151 1077 2213 1096 soluti(
2228 1104 2229 1108 Ἰ
