2243 3425
0 1019 35 1044 iAd
47 1020 120 1044 opposi-

0 1046 1 1052 ¹
39 1046 83 1062 tum.

2 2194 127 2212 2undameuta.

771 180 852 208 DIST.
875 180 903 208 X.
928 181 998 209 ΛΒΤ.
1022 180 1049 208 ΙΙ.
1072 180 1207 217 ΩΗᾹΕΞΤ.
1232 181 1247 208 Ι.

859 305 1094 339 ARTICULUS
1120 306 1157 338 ΙΙ.

739 398 787 426 Ad
807 397 879 435 quid
900 398 968 426 boni
988 398 1093 435 A'izyeli
1112 399 1279 428 mittantur.

210 496 418 532 Consequenter
432 495 579 532 quaeritur
594 495 628 523 de
643 494 766 523 secundo
781 494 912 528 articulo,
932 495 980 523 sci-

131 542 195 571 licet
215 542 250 570 ad
266 542 332 579 quid
356 542 514 570 mittuntur.

212 590 241 618 Et
262 592 302 618 est
325 590 415 626 prima
439 589 578 626 quaestio,
601 591 698 616 utrum
720 588 867 616 mittantur
888 587 921 616 ad
939 596 980 616 ac-

1037 496 1213 524 cendendum
1236 500 1364 525 nostrum
1386 498 1526 527 affectum.

1116 543 1258 577 Secundo,
1281 546 1377 572 utrum
1394 545 1540 573 mittantur
1558 546 1593 574 ad
1616 546 1832 575 illuminandum
1850 547 1888 575 in-

1038 588 1189 617 tellectum.

906 685 1069 722 QUAEsrio
1091 686 1108 714 1.

556 772 661 800 Utrum
683 771 789 809 Anqelt'
808 771 966 800 mittantur
987 772 1028 800 (αἱ
1050 772 1300 810 iuslammcmdmn
1321 773 1466 812 affectum.

211 872 289 901 Circa
310 872 434 908 primum
449 871 488 899 sic
502 870 673 907 proceditur.
691 870 722 899 Et
737 870 812 907 quod
833 869 981 898 mittantur

132 919 168 948 ad
189 918 421 947 inflammandum
443 917 589 951 affectum,
612 917 733 946 videtur.

214 967 237 993 1.
260 965 391 1002 Angelus,
413 965 461 1002 qui
477 965 579 993 missus
594 967 635 992 est
650 964 686 992 ad
701 963 813 998 lsaiam,
829 963 901 992 sicut
915 963 982 992 dicit

132 1012 317 1050 Dionysius1,
345 1012 448 1040 dicitur
476 1019 537 1040 esse
564 1019 639 1040 unus
665 1011 700 1039 de
728 1010 890 1047 Seraphim,
916 1011 982 1047 quia

132 1061 235 1089 missus
257 1063 299 1089 est
319 1059 352 1088 ad
377 1058 583 1088 incendendum
606 1061 632 1087 et
661 1057 910 1091 inflammandum,
932 1057 981 1086 sed

132 1107 314 1136 inflammatio
336 1106 449 1143 respicit.
470 1106 616 1134 affectum:
640 1113 706 1142 ergo
728 1108 779 1133 etc.

210 1155 235 1182 ἓ.
258 1154 338 1188 Item,
360 1156 439 1182 actus
467 1152 708 1185 hierarchiarum,
737 1151 809 1180 sicut
838 1151 900 1179 vult
921 1151 982 1179 Dio-

131 1201 242 1238 nysius,
265 1201 299 1229 de
321 1200 448 1237 angelica
471 1198 669 1233 Hie1·archia²,
685 1203 751 1227 sunt
777 1198 981 1232 «illuminare,

130 1257 268 1286 purgare,
290 1248 426 1285 perficere
441 1258 453 1272 »
468 1257 473 1274 z
497 1255 563 1283 ergo
578 1247 600 1275 si
616 1246 745 1283 purgatio
761 1245 873 1283 respicit
895 1253 983 1274 remo-

131 1297 234 1324 tionem
250 1295 390 1329 sordium,
406 1297 432 1322 et
447 1294 600 1322 sordidatio
616 1293 728 1330 respicit
750 1293 880 1322 affectum
896 1300 981 1330 quan-

131 1347 191 1372 tum
213 1342 248 1370 ad
270 1340 510 1378 concupiscentiae
526 1340 639 1371 vitium2
661 1340 773 1368 videtur
792 1348 807 1368 e
829 1339 981 1373 contrario,

130 1389 205 1427 quod
227 1388 347 1426 Angelus
378 1388 505 1416 mittatur
527 1387 563 1416 ad
582 1387 816 1415 inflammandum
849 1387 981 1415 affectum

130 1445 180 1474 per
202 1443 327 1465 amorem
349 1438 477 1463 sanctum
498 1438 525 1463 et
546 1434 694 1463 mundum.

210 1483 235 1512 3.
258 1483 337 1515 Item,
354 1482 405 1510 hoc
422 1481 533 1509 videtur
549 1481 671 1509 racione.
687 1480 807 1509 Bonum.
824 1480 981 1509 secundum

131 1530 205 1568 quod
227 1530 345 1563 bonum.
368 1532 409 1557 est
431 1528 596 1557 diffusivum
612 1527 655 1556 sui
669 1528 692 1561 ³3
714 1527 763 1556 sed
778 1527 899 1564 Angelus
920 1527 982 1556 hea-

131 1580 177 1606 tus
199 1580 240 1605 est
268 1576 389 1613 perfecte
417 1575 523 1603 honus:
553 1582 619 1611 ergo
642 1577 731 1611 potest
760 1574 910 1602 bonitatem
933 1574 982 1603 dif-

131 1624 258 1653 fundere.
287 1623 339 1652 Sed
366 1623 470 1651 honum
501 1625 532 1650 ut
556 1622 661 1650 bonum
688 1622 802 1658 respicit
830 1622 979 1650 affectum:

132 1680 198 1709 ergo
220 1671 344 1704 videtur,
373 1670 448 1707 quod
470 1677 535 1698 cum
557 1669 673 1697 affectus
701 1671 796 1697 noster
824 1668 980 1697 secundum

133 1718 338 1755 susceptionem
360 1717 490 1745 bonitatis
509 1716 611 1744 habeat
632 1715 728 1752 perfici
751 1719 777 1744 et
798 1715 981 1749 inflammari,

132 1765 207 1803 quod
228 1765 263 1793 ad
285 1765 337 1793 hoc
360 1763 445 1801 possit
466 1767 493 1791 et
515 1762 615 1791 debeat
637 1762 756 1799 Angelus
778 1762 862 1796 mitti,
884 1765 915 1791 ut
936 1770 982 1790 no-

132 1815 221 1841 strum
244 1811 375 1840 affectum
398 1810 552 1838 inflammet
573 1813 600 1838 et
622 1809 755 1846 perficiat.

211 1859 238 1887 [ι.
260 1858 340 1891 Item,
355 1865 405 1886 nos
420 1857 548 1885 videmus
570 1857 597 1884 in
613 1856 803 1889 naturalibus,
822 1856 897 1893 quod
910 1855 981 1884 illud

132 1906 207 1944 quod
229 1909 271 1934 est
291 1904 509 1938 inflammatum,
532 1904 599 1932 dum
622 1903 701 1932 alteri
726 1903 764 1932 rei
788 1902 981 1931 inssammabili

132 1953 327 1991 approximat,
349 1952 438 1989 ipsam
455 1951 622 1979 inflammat:
646 1959 712 1987 ergo
727 1950 748 1979 si
765 1950 881 1979 affectus
902 1958 982 1987 ange-

133 2000 203 2029 licus
224 2002 266 2028 est
288 1999 350 2036 igne
365 1998 451 2027 divini
467 1998 570 2026 amoris
594 1997 783 2026 inflammatus
798 2000 825 2025 et
843 1997 980 2034 repletus,

132 2050 159 2076 et
180 2047 207 2075 in
230 2054 281 2075 sua
302 2046 432 2074 missione
454 2045 534 2073 nohis
562 2044 754 2082 approximat,
777 2052 843 2080 ergo
864 2044 982 2072 affectus

132 2097 242 2122 nostros
264 2092 427 2121 inflammat.

212 2140 259 2168 Ad
280 2139 444 2176 oppositmn
466 2138 595 2175 arguitur
616 2138 665 2166 ita:
692 2139 715 2165 1.
735 2137 894 2166 Secundum
917 2137 982 2166 affe-

133 2190 208 2216 ctum
225 2190 351 2215 nostrum
368 2186 510 2223 potissime
526 2185 650 2214 consistit
665 2185 773 2213 arbitrii
790 2184 916 2219 libertasg
932 2185 981 2213 sed

133 2234 202 2263 nihil
217 2234 270 2262 nisi
285 2234 362 2262 solus
378 2234 452 2262 Deus
467 2236 557 2270 potest
578 2240 663 2269 super
679 2232 799 2260 liberum
815 2232 981 2267 arbitrium,

133 2289 197 2310 cum
220 2281 255 2309 sit
277 2281 330 2309 sul]
352 2281 408 2309 Deo
430 2280 654 2317 potentissimum
668 2279 692 2307 ⁴:

133 2330 210 2362 tura,
232 2332 492 2365 quantumcumque
514 2327 614 2356 nobilis
635 2330 662 2356 et
676 2327 811 2364 perfecta,
834 2330 923 2363 potest
946 2327 982 2354 in-

133 2375 279 2403 flammare
301 2375 345 2403 vel
367 2374 502 2412 perficere
524 2374 654 2403 affectum
677 2377 812 2402 nostrum.

213 2423 239 2450 ⁹2.
262 2422 344 2455 Item,
370 2422 525 2450 secundum
548 2421 677 2449 affectum
708 2424 836 2448 nostrum
857 2420 981 2449 maxime

720 2287 787 2316 ergo
809 2279 887 2307 nulla
908 2287 983 2308 crea·
1009 2276 1011 2298 ἴ

1039 870 1163 899 consistit
1185 871 1290 900 iustitia
1321 876 1348 901 et
1372 873 1499 909 aequitas
1521 891 1559 894 —
1586 885 1598 899 «
1618 874 1723 903 iustitia
1744 876 1817 904 enim
1847 880 1889 905 est

1040 918 1177 946 rectitudo
1206 919 1357 948 voluntatis
1385 923 1501 957 propter
1530 929 1559 949 se
1582 925 1690 950 servata
1710 934 1742 956 n„
1771 927 1802 951 ut
1823 924 1889 953 dicit

1039 965 1204 994 Anselmus⁵
1218 983 1256 986 —
1271 967 1319 995 sed
1341 967 1428 996 solius
1450 975 1577 997 summae
1592 969 1712 998 iustitiae
1732 973 1773 998 est
1795 971 1890 999 volun-

1040 1015 1123 1041 tatem
1146 1016 1270 1041 nostram
1293 1013 1462 1043 rectificare:
1486 1022 1553 1051 ergo
1574 1015 1635 1044 eius
1657 1016 1743 1045 solius
1765 1020 1806 1045 est
1827 1018 1890 1046 affe-

1039 1062 1115 1088 ctum
1138 1060 1321 1090 inflammare.

1119 1106 1144 1134 3.
1167 1107 1247 1141 ltem,
1270 1108 1426 1137 secundum
1441 1112 1546 1137 rectam
1564 1109 1811 1139 inflammationem
1827 1111 1892 1140 affe-

1040 1156 1101 1182 ctus
1123 1154 1247 1183 consistit
1268 1155 1381 1184 caritas:
1405 1164 1471 1193 ergo
1493 1157 1515 1185 si
1531 1157 1632 1185 caritas
1655 1158 1698 1186 vel
1714 1162 1755 1187 est
1770 1159 1890 1196 Spiritus

1040 1204 1165 1230 sanctus.
1195 1202 1238 1230 vel
1260 1202 1421 1231 immediate
1450 1211 1466 1231 a.
1494 1203 1599 1240 Spiritu
1625 1205 1755 1239 sanct0⁶,
1784 1205 1890 1234 inflam·

1040 1248 1125 1276 matio
1146 1248 1261 1277 affectus
1278 1249 1363 1278 nostri
1387 1258 1441 1278 non
1456 1253 1546 1287 potest
1568 1259 1628 1280 esse
1650 1251 1685 1279 ab
1707 1252 1801 1289 aliquo
1826 1253 1888 1282 alio.

1119 1295 1146 1323 ίι.
1168 1295 1251 1329 Item,
1273 1296 1430 1324 secundum
1456 1297 1585 1326 affectum
1609 1301 1736 1327 nostrum
1766 1300 1890 1329 maxime

1040 1341 1165 1370 consistit
1185 1342 1294 1370 animae
1316 1347 1428 1372 nostrae
1450 1343 1653 1373 deiformitas⁷:
1676 1346 1699 1374 si
1715 1353 1781 1383 ergo
1803 1347 1890 1376 solius

1040 1388 1088 1417 Dei
1104 1393 1145 1417 est
1167 1389 1332 1418 deiformem
1347 1389 1470 1424 efficere,
1487 1391 1573 1419 solius
1595 1391 1642 1420 Dei
1659 1396 1700 1421 est
1715 1392 1741 1420 in
1758 1393 1888 1422 affectum

1040 1440 1168 1464 nostrum
1191 1436 1324 1465 influere:
1340 1445 1407 1474 ergo
1430 1437 1499 1466 illud
1515 1446 1569 1466 non
1592 1442 1697 1475 spectat
1712 1440 1747 1468 ad
1771 1440 1891 1469 ministe-

1040 1483 1115 1511 rium
1138 1483 1314 1519 Angelorum.

1357 1570 1571 1591 CONCLUSIO.

1040 1639 1146 1676 Aizyclt'
1174 1639 1241 1667 boni
1268 1638 1405 1677 affl'ctmtz
1437 1645 1573 1669 ‘nostrum
1595 1641 1801 1678 iuflctmznzcmt,
1831 1652 1890 1672 ‘nou

1116 1686 1325 1723 principaliter
1346 1687 1503 1725 efficiendo,
1518 1689 1569 1717 scd
1584 1689 1738 1718 excitando
1760 1694 1785 1718 el
1806 1691 1890 1719 cadita-

1120 1734 1222 1761 mondo.

1119 1812 1293 1841 Respoxnsso:
1315 1812 1353 1841 As]
1377 1813 1585 1850 praedictorum
1609 1814 1819 1852 intelligentiam
1846 1824 1891 1845 no-
1904 1827 2011 1846 nisenam.

1039 1859 1157 1887 tandum
1192 1862 1255 1889 est.
1288 1860 1364 1897 quod
1396 1860 1527 1889 affectum
1558 1864 1686 1890 nostrum
1722 1862 1890 1892 inflammari

1039 1906 1074 1934 al]
1095 1906 1189 1943 aliquo
1212 1906 1362 1943 dupliciter
1391 1910 1482 1943 potest
1512 1908 1640 1945 intelligi:
1671 1912 1719 1937 aut
1741 1910 1793 1944 ita,
1816 1911 1889 1947 quod

1040 1952 1230 1981 inflammetur
1253 1953 1287 1981 al)
1308 1953 1402 1990 aliquo
1425 1953 1498 1982 sicut
1518 1962 1534 1982 a
1554 1955 1719 1992 principali
1739 1961 1840 1993 apeme
1865 1960 1892 1985 et

1040 1998 1189 2037 efficiente,
1212 2003 1260 2027 aut
1286 2000 1358 2028 sicut
1379 2000 1414 2028 ab
1444 2001 1587 2029 eoeeitmzte
1608 2005 1634 2030 et
1663 2003 1830 2031 [alimanie.
1862 2004 1892 2032 Et

1040 2047 1196 2075 secundum
1220 2047 1303 2075 istum
1327 2047 1468 2084 duplicem
1499 2049 1613 2077 modum
1642 2049 1812 2086 intelligendi
1843 2051 1892 2079 du-

1040 2093 1148 2130 pliciter
1170 2093 1372 2122 inlellexerunt
1387 2094 1473 2131 aliqui
1496 2095 1625 2124 affectum
1642 2099 1769 2124 nostrum
1793 2097 1828 2125 al)
1843 2098 1892 2126 An-

1040 2141 1108 2177 gelis
1138 2141 1305 2169 inflammari
1332 2145 1358 2169 et
1381 2141 1493 2178 perfici:
1526 2143 1575 2171 sed
1597 2143 1705 2179 primus
1734 2144 1890 2173 intellectus

1040 2190 1081 2216 est
1103 2188 1276 2221 haereticus,
1299 2188 1441 2217 secundus
1463 2197 1530 2217 vero
1552 2190 1713 2218 catholicus.

1120 2234 1242 2262 Primum
1266 2234 1437 2263 intellectum
1468 2235 1627 2264 hahuerunt
1655 2236 1739 2273 aliqui
1771 2237 1889 2273 philoso-
1908 2248 2033 2275 omniom-

1040 2281 1160 2318 phorum
1172 2281 1189 2308 S.
1212 2281 1368 2309 Posuerunt
1383 2281 1472 2316 enim,
1495 2282 1569 2318 quod
1584 2282 1677 2310 anima
1699 2287 1771 2311 esset
1788 2275 1967 2312 instr11-¹‘³¹¹⁶³'

1040 2330 1164 2356 mentum
1181 2327 1385 2364 intellzyentz‘ae
1407 2331 1434 2356 et
1452 2329 1525 2365 quod
1542 2328 1731 2366 intelligentia
1759 2329 1890 2358 influeret

1040 2382 1126 2411 super
1148 2375 1287 2405 animam,
1309 2374 1381 2402 sicut
1402 2374 1494 2403 influit
1509 2383 1593 2411 agens
1615 2383 1700 2412 super
1723 2375 1891 2405 instrumen-

1039 2425 1114 2449 tum:
1147 2421 1222 2449 unde
1244 2421 1393 2455 dixerunt,
1422 2422 1496 2458 quod
1524 2422 1617 2450 anima
1646 2422 1783 2459 triplicem
1807 2423 1892 2452 habet

198 2553 204 2567 ¹
224 2553 255 2575 De
267 2553 360 2575 Caelcst.
375 2553 489 2574 [timoren.
501 2558 519 2574 c.
535 2552 567 2574 13.
577 2552 590 2580 ζ’,
601 2553 621 2574 2.
632 2552 677 2574 Csr.
690 2559 758 2580 supra
770 2559 823 2581 pag.
837 2553 889 2580 26⁴2,
900 2555 951 2575 nota
962 2553 983 2575 5.

197 2592 206 2606 ἵ
223 2592 278 2620 Cap.
297 2592 318 2614 3.
335 2592 349 2620 ’,3
367 2593 387 2613 Ξ.
406 2591 450 2614 Csr.
468 2591 524 2614 infra
544 2598 565 2620 q.
584 2592 605 2613 2.
623 2592 644 2613 in
664 2591 714 2614 sino.

197 2631 206 2646 ³
224 2631 269 2653 Csr.
288 2631 387 2659 Dionys,
407 2631 434 2653 dc
452 2630 546 2653 Coclest.
564 2631 681 2653 ilici-arch.
699 2637 718 2653 c.
739 2631 759 2653 4.
777 2631 790 2659 3
813 2632 828 2652 l⁴
848 2634 869 2653 et
887 2631 915 2653 de
933 2631 982 2653 Div.

135 2670 199 2692 Nom.
218 2676 237 2691 c.
257 2669 277 2691 4.
295 2669 308 2697 ζ,
331 2670 347 2691 1.
366 2676 413 2698 seq.
431 2681 462 2685 —
480 2669 547 2697 Quod
565 2669 652 2691 bonurn
671 2670 779 2697 respiciat
796 2669 911 2696 affectum,
929 2668 984 2690 ’cide

136 2713 190 2732 tom.
208 2710 222 2731 1.
242 2716 294 2737 pag.
315 2710 372 2736 800,
391 2712 441 2731 nota
461 2710 481 2730 3.

198 2747 207 2762 ⁴¹
227 2748 359 2770 Secundum
379 2748 529 2770 Bernardum.
548 2746 592 2769 (isr.
610 2753 680 2775 supra
699 2753 752 2775 pag.
774 2747 825 2774 115,
845 2749 895 2768 nota
914 2747 935 2768 6.
952 2758 984 2763 —

137 2787 215 2809 Plures
232 2787 300 2809 codd.
318 2793 371 2809 cum
389 2786 442 2808 edd.
465 2787 485 2813 l7
504 2787 530 2813 ⁶3,
549 2786 561 2807 3
579 2786 735 2815 potissimum.

199 2826 208 2840 5
227 2826 314 2853 Dialog.
333 2825 361 2846 sle
381 2825 495 2852 Veritatc,
513 2830 532 2847 c.
554 2825 587 2846 12.

200 2864 209 2878 6
226 2864 270 2887 cfr.
290 2864 302 2886 Ι,
322 2865 382 2886 Sem.
401 2863 423 2885 d.
445 2863 477 2885 17.
498 2869 519 2890 p.
538 2863 551 2885 l.
570 2870 592 2891 q.
615 2864 631 2885 l.
650 2866 671 2885 et
688 2863 745 2885 infra
764 2863 785 2885 d.
799 2863 835 2885 26.
849 2869 868 2885 a.
886 2863 903 2884 1.
922 2869 943 2892 q.
962 2863 983 2885 2.

136 2916 167 2920 —
184 2904 231 2925 Non
251 2904 317 2931 pauci
344 2902 411 2925 corld.
438 2903 544 2924 omittunt
562 2908 576 2924 a
594 2902 684 2931 Spiritu
703 2903 792 2929 sancto,
812 2906 834 2924 et.
857 2902 908 2924 dein
931 2902 984 2924 sul)-

137 2944 232 2965 stituunt
249 2943 323 2972 potas!
341 2948 382 2969 pro
401 2947 448 2964 nou
464 2942 553 2970 potest;
572 2947 703 2969 perperam.

200 2982 208 2996 7
229 2981 285 3003 Vide
303 2982 359 3003 ini'ra
379 2981 400 3003 d.
423 2981 455 3002 16.
474 2987 493 3002 a.
512 2981 532 3002 2.
551 2987 572 3009 q.
592 2981 612 3002 3.

1103 2552 1113 2567 Β
1132 2553 1267 2575 Praesertim
1285 2553 1452 2582 Ncoplatonici,
1472 2555 1529 2576 inter
1542 2561 1600 2583 quos
1612 2556 1697 2578 eminet
1711 2556 1810 2578 Procius.
1824 2556 1890 2584 Quod

1041 2591 1134 2614 Procius
1152 2592 1256 2614 diffusius
1274 2592 1340 2614 (locet
1359 2592 1478 2620 (Element.
1492 2593 1559 2615 thcol.
1572 2597 1594 2616 et
1606 2595 1672 2621 phys.
1686 2600 1753 2622 prop.
1766 2596 1829 2624 201.)
1842 2595 1891 2617 brc-

1042 2632 1094 2653 vius
1106 2632 1127 2652 in
1141 2631 1198 2653 libro
1211 2631 1239 2653 dc
1251 2631 1338 2659 Cnusts,
1352 2638 1418 2659 prop.
1432 2632 1453 2654 3.
1466 2633 1498 2654 sic
1510 2632 1641 2656 exhibetur:
1655 2633 1734 2656 Omnis
1744 2635 1819 2656 anima
1829 2634 1891 2657 nohi-

1041 2669 1067 2691 lis
1080 2672 1125 2691 tres
1138 2669 1205 2691 hahet
1217 2671 1369 2697 (potationes.
1383 2670 1438 2692 Nam
1452 2677 1479 2692 cx
1491 2671 1663 2698 operationibus
1675 2673 1724 2694 eius
1737 2676 1771 2694 est
1788 2674 1890 2700 operatio

1041 2707 1153 2730 animalis
1170 2711 1192 2730 ct
1209 2710 1311 2736 operatio
1329 2708 1481 2739 intelligibilis
1506 2713 1528 2732 et
1553 2712 1655 2738 operatio
1673 2710 1760 2734 clivum.
1784 2712 1890 2740 Operatio

1041 2750 1117 2769 autom
1143 2746 1223 2770 (lirina
1246 2750 1294 2775 cst,
1312 2749 1421 2777 quoniam
1439 2750 1488 2777 ipsa
1507 2754 1629 2777 praeparat
1648 2754 1752 2773 naturam
1776 2758 1829 2773 cum
1847 2753 1891 2774 vir-

1041 2788 1099 2813 tuto,
1118 2792 1176 2814 quac
1193 2790 1227 2808 est
1244 2787 1264 2808 in
1281 2788 1331 2813 ipsa
1349 2794 1359 2809 a
1379 2794 1446 2809 causa
1470 2789 1556 2817 prima;
1575 2789 1624 2811 eius
1642 2792 1717 2811 autem
1736 2791 1839 2817 operatio
1856 2791 1892 2813 in-

1041 2824 1167 2854 telliyt'bzlis
1179 2828 1219 2851 est,
1233 2826 1341 2853 quoniam
1361 2826 1409 2853 ipsa
1427 2827 1469 2848 scit
1481 2833 1517 2848 res
1534 2833 1576 2854 per
1594 2828 1703 2850 virtutem
1721 2828 1890 2857 intelligentiae,

1041 2869 1100 2891 quae
1118 2866 1151 2885 cst
1169 2864 1190 2885 in
1209 2864 1268 2891 ipsa;
1292 2865 1394 2892 operatio
1412 2867 1489 2887 autern
1507 2866 1556 2888 cius
1577 2865 1690 2888 animalis
1713 2869 1758 2893 est,
1782 2867 1892 2895 quoniam

1042 2902 1091 2929 ipsa
1110 2905 1188 2924 movet
1205 2904 1306 2930 primum
1324 2909 1410 2931 corpus
1428 2907 1449 2926 et
1467 2905 1543 2927 onmia
1565 2911 1662 2933 corpora
1688 2907 1811 2934 naturaliu3
1838 2913 1893 2935 quo-

1042 2942 1103 2963 niam
1130 2943 1177 2969 ipsa
1207 2946 1240 2964 cst
1264 2948 1331 2965 causa
1359 2946 1435 2965 motus
1461 2949 1585 2972 corporum
1612 2947 1634 2966 et
1658 2951 1727 2968 causa
1753 2947 1893 2973 operationis

1043 2984 1136 3003 naturae
1154 2984 1196 3003 cte.
1215 2980 1258 3003 Csr,
1277 2982 1344 3003 etiam
1363 2988 1430 3010 prop.
1449 2983 1470 3004 9.
