2243 3425
332 178 389 206 862

333 255 404 285 actio
433 256 486 288 est,
514 253 586 281 sicut
614 250 758 287 prohibuit
786 248 859 277 Adae
887 256 942 276 non
971 246 1118 276 comedere
1147 245 1182 274 de

333 309 415 339 pomo
429 301 452 328 ¹:
475 307 542 336 ergo
565 298 690 331 videtur,
711 296 786 333 quod
810 295 857 323 illa
878 294 1010 323 comestio
1032 293 1106 322 Adae
1127 300 1181 321 non

332 348 417 378 fuerit
437 355 453 375 a
475 347 539 374 Deo.
562 344 642 381 Quod
667 346 762 372 autem
785 342 830 370 illa
860 341 931 370 actio
961 340 1099 378 prohibita
1127 340 1184 368 fue-

333 396 381 429 rit,
403 393 559 423 secundum
582 391 657 429 quod
683 392 767 424 actio,
789 392 922 426 apparet,
944 388 1010 425 quia
1035 387 1183 416 comedere

333 442 367 471 de
389 449 471 478 pomo
494 440 541 468 illo
563 439 597 467 de
617 446 646 466 se
668 440 729 466 erat
744 436 862 470 bonum,
884 438 912 464 et
933 434 1011 463 nulla
1026 436 1086 463 erat
1108 434 1134 462 iu
1150 440 1183 462 eo

333 488 511 520 deformitas,
533 486 585 514 nisi
607 489 755 522 postquam
777 483 829 512 fuit
851 481 1034 519 prohibitum.

412 536 438 563 ⁹2.
462 534 544 565 Item,
566 532 656 560 omnIs
678 531 764 563 actio,
787 537 859 567 quae
888 532 929 558 est
951 537 967 557 a
996 529 1068 557 bona
1090 527 1184 556 volun-

333 585 401 616 tate,
423 584 455 610 ut
476 584 517 609 est
546 586 665 616 operans
687 586 736 615 per
758 577 917 611 caritatem,
945 579 987 605 est
1008 576 1081 604 bona
1109 575 1185 603 boni-

334 632 389 658 tate
417 628 539 665 perfecta
567 627 595 654 in
617 633 719 662 genere
748 624 834 652 morIs
850 623 877 657 ἢ
903 623 952 652 sed
980 622 1071 651 omnis
1099 622 1184 656 actio,

334 683 406 713 quae
427 674 572 711 egreditur
593 681 609 701 a
624 673 693 706 Deo,
715 671 860 708 egreditur
875 678 892 699 a
912 670 1055 699 voluntate
1070 669 1184 706 optima,

334 723 362 751 in
383 730 439 759 qua
460 725 502 750 est
523 728 634 749 summa
656 719 772 748 caritas:
796 726 863 755 ergo
884 717 975 746 omnis
998 717 1082 750 actio,
1104 716 1186 745 cuius

334 770 409 798 Deus
431 768 600 805 princip'mm
623 769 680 800 est,
702 768 744 794 est
769 765 842 794 bona
864 764 986 793 bonitate
1013 763 1108 791 moris.
1132 763 1185 792 Sed

335 816 406 845 actio
428 815 570 844 substrata
585 817 697 851 peccato
720 820 773 841 non
789 815 831 841 est
853 811 926 840 bona
940 811 1064 839 bonitate
1085 810 1184 839 moris:

335 871 402 901 ergo
423 871 478 891 non
500 865 542 891 est
562 870 578 890 a
599 861 663 889 Deo.

416 910 441 939 3.
463 910 546 943 item,
575 908 668 937 onmia
690 914 885 945 quaecumque
914 906 988 934 Deus
1013 905 1093 937 facit,
1122 904 1187 933 facit

336 958 408 987 bono
423 957 478 986 fine
492 973 530 977 —
544 956 685 984 universa
700 954 774 982 enim
792 956 933 990 operatur
946 956 1066 989 propter
1081 960 1110 980 sc
1126 951 1135 964 ³
1148 968 1186 971 —

336 1013 418 1034 omne
439 1007 549 1038 autem,
571 1002 645 1040 quod
661 1002 692 1030 fit
713 1001 786 1030 bono
801 1000 868 1035 fine,
895 999 1058 1037 simpliciter
1081 999 1186 1027 bonum

336 1055 396 1086 θεῖς
417 1051 488 1080 actio
516 1053 610 1078 autem
632 1049 775 1078 substrata
802 1050 916 1084 peccato
938 1055 992 1075 nou
1021 1049 1063 1075 est
1085 1045 1188 1083 simpli-

337 1099 405 1128 citer
428 1098 514 1126 bona:
538 1104 605 1133 ergo
627 1104 681 1124 non
702 1098 793 1132 potest
814 1101 875 1123 esse
896 1102 913 1122 a
934 1093 991 1122 Deo
1017 1096 1149 1130 tanquam
1172 1101 1188 1121 a

338 1154 430 1175 causa.

416 1193 442 1221 [ι.
466 1192 545 1226 Item,
560 1190 796 1228 quandocumque
811 1196 931 1226 operans
954 1188 1133 1217 continuatur
1149 1195 1188 1215 re-

337 1239 440 1277 gulae4
464 1239 491 1267 in
520 1237 674 1275 operando,
704 1239 777 1265 recte
806 1239 940 1273 operatur
968 1238 995 1263 et
1024 1234 1110 1263 bene:
1139 1234 1188 1263 sed

337 1287 435 1324 regula
457 1286 535 1314 liberi
558 1284 666 1313 arbitrii
683 1287 724 1312 est
742 1284 803 1320 ipsa
819 1282 958 1311 rectitudo
981 1281 1133 1310 voluntatiS
1151 1281 1190 1310 di-

337 1335 429 1363 vinae:
453 1342 519 1370 ergo
534 1333 561 1361 in
584 1332 659 1361 omni
678 1330 854 1368 operatione,
877 1329 903 1358 in
926 1337 982 1367 qua
997 1329 1072 1358 Deus
1094 1336 1190 1366 coope-

337 1385 417 1410 ratur
439 1381 527 1409 libero
549 1379 681 1413 arbitrio,
708 1386 773 1407 cum
794 1377 825 1406 fit
854 1376 1025 1406 continuatio
1047 1376 1189 1412 operantis

338 1429 373 1457 ad
396 1427 536 1465 regulam,
555 1429 596 1455 est
618 1425 765 1455 rectitudo.
781 1424 807 1453 Si
830 1424 916 1461 igitur
935 1423 962 1451 in
978 1423 1072 1460 aliqua
1094 1430 1189 1460 opera-

338 1476 411 1505 tione
432 1483 482 1512 per
498 1478 587 1503 totum
610 1476 651 1502 est
665 1472 832 1510 obliquatio,
854 1471 980 1505 videtur,
996 1470 1071 1508 quod
1094 1478 1190 1507 coope—

338 1523 409 1552 ratio
431 1523 492 1551 eius
513 1530 567 1550 non
590 1521 625 1549 sit
646 1529 662 1548 a
684 1520 749 1548 Deo.

419 1571 444 1598 5.
467 1570 548 1603 Item,
567 1568 588 1597 si
612 1567 750 1604 operatio,
769 1574 841 1604 quae
856 1568 898 1594 θεῖ
920 1565 1046 1594 subiecta
1067 1567 1189 1602 peccato,

339 1620 380 1646 est
402 1625 418 1645 a
439 1617 496 1645 Deo
518 1619 544 1644 et
565 1624 581 1643 a
603 1614 692 1643 libero
720 1613 852 1647 arbitrio,
875 1615 923 1641 aut
946 1615 1004 1640 tota
1026 1615 1068 1640 est
1095 1620 1112 1639 a
1134 1611 1190 1640 Deo

339 1667 367 1693 et
389 1667 447 1692 τοτα
468 1672 484 1691 a
506 1663 595 1691 libero
616 1661 746 1695 arbitrio,
768 1663 817 1689 aut
843 1668 918 1697 pars
946 1667 962 1687 a
983 1659 1039 1687 Deo
1068 1662 1095 1688 et
1114 1667 1190 1696 pars

340 1720 355 1740 a
378 1711 465 1739 libero
487 1709 612 1738 arbitrio.
635 1708 662 1736 Si
685 1711 744 1736 tota
765 1715 781 1735 a
803 1707 859 1735 Deo
878 1709 905 1735 et
927 1710 985 1734 tota
1007 1714 1023 1734 a
1045 1705 1134 1734 libero
1149 1713 1190 1734 ar-

341 1758 438 1787 bitrio:
460 1765 527 1794 ergo
549 1756 674 1789 videtur,
697 1754 772 1792 quod
796 1756 850 1782 tota
873 1753 908 1782 sit
929 1753 1014 1782 simul
1028 1756 1054 1782 et
1077 1753 1149 1781 bona
1164 1756 1191 1782 et

341 1805 430 1839 mala,
452 1804 528 1841 quod
552 1806 594 1832 θεῖ
615 1802 728 1831 omnino
750 1801 931 1838 impossibile.
954 1801 980 1829 Si
1000 1809 1075 1837 pars
1096 1809 1108 1828 a
1134 1800 1191 1829 Deo

340 1856 368 1882 et
385 1860 461 1890 pars
482 1860 498 1879 a
527 1851 615 1879 libero
637 1849 770 1882 arbitrio;
792 1848 841 1877 sed
863 1856 919 1885 qua
948 1848 1054 1876 ratione
1078 1847 1191 1884 ponitur

341 1908 397 1929 una
418 1907 484 1937 pars
506 1906 565 1927 esse
587 1906 601 1925 a
625 1896 713 1925 libero
739 1895 871 1929 arbitrio,
893 1895 990 1923 eadem
1018 1894 1125 1923 ratione
1147 1903 1192 1932 po-

343 1951 394 1976 test
415 1946 479 1984 poni
502 1948 529 1974 et
550 1945 652 1973 altera:
675 1947 701 1972 et
723 1943 761 1972 sic
780 1943 905 1977 videtur,
927 1942 1001 1979 quod
1020 1945 1075 1970 tota
1097 1950 1192 1979 opera-

341 1994 378 2023 tio
400 1994 437 2022 ita
459 1993 492 2022 sit
515 2001 530 2021 a
553 1992 640 2020 libero
662 1991 792 2023 arbitrio,
814 1990 889 2027 quod
912 1998 967 2017 non
989 1989 1023 2018 sit
1045 1997 1060 2017 a
1082 1989 1146 2017 Deo.

422 2042 447 2069 6.
469 2040 549 2073 Item,
572 2039 593 2068 si
615 2039 690 2067 Deus
716 2040 883 2074 cooperatur
909 2036 997 2065 libero
1019 2036 1135 2065 arbitri0
1165 2037 1191 2064 in

342 2088 462 2122 actione,
484 2094 555 2124 quae
578 2089 619 2115 θεῖ
641 2085 782 2114 substrata
801 2087 927 2121 peccat03
949 2087 998 2112 aut
1020 2083 1104 2120 igitur
1128 2083 1193 2112 libe-

342 2144 405 2165 rum
428 2134 577 2163 arbitrium
600 2136 694 2161 movet
713 2130 914 2169 principalius
936 2138 1020 2168 quam
1039 2130 1122 2163 Deus,
1144 2133 1193 2159 aut

342 2191 357 2212 e
372 2190 515 2212 converso.
532 2181 655 2215 Constat,
671 2179 747 2217 quod
770 2179 889 2207 liberum
906 2177 1056 2206 arbitrium
1072 2177 1099 2205 in
1115 2177 1193 2205 nulla

342 2229 503 2267 operatione
526 2235 615 2265 neque
633 2225 836 2264 principalius
857 2232 949 2262 neque
971 2233 1061 2262 (teque
1079 2224 1193 2261 priuci-

340 2276 448 2314 pctlz'tc'r
463 2278 554 2313 potest
576 2281 702 2308 movere,
725 2273 796 2301 sicut
811 2273 899 2305 Deus.
915 2279 979 2301 cum
995 2271 1070 2300 Deus
1093 2274 1149 2299 tam
1165 2271 1192 2299 in

344 2323 481 2352 movendo
502 2330 587 2360 quam
616 2322 643 2349 in
666 2320 823 2355 causando,
852 2320 1057 2356 cuiuscumque
1083 2319 1193 2347 dicatur

344 2379 404 2400 esse
426 2370 483 2399 sive
505 2377 590 2398 causa
611 2369 670 2397 sive
691 2370 797 2402 motor,
819 2366 1073 2404 principalissimus
1096 2365 1193 2394 intelli-

344 2422 433 2456 gatur.
456 2418 482 2446 Si
496 2417 505 2430 ⁵
527 2425 594 2454 ergo
616 2416 690 2445 Deus
712 2418 805 2443 movet
829 2413 1044 2452 principalius,
1074 2421 1140 2450 ergo
1170 2413 1191 2441 si

1014 167 1267 198 SENTENTIARUM
1289 166 1349 195 LIB.
1372 166 1400 194 II.

1240 248 1330 273 motor
1359 244 1521 281 prinpralis
1552 243 1656 272 excitat
1684 246 1711 271 et
1744 245 1836 271 movet
1868 245 2004 270 motorem
2034 250 2088 270 non

1240 291 1439 329 principalem;
1462 291 1590 324 videtur,
1612 290 1687 327 quod
1716 290 1743 318 iu
1766 289 1926 326 operatione
1955 288 2088 326 culpabili

1240 339 1361 367 liberum
1383 339 1532 367 arbitrium
1554 337 1694 366 excitetur
1712 345 1728 365 a
1750 336 1817 365 Deo:
1841 344 1907 373 ergo
1926 344 1990 365 cum
2013 335 2090 364 adul-

1241 390 1283 415 ter
1305 386 1482 420 luxuriatur,
1504 389 1532 414 et
1553 385 1624 413 latro
1646 384 1770 418 furatur,
1791 383 1826 412 ad
1847 383 1915 412 tales
1936 383 2058 412 actiones
2073 392 2090 412 a

1241 433 1297 462 Deo
1319 433 1495 467 excitantur,
1517 432 1593 470 quod
1614 431 1727 460 omnino
1749 434 1791 459 est
1812 430 1978 459 absurdum.

1556 532 1770 554 CONCLUSIO.

1277 621 1378 650 Omnis
1400 621 1488 654 ctctt'o,
1510 620 1570 648 sive
1592 619 1745 648 substrata
1766 622 1884 656 peccato
1906 618 1966 646 sive
1984 626 2057 651 uon,

1414 671 1558 706 quatenus
1579 671 1621 696 est
1641 667 1729 700 ctctz'o,
1752 670 1791 695 est
1813 675 1832 694 ct
1854 666 1920 694 Deo.

1323 763 1497 791 RESPONnsso:
1521 760 1688 795 Dicendum,
1711 761 1799 797 quod,
1822 760 1894 789 sicut
1910 759 2039 796 Magister
2055 759 2093 787 di·
2108 763 2219 805 Pragggfau·÷
2238 770 2240 782 ‹

1244 810 1280 839 cit
1302 810 1327 838 in
1350 810 1442 838 littera
1459 809 1481 843 ⁸,
1504 809 1577 837 circa
1598 808 1679 836 istam
1702 808 1893 844 quaestionem
1919 807 2035 835 fuerunt
2056 806 2094 834 di-

1244 865 1341 886 versae
1363 856 1513 894 positi0nes
1538 856 1608 884 adeo
1630 862 1796 892 magnorum
1824 855 1949 882 virorum
1972 856 1999 882 θῖ
2024 853 2094 882 adeo

1244 904 1435 938 rationabiles,
1458 907 1490 932 ut
1510 911 1561 932 nec
1589 903 1718 940 Magister
1740 910 1827 930 ausus
1854 901 1938 930 fuerit
1960 900 2093 935 definire,

1244 960 1316 989 quae
1344 959 1443 980 earum
1472 950 1561 987 magis
1593 949 1731 979 contineat
1763 949 1918 978 veritatem.
1949 949 2092 989 Attamen,

1244 1000 1310 1037 quia
1335 1006 1385 1036 per
1407 997 1525 1026 multam
1555 996 1756 1026 discussionem
1780 995 1866 1025 dubia
1894 995 2038 1024 ducuntur
2059 994 2095 1023 ad

1246 1045 1516 1079 manifestationem,
1545 1052 1619 1073 nunc
1648 1043 1834 1073 communiter
1863 1046 1989 1076 tenetur,
2019 1041 2094 1079 quod

1245 1093 1293 1121 illa
1314 1092 1407 1130 opinio
1429 1091 1521 1121 verior
1544 1091 1590 1126 sit,
1612 1099 1684 1128 quae
1707 1090 1785 1125 dicit,
1808 1090 1883 1127 quod
1899 1089 1989 1118 omnis
2011 1089 2094 1124 actio,
2108 1092 2240 1111 Couelusiow

1245 1141 1303 1170 sive
1325 1140 1468 1169 substrata
1490 1142 1602 1176 peccato
1624 1139 1682 1167 sive
1704 1146 1772 1172 non,
1795 1137 1951 1166 secundum
1974 1137 2001 1165 id
2020 1136 2095 1174 quod

1245 1192 1287 1217 θεῖ
1302 1187 1388 1220 stc-tio,
1401 1190 1443 1215 est
1458 1195 1474 1214 a
1486 1185 1659 1215 Deo—Nec
1677 1185 1828 1219 immerito,
1844 1184 1909 1221 qui-a
1928 1183 2003 1212 istud
2018 1191 2097 1220 opor-

1246 1238 1284 1263 tet
1306 1242 1422 1272 ponere,
1445 1233 1467 1262 si
1488 1236 1620 1270 pensetur
1642 1232 1799 1261 cotinentict
1815 1231 1932 1260 clz'ot'ucte
1950 1230 2095 1268 potentiae

1246 1286 1272 1311 et
1294 1281 1457 1319 indigentia
1476 1280 1621 1318 potentiae
1643 1284 1807 1308 creaturae.

1326 1329 1396 1365 Quia
1424 1328 1499 1357 enim
1528 1327 1602 1356 Deus
1634 1331 1675 1356 est
1704 1334 1789 1355 causa
1817 1325 2192 1363 prIniordIaIissinia,Ratio1-
2223 1316 2241 1347 Ὗ

1248 1376 1309 1405 ideo
1331 1379 1372 1404 θεῖ
1388 1375 1548 1403 influentiae
1571 1374 1711 1402 maximae
1733 1374 1759 1402 in
1776 1381 1875 1402 causas
1897 1372 2049 1406 secundas,
2071 1375 2098 1401 et

1246 1423 1316 1452 adeo
1340 1430 1456 1459 magnae
1472 1421 1645 1456 influentiae,
1665 1424 1696 1449 ut
1718 1429 1768 1449 uec
1783 1420 1924 1448 modicum
1948 1428 1997 1448 seu
2013 1427 2098 1456 quan-

1248 1474 1432 1507 tumcumque
1458 1477 1592 1507 parvum,
1622 1469 1690 1497 dum
1720 1472 1812 1496 tamen
1842 1467 1936 1504 aliquo
1959 1467 2041 1496 modo
2063 1467 2098 1496 sit

1247 1527 1313 1551 cns,
1342 1517 1475 1555 procedat
1496 1517 1531 1545 ab
1560 1516 1655 1553 aliqua
1683 1523 1768 1544 causa
1790 1518 1898 1549 creata,
1928 1514 1979 1542 nisi
2003 1522 2098 1551 coope-

1247 1567 1326 1593 rante
1349 1564 1443 1592 divina
1464 1562 1664 1600 omnipotentia
1681 1562 1698 1590 ⁷.
1723 1579 1760 1583 ——
1781 1562 1878 1590 OmniS
1900 1561 1982 1590 etiam
2005 1564 2098 1598 poten-
2111 1564 2194 1583 Rati02-
2226 1554 2227 1586 j

1249 1611 1290 1640 tz'ct
1313 1615 1428 1644 ereata,
1458 1613 1594 1647 quantum
1618 1613 1659 1638 est
1681 1609 1715 1638 de
1744 1617 1786 1642 se,
1814 1607 1956 1645 defectivo
1985 1611 2026 1637 est
2048 1615 2098 1637 nec

1248 1662 1289 1687 est
1307 1667 1383 1695 pure
1411 1657 1526 1686 ctctz'oct:
1553 1665 1619 1694 ergo
1648 1659 1911 1694 quantumcumque
1940 1655 2022 1684 faciat
2044 1663 2099 1684 mo-

1248 1706 1338 1734 dicam
1368 1705 1574 1742 operationem,
1603 1711 1715 1733 necesse
1738 1703 1823 1732 babet
1850 1703 1980 1731 adiuvari
2003 1703 2038 1732 ab
2067 1711 2099 1732 ea

1250 1753 1391 1790 potentia,
1421 1760 1493 1789 quae
1522 1755 1563 1780 est
1591 1755 1676 1779 actu-5
1703 1759 1801 1787 purus
1828 1753 1944 1788 propter
1966 1750 2100 1779 omnimo-

1249 1801 1313 1829 dam
1330 1799 1587 1837 impermixtionem
1609 1806 1673 1827 cum
1691 1798 1819 1832 materia,
1836 1801 1862 1826 et
1881 1805 1952 1834 quae
1972 1797 2030 1826 sola
2046 1797 2098 1825 sibi

1249 1847 1363 1879 sufficit,
1386 1846 1463 1875 nullo
1486 1846 1569 1874 modo
1591 1845 1717 1882 indigens
1740 1845 1830 1873 iuvari
1853 1853 1869 1873 a
1891 1852 1975 1873 causa
1996 1844 2058 1872 alia.

1330 1894 1359 1922 Et
1381 1893 1443 1922 Ideo
1465 1893 1533 1921 baec
1555 1892 1667 1929 positio,
1689 1899 1761 1929 quae
1781 1892 1862 1925 dicit,
1885 1899 1997 1920 omnem
2019 1891 2219 1920 actio-Confirmw

1248 1949 1312 1970 nem
1335 1949 1395 1969 csse
1417 1949 1433 1969 a
1455 1940 1524 1974 Deo,
1547 1939 1703 1969 secundum
1726 1939 1801 1976 quod
1823 1939 1894 1967 actio
1916 1942 1970 1973 est,
1993 1938 2099 1976 absque

1249 1989 1323 2017 omni
1346 1988 1528 2024 ambiguitate
1547 1987 1666 2016 tenenda
1688 1990 1736 2015 est.
1760 1986 1836 2015 Unde
1858 1986 2004 2014 Anselmus
2028 1986 2054 2014 in
2072 1986 2100 2014 li-

1250 2036 1300 2064 bro
1322 2035 1356 2064 de
1372 2035 1525 2063 Concordia
1543 2034 1805 2071 praedestinatIOnis
1820 2036 1847 2062 et
1866 2033 2065 2071 praescientiae
2077 2033 2098 2061 S:

1255 2083 1380 2111 «Omnis
1401 2081 1532 2120 qualitas
1554 2085 1580 2110 et
1600 2081 1690 2110 omnis
1711 2081 1788 2109 ccctt'o
1810 2084 1836 2109 et
1851 2080 1996 2119 quidquid
2016 2080 2101 2109 habet

1250 2130 1372 2167 aliquam
1395 2129 1567 2162 essentium,
1590 2136 1605 2156 a
1620 2128 1677 2157 Deo
1699 2132 1753 2162 est,
1775 2136 1862 2165 aquo
1884 2131 1925 2156 est
1950 2128 2041 2156 omnis
2062 2127 2102 2155 iu-

1250 2178 1323 2206 stitia
1352 2180 1379 2205 et
1407 2176 1485 2204 nulla
1507 2176 1650 2204 iniustitia.
1679 2175 1753 2204 Facit
1775 2175 1861 2212 igitur
1890 2175 1964 2203 Deus
1993 2175 2101 2209 omnia,

1250 2232 1322 2262 quae
1343 2224 1416 2252 iusta
1438 2223 1482 2251 vel
1504 2223 1607 2251 inlusta
1637 2222 1779 2251 voluntate
1802 2221 1888 2256 fiunt,
1910 2221 1938 2250 id
1967 2225 2008 2250 est
2030 2221 2102 2250 bona

1250 2279 1335 2308 opera
1351 2274 1377 2299 et
1399 2270 1480 2299 mala.
1497 2270 1525 2298 In
1548 2270 1627 2298 bonis
1652 2269 1767 2306 quidem
1788 2269 1865 2303 facit,
1888 2269 1963 2306 quod
1985 2272 2055 2297 sttui}
2076 2271 2103 2297 et

1251 2318 1325 2356 quod
1349 2318 1423 2346 bona
1444 2321 1528 2350 suum
1557 2317 1584 2345 in
1607 2316 1687 2345 malis
1717 2324 1784 2345 vero
1810 2316 1889 2350 facit,
1919 2316 1993 2352 quod
2015 2319 2102 2349 sicut,

1251 2365 1299 2394 sed
1322 2373 1392 2397 non,
1415 2364 1490 2402 quod
1519 2364 1600 2393 mala
1631 2367 1701 2392 suut
1721 2375 1748 2391 ».
1780 2363 1809 2392 Et
1845 2363 1947 2391 iterum
1980 2362 2101 2391 ibidem:

1257 2412 1385 2441 «Omnes
1407 2412 1534 2440 actiones
1556 2415 1583 2440 et
1601 2419 1698 2440 omnes
1724 2414 1819 2439 motas
1840 2410 1904 2439 facit
1925 2410 2015 2444 Deus,
2038 2409 2103 2447 quia

406 2545 413 2559 ¹
433 2545 488 2567 ch.
507 2546 533 2573 ⁴2.
556 2544 588 2566 17.
608 2557 637 2559 —
655 2544 697 2566 Pro
714 2549 763 2566 non
780 2542 900 2566 comedere
918 2542 954 2565 ed.
978 2543 982 2564 I
1005 2548 1032 2564 nc
1050 2540 1195 2569 comederet;

344 2584 411 2607 codd.
430 2584 473 2606 LO
492 2583 550 2605 bene
567 2584 675 2605 omittunt
690 2588 739 2605 uon.
757 2585 808 2605 ante
827 2581 955 2605 comedere.
974 2581 996 2603 In
1014 2581 1059 2603 tine
1085 2587 1134 2609 arg.
1153 2587 1194 2608 pro

343 2622 487 2652 prohibitum
508 2623 558 2645 cod.
577 2622 608 2644 bb
624 2621 752 2651 prohibita.

406 2661 416 2675 ‘³
433 2660 477 2683 Csr.
496 2661 553 2683 iufra
572 2661 594 2683 d.
613 2661 649 2682 38.
668 2667 686 2682 a.
710 2660 727 2682 1,
746 2667 768 2688 q.
788 2660 808 2681 2.
826 2662 847 2682 ct
866 2659 921 2681 dub.
941 2660 961 2681 2.

407 2700 416 2714 3
434 2701 500 2722 Prov.
523 2700 560 2725 16,
584 2699 607 2721 t:
628 2700 737 2721 Universa
756 2702 851 2727 propter
868 2699 1018 2726 semetipsum
1037 2700 1146 2725 operatus
1162 2700 1195 2719 est

347 2739 462 2761 Dominus.
481 2752 510 2754 ἠ
528 2739 559 2760 Do
577 2745 671 2766 propos.
690 2745 737 2766 seq.
756 2738 809 2760 vide
826 2737 883 2760 infra
902 2737 924 2759 d.
943 2737 978 2759 38.
998 2743 1017 2759 a.
1040 2737 1057 2759 I.
1075 2743 1097 2765 q.
1120 2737 1136 2758 1.

408 2776 417 2791 ⁴
435 2777 490 2799 Edd.
509 2778 612 2800 subdunt
629 2777 745 2807 diriqculi.
759 2777 828 2799 Paulo
845 2777 939 2799 inferius
957 2782 999 2804 pro
1017 2782 1069 2799 cum
1088 2775 1114 2805 fi!
1127 2775 1194 2797 codd.

348 2816 361 2837 1)
373 2816 415 2844 QZ
433 2820 454 2838 ct
472 2817 524 2838 cdd.
543 2818 568 2843 Ξ,
587 2817 599 2838 3
618 2816 712 2846 (strando
729 2816 768 2846 fit,
789 2816 838 2838 Vat.
857 2816 971 2846 quonium
988 2815 1021 2845 fit.

409 2855 418 2869 5
436 2855 504 2882 liud„
524 2860 616 2883 excepta
639 2857 660 2883 1,
679 2857 764 2878 omissa
782 2856 863 2877 vocula
883 2855 924 2883 Si,
951 2855 1121 2877 conclusionem
1140 2859 1195 2882 erqo

349 2893 410 2916 Deus
426 2896 503 2916 moret
518 2894 673 2923 principalius
699 2894 891 2923 praecedentibus
917 2894 1047 2917 adnectunt.
1075 2894 1196 2922 Alisuianto

348 2934 454 2960 supet-lus
471 2939 513 2960 pro
531 2933 553 2955 in
571 2933 638 2955 'nialla
657 2934 791 2962 operatione
810 2934 858 2956 Vat.
877 2933 898 2956 in
919 2933 962 2957 illa.
980 2933 1121 2963 operutifflzc.

410 2970 419 2985 ⁶
437 2971 476 2993 llic
494 2979 512 2993 c.
535 2973 551 2993 1.
570 2978 617 3000 seq.
635 2985 665 2987 —
682 2973 731 2994 Mox
750 2979 791 3000 pro
808 2972 934 3002 positiones
951 2974 1000 2996 cod.
1020 2974 1035 2995 F
1053 2972 1180 3002 opiniones.

1315 2540 1323 2554 ⁷
1342 2541 1445 2567 :xi-istoc,
1464 2539 1508 2561 vu.
1528 2539 1604 2561 Moral.
1622 2538 1717 2560 Eudem.
1737 2544 1755 2560 c.
1779 2538 1811 2559 IS.
1830 2542 1857 2561 (c.
1875 2536 1934 2565 14.);
1953 2537 2014 2559 Patet
2026 2540 2103 2559 autem

1252 2581 1284 2602 sic
1301 2586 1363 2607 csse,
1382 2578 1582 2607 spiemmlmodum
1600 2578 1622 2599 in
1641 2577 1749 2599 universo
1768 2580 1801 2599 cst
1817 2576 1889 2603 Deus,
1902 2580 1924 2599 et
1936 2577 2037 2599 vicissim
2050 2582 2104 2598 cun-

1252 2622 1287 2641 cta
1305 2620 1326 2640 in
1345 2619 1381 2640 illo
1400 2618 1431 2646 [in
1451 2620 1510 2640 textu
1529 2617 1616 2639 Gracco
1634 2611 1675 2637 κᾶν
1694 2613 1765 2644 ἐκείνῃ
1785 2616 1840 2641 (scil.
1861 2615 1941 2648 ψυχῇ),
1954 2622 2013 2645 quae
2031 2615 2103 2638 verba

1250 2658 1286 2680 cd.
1299 2658 1366 2680 Didot
1380 2658 1411 2679 sic.
1425 2656 1512 2684 reddit,
1526 2656 1562 2678 vel
1576 2657 1652 2684 potius
1665 2656 1826 2683 interpretatur
1836 2661 1840 2677 :
1852 2656 1884 2677 sic
1893 2656 1961 2677 ctiam
1975 2656 1996 2677 in
2009 2654 2103 2682 anima];

1253 2701 1375 2719 moventur
1392 2697 1453 2718 onim
1472 2696 1547 2718 omnia
1566 2695 1595 2718 ab
1617 2696 1749 2717 inexistente
1768 2696 1789 2717 in
1809 2694 1874 2717 nobis
1893 2695 1993 2716 nun'iinc.
2012 2694 2056 2717 Csr.
2076 2694 2103 2716 de

1253 2736 1349 2763 Mundo,
1367 2742 1386 2758 c.
1404 2735 1425 2758 Τ.
1445 2736 1472 2759 (c.
1492 2736 1530 2763 6.),

1253 2774 1418 2804 omnipotentia
1437 2775 1503 2799 cdd„
1522 2778 1614 2802 excepta
1639 2775 1660 2801 l,
1678 2773 1798 2803 potentia,
1818 2778 1840 2796 et
1858 2773 1941 2795 deindo
1960 2779 2001 2801 pro
2021 2772 2103 2796 Omnis

1253 2815 1321 2838 elium
1341 2814 1407 2837 codd.
1427 2815 1498 2843 BDQ
1526 2813 1607 2837 Omnis
1628 2813 1697 2836 euim.
1717 2813 1785 2836 Paulo
1803 2816 1853 2835 ante
1872 2819 1914 2841 pro
1930 2819 2035 2842 parrum
2053 2812 2102 2835 Vat.

1253 2861 1306 2877 cum
1324 2854 1376 2877 odd.
1395 2855 1421 2881 3,
1441 2853 1452 2876 4
1470 2860 1566 2883 purum.

1316 2893 1326 2907 S
1343 2893 1434 2921 Quaesl.
1457 2893 1473 2915 I.
1492 2899 1510 2915 c.
1529 2892 1550 2914 ’7.
1569 2892 1656 2914 Ibidem
1674 2895 1695 2914 et
1712 2891 1759 2913 duo
1776 2894 1850 2913 textus
1867 2897 1930 2919 seqq.
1945 2891 2008 2912 —In
2028 2891 2103 2917 pruno

1254 2935 1313 2955 textu
1332 2938 1374 2959 pro
1392 2931 1452 2954 susm
1472 2931 1508 2954 rel
1524 2930 1611 2953 iniusta
1630 2930 1697 2952 codd.
1717 2930 1746 2951 FI
1759 2930 1776 2952 ll
1788 2930 1806 2951 T
1818 2929 1836 2951 V
1848 2930 1866 2951 Υ
1885 2929 1915 2951 bb
1928 2936 1954 2951 ee
1967 2932 1989 2951 ot
2001 2929 2036 2950 alii
2050 2934 2103 2950 cum

1254 2971 1306 2993 cdd.
1326 2972 1351 2999 2,
1370 2972 1396 2999 3,
1415 2970 1427 2992 4
1446 2970 1507 2993 iusta
1526 2970 1572 2993 sire
1589 2969 1685 2992 iniusta.

1557 2738 1578 2757 et
1595 2734 1663 2757 Liber
1688 2734 1716 2756 de
1742 2733 1833 2761 Causis,
1861 2740 1954 2762 propos.
1978 2734 1994 2755 1.
2012 2745 2043 2749 -
2061 2733 2103 2755 Pro
