2243 3425
18 469 19 482 1
37 463 89 487 uplex
106 468 144 481 mo-

1 495 19 513 m
37 487 64 505 lus
77 486 145 513 produ-

37 509 84 529 tend!
105 515 144 528 cor-

16 545 20 557 ,
37 538 79 552 tora.

34 931 73 949 ,atio
82 935 149 954 prima.

33 1213 75 1232 tatio
86 1218 151 1231 secun-

33 1237 90 1255 dasia.

74 1307 147 1330 Duplex

33 1330 148 1355 imperfectio

33 1354 147 1378 quorundam

33 1377 146 1397 animalium.

32 1918 84 1937 nodo.

32 2060 70 2079 Zoro
75 2061 115 2079 llari
119 2066 155 2080 um.

39 2624 92 2643 Aliae
106 2626 160 2644 ratio-

23 2669 25 2676 Ι
31 2652 67 2666 nes.

730 182 813 210 DIST.
836 183 900 210 vill.
923 182 949 234 Pk.
971 182 987 210 Ι.
1011 182 1083 210 ΛΒΤ.
1106 182 1135 210 11.
1159 181 1295 218 ΟΗᾹΕΞΤ.
1318 181 1335 209 Ι.

157 261 256 290 ultimo
278 265 419 290 ostensum
443 264 499 291 est:
532 261 586 289 alia
618 261 688 289 ratio
710 264 765 295 est,
799 261 864 298 quia
886 261 1006 297 Angelus

158 316 213 337 non
234 311 324 345 potest
346 307 466 336 educere
488 308 605 335 formam
629 307 785 336 naturalem
809 307 835 335 in
858 314 931 341 esse.
954 307 1005 335 nisi

157 355 271 384 adiutus
286 363 302 383 a
317 355 421 391 virtute
436 358 566 390 naturae,
583 355 654 383 sicut
670 354 797 383 habitum
819 354 871 382 fuit
887 354 912 382 in
929 361 1007 391 prae-

157 402 263 431 cedenti
287 402 493 431 distinctione¹.
516 402 543 430 ln
566 402 669 430 virtute
692 405 785 429 autem
819 404 936 429 naturae
965 403 1006 429 est

158 449 313 486 producere
329 456 447 485 corpora
462 449 587 477 omnium
610 448 787 481 animalium⁷
812 451 1006 476 verumtamen

158 496 238 525 aliter
260 499 287 524 et
301 496 390 524 aliter.
414 496 452 525 Ad
475 496 612 533 quaedam
636 495 711 523 enim
732 494 878 523 educenda
904 493 1007 523 sufficit

158 551 242 572 causa
264 543 431 572 universalis
454 543 512 572 sine
534 542 673 571 adiutorio
695 542 803 578 agentis
818 541 1006 579 particularis,

158 590 310 619 consimilis
332 590 358 618 in
382 590 473 627 specie
505 593 649 623 naturae,r
670 588 828 617 cuiusmodi
856 593 920 617 sunt
952 588 1007 616 ani-

155 637 247 671 malia,
263 645 335 674 quae
350 641 520 673 generantur
532 644 581 673 per
593 636 823 673 putrefactionem
833 636 850 663 ².
863 636 1006 672 Quaedam

155 688 249 713 autem
273 688 350 719 sunt.
372 684 407 712 ad
429 692 501 721 quae
524 692 576 712 non
600 683 715 721 sufficitp
732 683 783 711 nisi
806 683 957 711 adiuvetur
973 682 1008 711 ab

156 735 254 769 agente
276 731 428 760 consimilis
460 731 577 768 speciei,
610 731 682 759 sicut
711 733 775 759 sunt
804 738 922 767 corpora
953 730 1009 758 ani-

157 778 290 811 malium,
312 786 383 815 quae
406 778 603 815 producuntur
630 777 807 806 solummodo
839 785 889 814 per
911 785 1009 814 propa-

158 825 313 862 gationem3
335 828 361 853 et
384 824 459 853 istud
480 824 596 861 planum
619 827 660 852 est
682 824 717 852 ad
739 831 862 852 sensum.

237 873 264 901 Si
286 875 380 901 autem
403 874 557 909 quaeratur
578 872 649 899 ratio
671 871 772 905 liuius,
796 871 884 908 prima
908 873 950 899 est
972 870 1010 899 di-

158 920 223 948 vina
244 919 393 954 institutio.
416 919 572 948 secundum
595 926 679 956 quam
702 921 744 947 est
765 918 893 946 limitatio
915 918 940 945 in
958 918 1011 945 vir-

160 967 266 996 tutibus
288 970 315 996 et
335 968 444 995 naturis
465 974 578 1001 rerum;
602 969 628 995 et
650 966 702 995 1100
724 966 879 994 secundum
904 965 1009 1002 legem,

159 1023 242 1052 quani
266 1014 366 1043 indidit
388 1015 427 1043 eis
449 1014 484 1042 ab
507 1013 592 1042 initio.
615 1013 692 1042 Unde
715 1013 786 1042 sicut
808 1013 916 1042 dixit31
944 1012 1012 1041 Ger-

158 1063 249 1091 minet
281 1066 362 1090 terra
395 1060 512 1090 herbam
540 1061 697 1094 virentem,
729 1068 782 1088 non
816 1060 904 1093 dixit,
935 1059 1010 1097 quod

160 1110 331 1148 germinaret
351 1109 511 1138 hominem:
533 1108 638 1137 homini
661 1111 753 1136 autem
778 1108 861 1142 dixit,
884 1107 959 1144 quod
982 1115 1011 1136 se

160 1156 368 1194 multiplicaret.
391 1156 434 1184 Sic
466 1159 541 1184 terra
564 1155 702 1192 germinat
722 1154 857 1189 herbam,
879 1158 905 1183 et
927 1154 1011 1183 homo

160 1206 275 1241 generat
296 1202 448 1231 hominem.
471 1219 509 1222 —
532 1202 601 1230 Haec
622 1205 716 1230 autem
732 1201 777 1230 lex
794 1202 852 1231 sive
875 1201 1011 1230 institutio

162 1259 215 1279 non
237 1253 278 1279 est
299 1250 405 1287 absque
427 1249 552 1284 ratione,
575 1249 641 1286 quia
663 1249 801 1286 quaedam
825 1253 890 1278 sunt
909 1249 1012 1277 anima-

161 1298 245 1326 malia
267 1295 438 1334 imperfecta
456 1300 509 1325 tam
534 1296 559 1324 in
576 1296 804 1334 oryanizatione
818 1304 902 1333 quani
919 1296 946 1324 in
962 1296 1013 1324 (Zit-

160 1345 290 1377 ration&
307 1344 446 1382 quaedam
462 1351 528 1372 vero
549 1342 681 1380 perfecta
697 1346 818 1380 utroque
834 1343 925 1371 modo.
942 1343 1012 1379 Quia

160 1401 227 1422 vero
249 1392 387 1430 quaedam
417 1399 536 1428 corporav
566 1390 729 1419 animalium
763 1393 828 1419 sunt
850 1391 1013 1427 imperfecta

160 1440 229 1469 etin
254 1438 481 1476 oryanizatiovie
502 1441 529 1466 et
550 1437 760 1474 complexione;
783 1438 845 1466 ideo
867 1446 922 1465 non
945 1437 1013 1466 indi-

162 1489 283 1524 guerunt.
305 1489 403 1522 agente
424 1488 517 1513 tantae
538 1484 659 1519 virtutis,
675 1484 723 1513 sed
742 1485 832 1521 potuit
847 1485 937 1513 virtus
952 1492 1014 1521 pro-

161 1533 274 1563 ductiva
296 1533 423 1570 ipsorum
446 1532 506 1561 dari
528 1535 620 1561 terrae
643 1535 775 1569 tanquam
798 1532 894 1566 matri,
917 1534 944 1560 et
962 1531 1011 1560 5011

162 1585 295 1618 tanquam
328 1579 428 1617 patri⁴,
451 1588 514 1608 cum
547 1579 686 1608 adiutorio
718 1579 838 1607 aliorum
862 1587 1013 1616 corporum

163 1628 332 1665 simplicium
349 1650 355 1662 ,
389 1630 442 1656 tam
476 1627 690 1655 elementarium
723 1634 808 1664 quain
842 1626 1013 1655 caelestium.

163 1675 230 1712 Quia
255 1682 322 1703 vero
344 1677 409 1703 sunt
430 1674 593 1711 imperfecta
626 1673 783 1702 duratione
804 1677 829 1702 et
862 1673 1014 1710 aliquando

162 1725 294 1760 pereunt3
309 1721 372 1750 ideo
394 1721 517 1758 oportuit
539 1721 591 1750 hoc
613 1721 814 1749 communicari
837 1721 927 1758 agenti
951 1721 1016 1749 alte-

163 1769 223 1798 rius
244 1772 378 1800 naturae;
400 1768 466 1805 quia
487 1768 521 1796 ad
544 1768 598 1797 boc
630 1768 695 1796 data
717 1771 758 1796 est
780 1768 822 1796 vis
854 1768 1015 1805 generativa

163 1816 264 1850 rebus,
286 1818 317 1844 ut
338 1815 404 1844 dicit
440 1815 625 1852 Philosophus
638 1814 656 1843 ⁵.
684 1818 740 1844 «ut
762 1818 965 1853 perpetuentur
988 1815 1014 1843 in

32 1871 306 1919 ἑτέιὲηῗέῗοςῗὲἑο550».-
316 1863 333 1890 E
349 1863 489 1891 contrario
504 1866 545 1891 est
561 1862 594 1891 de
610 1862 780 1891 animalibus
796 1866 916 1899 utroque
932 1862 1015 1891 inodo

161 1908 319 1947 pei·fectis;
340 1912 367 1937 et
390 1909 451 1937 ideo
473 1909 563 1938 virtus
595 1909 762 1946 productiva
785 1909 910 1946 ipsorum
934 1909 1016 1937 maio-

165 1965 224 1986 rem
247 1957 335 1994 exigit
356 1957 559 1991 actualitatem,
583 1960 609 1985 et
632 1957 702 1985 ratio
718 1957 859 1985 seminalis
881 1964 944 1985 cum
961 1965 1017 1985 ma-

163 2005 213 2033 iori
237 2004 401 2033 difficultate
430 2004 571 2041 profertur
595 2004 621 2032 in
645 2007 756 2038 actumg
773 2004 835 2033 ideo
858 2004 955 2032 maiori
979 2004 1016 2032 in-

165 2052 240 2089 diget
261 2051 410 2080 adiutorio.
433 2068 472 2071 ——
494 2051 541 2079 illa
557 2051 641 2088 igitur
662 2051 812 2086 animalia,
836 2051 894 2080 sive
917 2059 1015 2080 eorum

165 2107 299 2135 corpora.
321 2106 393 2136 qnae
426 2098 461 2127 ad
494 2099 618 2135 primum
652 2106 739 2135 genus
772 2101 912 2135 spectant.
935 2098 1015 2127 educi

166 2150 283 2183 possunt
304 2145 339 2174 ab
362 2145 479 2182 Angelis.
503 2146 642 2174 mediante
664 2149 782 2173 naturae
804 2145 953 2180 adiutorio,
975 2154 1017 2173 vtve-

167 2193 264 2221 {ociter
286 2196 313 2221 et
334 2193 413 2230 quasi
440 2193 548 2225 subito,
580 2193 724 2221 veraciter
750 2196 856 2221 tamen.
879 2193 944 2229 quia
966 2200 1016 2229 per

166 2240 222 2268 vim
245 2244 370 2268 naturae.
394 2240 446 2269 Sed
469 2240 599 2268 animalia
615 2244 641 2268 et
667 2248 764 2269 eorum
789 2248 922 2277 corpora.
945 2249 1016 2277 quae

167 2290 292 2324 spectant
323 2287 358 2315 ad
391 2287 547 2316 secundum
578 2295 679 2324 genus.
712 2287 792 2316 educi
823 2295 877 2315 non
900 2290 1017 2324 possunt

166 2334 309 2362 veraciter
331 2334 381 2362 nisi
406 2342 470 2362 cum
497 2334 604 2362 auxilio
637 2337 754 2362 naturae
776 2337 802 2362 et
824 2342 888 2363 cum
910 2334 1018 2363 diutur-

166 2380 251 2409 nitate
264 2384 289 2409 et
302 2384 427 2417 tempore
438 2381 455 2408 6.
475 2381 504 2409 Et
519 2381 650 2418 quoniam
667 2381 802 2409 assumtio
817 2389 967 2417 corporum
982 2380 1017 2409 ab

166 2427 276 2464 Angelis
307 2431 349 2456 est
385 2427 515 2456 velociter
541 2431 568 2456 et
600 2428 680 2464 quasi
712 2431 844 2464 repente.
867 2427 929 2455 ideo
950 2435 1017 2456 vera

168 2482 286 2511 corpora
308 2474 432 2502 humana
453 2482 508 2502 non
540 2477 704 2507 assumunt,
736 2474 801 2510 quia
824 2481 878 2501 non
901 2477 1018 2509 possunt

168 2521 215 2550 illa
236 2530 286 2559 per
308 2530 336 2550 se
359 2522 481 2550 formare
505 2521 665 2554 effraenem
680 2524 706 2549 et
723 2529 786 2549 cum
803 2520 919 2549 alterius
941 2521 1017 2549 adiu-

167 2569 238 2597 torio
259 2576 314 2597 non
336 2572 454 2605 possunt
474 2569 581 2603 facere,
615 2568 689 2605 quod
723 2571 825 2596 exeant
847 2568 873 2595 in
896 2575 956 2596 esse
980 2576 1019 2596 ne-

169 2615 276 2643 locicer.
288 2632 327 2636 —-
340 2615 369 2643 Et
385 2619 443 2644 esto
459 2615 534 2652 quod
549 2615 752 2649 educerentur.
768 2615 862 2643 adhuc
877 2623 931 2643 non
947 2623 1019 2643 com-

1848 182 1903 210 ⁶215

1064 263 1200 298 peterent,
1223 259 1295 288 sicut
1317 262 1421 288 tactum
1445 262 1486 288 est
1508 260 1534 287 in
1567 259 1737 293 obiiciendo.
1762 263 1820 287 tum
1854 268 1915 296 pro-

1065 311 1126 344 pter
1158 307 1329 344 appetitum,
1359 315 1441 344 quem
1471 307 1607 335 haberent
1629 306 1663 335 ad
1691 307 1812 334 animam
1836 307 1917 335 ratio-

1064 354 1176 388 nalem,
1201 358 1258 383 tum
1292 358 1406 391 propter
1427 355 1624 392 qrctvttatenm
1646 361 1717 391 quae
1747 354 1803 382 duo
1836 362 1917 391 repu-

1065 404 1150 438 gnant
1179 401 1225 429 sini
1260 401 1335 430 illius
1357 402 1490 438 corporis.
1514 402 1580 430 Nam
1604 401 1626 430 si
1653 401 1769 430 liaberet
1794 401 1915 430 animam

1065 448 1245 477 rationalem.
1277 456 1330 476 non
1353 451 1426 477 esset
1455 452 1615 485 competens
1636 449 1755 486 3191111111
1777 448 1811 476 ad
1835 456 1917 485 appa-

1064 494 1202 528 rendum;
1236 495 1257 523 si
1290 494 1407 523 liaberet
1436 495 1625 532 pravitatem,
1654 503 1707 523 non
1741 498 1814 524 esset
1846 503 1917 524 com-

1065 544 1162 578 petens
1185 542 1412 570 nistrmnentum
1447 542 1482 571 ad
1512 542 1703 579 operandum,
1735 542 1859 571 maxime
1882 542 1917 571 ad

1065 591 1189 622 motum;
1210 596 1264 616 non
1280 591 1353 616 esset
1374 588 1456 616 etiam
1479 592 1639 625 competens
1661 588 1864 617 liabitaculion
1880 589 1916 617 ad

1065 635 1289 664 inhabitandum.
1312 652 1350 655 —
1372 634 1572 664 Concedendae
1601 640 1666 664 sunt
1688 636 1773 673 igitur
1796 637 1916 665 rationes

1066 682 1228 720 probantes.
1251 682 1326 719 quod
1348 682 1440 718 Angeli
1464 690 1519 710 non
1541 686 1689 711 assumunt
1711 691 1776 711 vera
1800 691 1918 720 corpora

1067 730 1206 764 humana.
1228 730 1287 758 sive
1310 729 1373 758 boni
1396 730 1453 758 sive
1476 729 1550 757 mali.

1148 778 1172 804 1.
1194 777 1233 805 Ad
1256 777 1325 805 illud
1341 776 1417 814 quod
1433 777 1563 805 obiicitur
1585 777 1612 805 in
1635 778 1817 807 contrarium.
1840 778 1916 815 quod

1067 828 1108 852 est
1130 823 1166 852 ibi
1183 831 1262 852 error
1277 827 1303 852 et
1319 823 1460 860 deceptio:
1483 823 1644 857 dicendum,
1660 824 1734 860 quod
1750 824 1852 852 falsum
1868 828 1918 859 est,

1068 871 1132 908 quia
1155 879 1209 899 non
1224 874 1373 899 assumunt
1388 871 1436 898 illa
1452 879 1582 908 corpora,
1598 874 1629 899 ut
1644 871 1799 905 ostendant,
1815 879 1843 900 se
1858 880 1919 901 esse

1068 917 1194 946 homines
1210 921 1236 946 et
1253 925 1335 946 veros
1351 916 1490 951 homines,
1507 917 1554 951 sed
1577 921 1609 946 ut
1623 918 1771 946 ostendant
1787 926 1815 947 se
1831 919 1920 947 ratio-

1070 965 1164 998 nales‚·
1180 968 1207 993 et
1229 965 1360 1002 quoniam
1384 965 1430 993 illa
1455 973 1572 1002 corpora
1589 965 1753 1002 significant,
1769 965 1844 1002 ipsos
1859 973 1919 994 esse

1068 1013 1244 1046 rationales,
1266 1016 1293 1041 et
1319 1012 1353 1041 ad
1376 1013 1428 1041 hoc
1458 1013 1577 1041 formata
1612 1015 1677 1041 sunt
1699 1012 1835 1047 finaliter;
1858 1013 1920 1042 ideo

1070 1068 1139 1088 vera
1162 1063 1242 1090 sunt.
1265 1060 1395 1096 quamvis
1417 1068 1470 1088 non
1493 1055 1548 1088 sint
1561 1068 1627 1088 'nere
1647 1058 1791 1094 limiutmt,
1807 1060 1878 1089 sicut
1893 1060 1921 1088 in

1068 1108 1160 1145 primo
1176 1107 1247 1135 libro
1262 1108 1271 1122 ⁷
1293 1107 1399 1136 dictum
1422 1107 1473 1135 fuit
1495 1107 1529 1135 de
1552 1107 1614 1144 igne
1637 1111 1662 1136 et
1685 1107 1719 1136 de
1742 1107 1879 1136 columba.

1149 1155 1174 1182 ⁶2.
1198 1154 1236 1182 Ad
1260 1153 1329 1182 illud
1352 1154 1427 1191 quod
1450 1154 1595 1188 obiicitur,
1618 1154 1692 1191 quod
1722 1158 1764 1183 est
1786 1155 1822 1183 ibi
1845 1163 1922 1192 orga-

1070 1202 1189 1230 nizatios
1224 1205 1251 1231 et
1283 1201 1409 1238 aequalis
1441 1201 1614 1238 complexiog
1647 1202 1813 1237 dicendum.
1846 1202 1921 1240 quod

1070 1249 1170 1278 falsum
1194 1252 1243 1278 est.
1266 1249 1323 1277 Non
1346 1250 1420 1278 enim
1443 1253 1484 1278 est
1506 1249 1541 1277 ibi
1568 1257 1633 1278 vere
1650 1249 1827 1286 organizans),
1850 1258 1922 1287 quae

1071 1296 1203 1333 competit
1225 1296 1335 1332 corpori
1352 1296 1491 1324 humano.
1514 1304 1585 1333 quae
1601 1296 1715 1333 quidem
1731 1299 1772 1324 est
1788 1305 1801 1324 a
1818 1296 1922 1325 virtute

1071 1343 1227 1377 formativa,
1251 1351 1314 1371 cum
1338 1343 1494 1371 seminibus
1516 1343 1623 1377 delata,
1646 1343 1694 1372 sed
1717 1344 1810 1380 potius
1841 1352 1923 1380 quae—

1072 1390 1135 1418 dam
1161 1390 1394 1419 lineamentorum
1418 1391 1569 1427 protractio
1585 1391 1741 1419 secundum
1764 1390 1840 1419 illius
1862 1399 1923 1420 con-

1071 1437 1256 1466 formitatem:
1279 1441 1306 1466 et
1327 1438 1394 1466 haec
1424 1446 1478 1466 11011
1501 1438 1702 1475 praesupponit
1724 1438 1922 1475 aequalitatem

1072 1485 1289 1522 complexionis.
1313 1486 1377 1522 quia
1405 1485 1467 1514 talis
1500 1486 1651 1523 protractio
1684 1489 1774 1522 potest
1806 1486 1866 1514 sieri
1888 1486 1923 1515 ab

1072 1532 1178 1561 artifice
1200 1533 1227 1560 in
1250 1532 1324 1569 ligno
1346 1536 1373 1561 et
1395 1532 1495 1569 lapide.
1518 1533 1571 1561 Nec
1587 1540 1782 1570 quaecumque
1804 1533 1923 1570 qualitas

1072 1580 1216 1609 mixtionis
1238 1583 1279 1609 est
1312 1580 1358 1608 illa
1388 1588 1459 1617 quae
1480 1579 1543 1608 facit
1566 1580 1601 1609 ad
1624 1580 1769 1609 veritatem
1800 1581 1924 1617 corporis

1073 1627 1205 1662 humani.
1228 1627 1276 1656 sed
1301 1627 1347 1655 illa
1370 1634 1440 1664 quae
1464 1627 1547 1655 babet
1572 1627 1705 1655 virtutem
1728 1628 1924 1664 specificatam.

1073 1674 1194 1703 hominis
1216 1674 1411 1711 completivam
1434 1677 1461 1702 et
1482 1674 1647 1703 directivam
1662 1675 1679 1702 ῃ.

1154 1721 1179 1750 3
1201 1721 1239 1750 Ad
1270 1721 1340 1750 illud
1372 1722 1447 1758 quod
1482 1721 1631 1756 obiicitur,
1653 1722 1729 1758 quod
1752 1730 1855 1759 corpus
1876 1722 1927 1750 1111-

1076 1776 1188 1797 manum
1223 1772 1264 1798 est
1297 1769 1323 1797 in
1355 1769 1512 1797 rationibus
1546 1769 1743 1803 seminaliliiusg
1773 1769 1827 1797 iam
1850 1772 1926 1806 patet

1076 1816 1236 1852 responsio,
1259 1816 1324 1853 quia
1347 1816 1476 1853 quamvis
1509 1816 1544 1845 sit
1576 1816 1626 1850 ibi,
1658 1824 1803 1854 nunquam
1834 1820 1926 1845 tamen

1074 1863 1220 1897 educitur.
1243 1863 1294 1891 nisi
1329 1867 1478 1892 concurrat
1510 1863 1600 1892 virtus
1633 1863 1740 1900 agentis
1762 1864 1926 1893 exterioris.

1075 1918 1146 1947 quae
1170 1910 1273 1939 residet
1297 1910 1322 1938 in
1345 1910 1449 1939 lumbis
1473 1910 1524 1938 viri
1546 1914 1573 1939 et
1595 1911 1622 1939 in
1646 1911 1761 1940 matrice
1784 1911 1927 1945 inulieris;

1074 1961 1101 1986 et
1124 1957 1186 1986 ideo
1209 1957 1267 1986 sine
1290 1957 1334 1986 bis
1355 1965 1499 1994 nunquam
1516 1961 1608 1995 potest
1630 1958 1677 1986 illa
1698 1958 1769 1986 ratio
1785 1958 1927 1987 seminalis

1074 2004 1110 2033 ad
1132 2008 1226 2033 actum
1249 2005 1405 2041 perfectum
1427 2005 1516 2034 educi.
1539 2022 1577 2025 —
1600 2005 1630 2033 Et
1652 2005 1680 2033 si
1702 2005 1835 2038 obiiciat,
1852 2005 1927 2042 quod

1074 2054 1164 2088 potest
1186 2052 1335 2089 disponere
1357 2052 1538 2089 dispositione
1554 2056 1660 2081 remota
1675 2055 1725 2081 etc.
1733 2064 1739 2087 ς
1763 2052 1928 2085 dicendum,

1074 2099 1150 2135 quod
1174 2099 1243 2128 illud
1266 2099 1351 2128 habet
1373 2099 1482 2134 locum.
1505 2099 1553 2128 ubi
1586 2099 1730 2136 dispositio
1764 2102 1871 2128 remota
1898 2099 1928 2127 fit

1075 2146 1225 2175 necessitas
1238 2146 1256 2161 ¹⁰
1278 2146 1335 2175 sola
1367 2147 1537 2179 intensione;
1561 2150 1626 2175 tunc.
1653 2147 1727 2175 0111111
1752 2146 1854 2175 sufficit
1877 2147 1930 2174 vir-

1075 2194 1142 2222 tutis
1164 2194 1272 2222 activae
1304 2194 1476 2222 continuatio
1508 2198 1534 2222 et
1567 2194 1700 2225 intensio;
1732 2201 1786 2221 non
1816 2196 1927 2226 autem.

1076 2241 1188 2278 quando
1221 2241 1378 2278 requiritur
1409 2249 1498 2270 novae
1530 2241 1645 2275 formae.
1668 2240 1712 2269 vel
1739 2241 1855 2269 alterius
1877 2240 1929 2268 for-

1076 2296 1137 2316 mae
1159 2288 1315 2317 secundum
1339 2289 1459 2325 speciem
1483 2288 1623 2325 090100ος
1646 2291 1672 2316 et
1694 2288 1733 2316 sic
1755 2291 1796 2316 est
1818 2288 1845 2316 in
1868 2295 1929 2324 pro-

1076 2335 1173 2371 posito.

1155 2381 1181 2409 4.
1205 2381 1243 2410 Ad
1267 2381 1337 2410 illud
1360 2382 1435 2418 quod
1459 2381 1604 2415 obiicitur,
1627 2381 1702 2418 quod
1735 2380 1927 2409 indifferenter

1077 2435 1105 2456 se
1128 2428 1212 2456 habet
1233 2428 1354 2465 Angelus
1375 2428 1410 2457 ad
1433 2429 1526 2456 omnia
1548 2436 1666 2465 corpora
1687 2428 1868 2462 animalium3
1890 2428 1930 2456 di-

1077 2474 1214 2508 cendum,
1238 2475 1313 2511 quod
1335 2475 1385 2504 etsi
1415 2475 1466 2504 1100
1499 2483 1599 2504 verum
1632 2475 1666 2504 sit
1688 2475 1722 2504 de
1744 2475 1804 2512 ipso
1827 2475 1928 2512 Angeia

1076 2522 1103 2549 in
1127 2530 1170 2550 se.
1195 2529 1250 2550 non
1272 2525 1363 2551 tamen
1387 2525 1427 2551 est
1450 2530 1549 2551 verum
1566 2523 1600 2551 de
1616 2523 1719 2551 virtute
1742 2526 1876 2557 naturae,
1892 2530 1929 2551 ex

1077 2569 1158 2597 cuius
1180 2568 1320 2597 adiutorio
1342 2569 1462 2606 Angelus
1484 2572 1625 2606 operatur.
1650 2570 1680 2598 Et
1701 2569 1771 2604 ideo,
1794 2570 1930 2598 510111Αο-

1078 2615 1157 2652 gelus
1179 2623 1229 2653 per
1252 2623 1280 2644 se
1303 2624 1357 2644 non
1378 2618 1469 2653 potest
1490 2616 1611 2645 educere
1634 2624 1737 2653 corpus
1758 2616 1928 2651 humanum,

233 2757 239 2771 ¹
259 2758 316 2779 Part.
335 2757 358 2779 ll.
376 2763 396 2779 a.
415 2758 435 2780 2.
454 2764 475 2786 q.
494 2759 514 2779 2.

232 2797 241 2811 ἓ
260 2797 312 2819 Sive
325 2798 346 2818 in
358 2798 503 2825 generatione
516 2798 651 2826 aequivoca.
665 2795 709 2818 Cir.
723 2803 791 2824 supra
806 2802 859 2824 pag.
878 2796 925 2824 1987
937 2800 987 2818 nota
999 2797 1019 2818 3.

233 2836 242 2850 ³
259 2836 314 2858 Gen.
338 2836 359 2863 1,
383 2836 415 2858 11.
433 2848 464 2851 -
482 2836 513 2857 [)0
532 2836 624 2858 1101111110
642 2836 682 2858 cfr.
700 2835 755 2857 ibid.
774 2841 796 2856 v.
816 2835 851 2856 28.

233 2874 241 2889 ⁴
260 2874 303 2897 Csr.
322 2875 378 2896 inira
398 2874 419 2897 (1.
442 2874 475 2896 ti.
493 2881 515 2902 p.
535 2875 557 2896 11.
576 2874 632 2897 dub.
651 2876 672 2896 2.

233 2914 243 2928 5
259 2914 320 2936 Libr.
340 2914 361 2935 ti.
381 2913 408 2935 de
425 2914 519 2941 Anima,
538 2916 590 2935 text.
617 2913 652 2935 34.
679 2919 726 2942 seq.
754 2914 781 2938 (c.
810 2912 848 2942 4.),
875 2912 919 2935 Cir.
944 2913 966 2935 ll.
993 2913 1021 2935 (le

171 2953 252 2975 Gener.
271 2956 292 2975 ct
310 2956 411 2980 corrupt.
430 2955 481 2974 text.
499 2952 535 2974 59.
555 2952 583 2979 (c.
607 2953 657 2979 lo).

234 2992 243 3005 ὃ
261 2992 316 3015 Cod.
335 2998 360 3015 cc
377 2996 399 3014 et
416 2992 452 3014 ed.
475 2992 479 3013 1
502 2998 557 3015 cum
575 2991 731 3014 diuturnitate
749 2991 868 3020 temporis.

1140 2757 1150 2771 ⁷
1169 2758 1221 2780 Dist.
1245 2759 1277 2780 16.
1302 2765 1323 2787 q.
1348 2758 1367 2780 3.
1395 2758 1421 2780 ad
1448 2758 1469 2780 5.
1493 2770 1523 2774 —
1548 2758 1617 2780 Paulo
1643 2759 1750 2786 superius
1777 2758 1843 2781 codd.
1871 2759 1929 2780 TW

1078 2796 1204 2819 ostendunt
1222 2803 1263 2825 pro
1281 2796 1422 2827 siqnifictint.

1141 2835 1149 2849 ὃ
1168 2835 1240 2858 Codd.
1260 2835 1276 2858 C
1294 2842 1319 2858 aa
1338 2842 1363 2858 cc
1381 2840 1402 2858 et
1419 2836 1455 2858 cd.
1479 2837 1483 2858 1
1507 2842 1563 2859 rem
1580 2836 1738 2866 orqaniz-atio.

1141 2873 1150 2887 o
1169 2874 1218 2896 Vni.
1237 2874 1411 2903 (Ιίκίίηθίίυιωη,
1432 2881 1491 2904 quae
1509 2876 1577 2897 ctiam
1604 2875 1717 2897 substituit
1742 2875 1860 2898 veritatem
1887 2882 1929 2903 pro

1078 2912 1196 2935 virtatem.
1216 2913 1271 2935 Cod.
1290 2914 1308 2935 T
1327 2915 1408 2936 omittit
1425 2915 1447 2936 et
1464 2913 1601 2937 directiorem
1613 2933 1618 2941 ,
1644 2915 1718 2942 posito
1736 2920 1789 2937 cum
1815 2915 1930 2944 aliquibus

1079 2952 1128 2973 aliis
1146 2958 1200 2974 mss.
1219 2952 1352 2983 specificam
1371 2960 1412 2981 pro
1430 2953 1596 2983 slwcificatam.

1144 2991 1162 3005 Η)
1181 2992 1231 3014 Vat.
1244 2993 1386 3016 'necessaria
1400 2993 1432 3015 De
1446 2993 1593 3021 dispositione
1605 2994 1745 3016 necessitatis
1757 2994 1796 3016 cfr.
1810 2994 1831 3016 d.
1842 2994 1862 3016 9.
1873 3000 1894 3022 q.
1908 2993 1928 3015 5,

1933 783 2005 809 Salutio
2019 787 2051 805 op-

1940 811 1973 829 pos
1977 808 2024 824 itoru
2028 811 2052 823 m.

1939 1770 2029 1789 Rationes
2040 1776 2067 1789 se-

1940 1795 2024 1813 miuales.
