2243 3425
0 754 35 772 inio
50 759 95 776 quo-

0 777 65 796 indam.

0 1023 88 1042 uebatur.

0 1496 85 1519 gostinus.

0 1886 56 1905 ibium
72 1887 88 1904 1.

0 2016 22 2035 tbi
27 2022 55 2034 um
70 2017 88 2035 Ξ.

0 2445 53 2465 ibium
68 2447 85 2465 3.

857 198 1044 227 DISTlNCTIO
1066 198 1120 226 XX.

1804 199 1861 228 475

787 334 1074 370 DISTINCTIO
1100 334 1187 370 XX.

484 452 545 479 Car.
566 453 583 478 I.

229 540 266 565 De
286 537 364 565 modo
382 536 579 572 procreationis
596 536 731 572 filiorum,
750 537 776 563 si
794 545 850 564 non

181 576 185 577 ⁷
331 583 484 615 peccassent
498 579 589 614 primi
608 579 730 606 homines

178 669 240 695 Post
260 668 327 694 haee
348 667 493 694 videndum
512 670 566 699 est,
585 667 701 701 qualiter
720 667 800 701 primi
820 670 956 701 parentes,

109 712 131 738 si
151 719 203 738 non
231 714 405 746 peccassent,
433 710 502 736 filios
526 713 726 744 procreassent,
747 713 772 736 et
791 709 885 744 quales
906 710 956 744 ipsi

107 755 154 781 filii
176 757 358 781 nascerentur.
377 768 413 773 —-
440 753 552 785 Quidam
578 756 688 787 putant,
708 752 741 779 ad
760 752 908 786 gignendos
928 753 957 778 fi-

108 798 158 824 lios
177 797 279 832 primos
298 797 420 823 homines
440 797 465 822 in
484 796 610 830 paradiso
631 795 737 822 misceri
759 803 810 821 non
837 795 957 829 potuisse

109 841 157 867 nisi
178 844 239 875 post
258 843 412 874 peccatum,
432 839 566 872 dicentes,
587 838 760 865 concubitum
780 839 837 865 sine
866 846 957 865 corru-

107 884 198 919 ptione
219 883 259 909 vel
279 882 385 909 macula
404 890 455 908 uon
475 889 555 916 posse
575 881 640 908 fieri.
660 881 711 908 Sed
732 885 793 908 ante
813 884 955 915 peccatum

107 935 157 954 nec
176 927 314 960 corruptio
328 933 377 952 nec
391 925 496 952 macula
517 925 543 951 111
564 925 672 951 1101111110
686 932 744 951 esse
757 928 878 959 poterat;
893 932 957 959 quo-

107 971 178 997 niam
200 977 231 997 ex
252 973 364 1004 peccato
392 969 459 995 haee
488 971 633 995 consecuta
659 971 728 994 sunt.
756 983 792 987 —
816 968 855 994 Ad
882 968 954 1002 quod

107 1014 251 1041 dicendum
272 1016 324 1045 est,
344 1012 416 1047 quod
437 1012 458 1038 si
480 1019 530 1037 non
552 1015 708 1045 peccassent
723 1011 802 1045 primi
825 1011 955 1043 homines,

107 1058 163 1084 sine
183 1057 254 1083 omni
275 1059 387 1090 peccato
409 1058 434 1082 et
453 1054 559 1081 macula
581 1054 606 1080 in
632 1054 759 1089 paradiso
784 1054 885 1081 carnali
914 1062 956 1081 co-

106 1100 170 1135 pula
190 1099 392 1131 convenissent,
413 1101 439 1124 et
458 1101 528 1124 esset
556 1097 591 1124 ibi
622 1096 716 1124 thorus
743 1097 955 1128 z'rmnctczclatzcs‚

107 1147 132 1171 et
157 1143 313 1170 commixtio
342 1142 400 1168 sine
428 1141 663 1175 concupiscentia;
689 1144 770 1174 atquc
794 1141 955 1175 genitalibus

106 1187 234 1214 membris
260 1187 330 1212 sieut
348 1184 445 1212 ceteris
469 1184 646 1218 imperarent,
666 1187 694 1210 ut
715 1184 750 1210 ibi
772 1184 873 1211 nullum
903 1192 955 1211 mo-

107 1233 161 1257 tum
182 1229 305 1255 illicitum
325 1228 467 1260 sentirent;
488 1230 513 1253 et
533 1227 603 1254 sicut
623 1227 675 1253 alia
695 1227 817 1254 membra
831 1228 954 1261 corporis

106 1272 165 1299 aliis
185 1272 374 1303 admovemus,
394 1274 422 1296 ut
443 1277 550 1296 manum
571 1270 624 1302 ori,
644 1270 700 1296 sine
715 1270 811 1297 ardore
826 1270 954 1303 libidinis,

106 1316 142 1342 ita
162 1314 323 1349 genitalibus
343 1316 481 1340 uterentur
501 1313 630 1339 membris
658 1314 716 1340 sine
736 1313 826 1348 aliquo
847 1315 954 1348 pruritu

106 1359 202 1386 carnis.
217 1359 288 1384 Haec
303 1358 373 1384 enim
394 1357 499 1384 lethalis
523 1356 662 1390 aegritudo
682 1357 810 1383 membris
830 1357 954 1384 humanis

106 1410 139 1429 ex
159 1404 271 1436 peccato
292 1400 414 1427 inhaesit.
435 1400 595 1426 Genuissent
625 1400 715 1434 itaque
735 1400 803 1426 filios
824 1401 849 1426 in
879 1408 952 1434 para—

105 1445 163 1471 diso
192 1451 241 1478 per
269 1444 370 1469 coitum
401 1443 601 1469 immaculatum
631 1446 656 1469 et
684 1443 741 1469 sine
770 1444 952 1477 corruptione.

104 1488 179 1515 Unde
209 1487 374 1520 Augustinus
402 1493 484 1520 super
513 1485 671 1512 Genesim¹2
697 1485 771 1512 «Cur
792 1494 842 1512 11011
863 1487 954 1513 creda-

103 1539 177 1562 mus,
197 1531 299 1565 primos
320 1530 441 1556 homines
456 1532 516 1555 ante
530 1533 671 1563 peccatum
692 1529 854 1561 genitalibus
874 1537 954 1556 mem-

103 1574 160 1601 bris
179 1574 211 1600 ad
232 1573 447 1607 procreationem
471 1573 604 1606 imperare
624 1572 757 1606 potuisse,
771 1572 841 1598 sicut
855 1574 953 1599 ceteris

104 1618 130 1644 111
151 1617 271 1651 quolibet
291 1623 372 1650 opere
401 1616 459 1642 sine
488 1615 633 1649 voluptatis
653 1615 758 1648 pruritu
780 1615 897 1642 utimur?
916 1616 953 1642 in-

104 1660 235 1687 credibile
255 1659 324 1686 enim
346 1666 397 1685 non
416 1661 469 1691 est,
485 1659 567 1684 Deum
584 1658 644 1684 talia
660 1658 755 1684 fecisse
770 1658 814 1685 illa
828 1666 952 1692 corpora,

104 1707 141 1736 ut,
161 1704 182 1730 si
203 1710 254 1729 11011
275 1705 444 1736 peccassent,
466 1702 518 1727 illis
538 1701 667 1727 membris
686 1702 756 1727 sicut
770 1701 887 1735 pedibus
907 1702 953 1728 im—

103 1749 244 1782 perarent,
264 1754 313 1772 nec
333 1752 394 1772 cum
415 1745 510 1771 ardore
530 1745 692 1771 seminarent
715 1744 753 1770 vel
773 1752 834 1770 eum
858 1744 952 1771 dolore

104 1792 241 1824 parerent:
263 1788 309 1814 sed
328 1791 389 1822 post
409 1791 549 1821 peecatum
570 1790 671 1813 motum
692 1786 765 1813 illum
787 1790 951 1818 meruerunt,

103 1839 182 1866 quem
197 1832 307 1866 nuptiae
328 1830 460 1862 ordinant,
480 1830 643 1856 continentia
663 1829 771 1855 cohibet
783 1840 805 1855 ».
823 1829 952 1855 «Infirmi

102 1879 143 1902 tas
163 1875 233 1902 enim
253 1882 337 1909 prona
359 1874 383 1900 in
404 1874 508 1900 ruinam
530 1873 704 1907 turpitudinis
719 1873 853 1907 excipitur
873 1874 953 1900 hone-

103 1921 170 1945 state
190 1918 319 1952 nuptiali,
348 1920 373 1943 et
399 1916 470 1951 quod
501 1917 572 1942 sanis
596 1919 665 1942 esset
694 1915 811 1942 officium
836 1917 952 1950 aegrotis

103 1965 143 1988 est
163 1962 188 1987 in
208 1961 394 1987 remedium».
419 1959 535 1986 «Emissi
557 1959 665 1994 quidem
686 1959 719 1986 de
745 1959 871 1993 paradiso
891 1967 951 1986 con-

103 2007 234 2031 venerunt
253 2007 278 2030 et
301 2007 466 2038 genuerunt,
486 2003 531 2029 sed
555 2006 698 2037 potuerunt
721 2004 745 2028 111
766 2002 892 2037 paradiso
913 2004 952 2029 eis

103 2055 161 2075 esse
189 2047 304 2082 nuptiae·
329 2046 500 2073 honorabiles
521 2050 544 2072 ets
564 2046 657 2073 thorus
685 2046 875 2073 immmaculatm
894 2047 951 2073 sine

101 2090 199 2117 ardore
219 2089 353 2122 libidinis,
373 2090 431 2116 sine
451 2089 542 2116 labore
562 2089 721 2124 pariendi».

468 2175 529 2202 Car.
550 2176 578 2202 II.

271 2262 358 2294 Quare
379 2262 408 2288 m
424 2261 556 2296 paradiso
577 2269 632 2288 non
652 2261 780 2288 coierant.

171 2347 224 2374 Cur
244 2355 306 2382 ergo
329 2356 380 2374 non
404 2348 527 2374 coierunt
550 2348 573 2373 111
600 2347 744 2382 paradiso?
763 2348 838 2379 Quia,
859 2353 950 2376 creata

99 2391 226 2422 muliere,
248 2398 308 2417 mox
330 2391 504 2424 transgressio
524 2391 592 2417 facta
619 2394 670 2421 cst,
690 2394 714 2417 et
733 2391 810 2417 eiecti
836 2395 897 2418 sunt
917 2392 949 2418 de

100 2434 240 2468 paradiso:
262 2433 301 2459 vel
322 2434 384 2468 quia
404 2433 523 2459 nondum
544 2434 614 2460 Deus
635 2434 763 2463 iusserat,
784 2438 810 2460 ut
832 2435 949 2465 coirent,

101 2480 127 2503 et
146 2479 251 2511 poterat
278 2476 367 2502 divina
389 2476 540 2510 exspectari
562 2476 723 2508 auctoritas,
752 2476 795 2502 ubi
823 2478 951 2511 concupi-

99 2520 201 2546 scentia
232 2527 282 2546 non
312 2519 434 2552 angebat.
463 2519 533 2545 Deus
563 2526 625 2545 vero
655 2526 706 2545 non
737 2519 864 2551 iusserat,
885 2520 948 2553 quia

99 2569 191 2588 casum
212 2569 303 2588 eorum
326 2561 503 2596 praesciebat,
524 2561 557 2587 de
581 2561 681 2595 quibus
700 2561 780 2587 homo
800 2569 950 2596 propagau-

100 2604 151 2631 dus
171 2608 227 2631 erat
241 2605 259 2631 ².
272 2605 389 2631 —Iicce
410 2612 538 2638 expresse
558 2604 642 2630 habes
662 2604 695 2630 de
719 2604 798 2630 modo
820 2612 949 2639 propaga-

100 2648 180 2674 tionis
200 2648 324 2674 filiorum.

1380 453 1441 480 Car.
1463 454 1504 481 [11.

1028 531 1066 556 De
1084 529 1164 556 modo
1185 530 1375 557 translationis
1395 531 1424 558 m
1443 532 1556 563 melias,
1576 533 1603 559 si
1619 541 1675 560 non
1693 538 1851 569 peccassent.

1086 609 1123 635 De
1157 609 1269 635 termino
1302 617 1365 636 vero
1399 611 1541 644 temporis,
1573 619 1626 645 quo
1657 613 1863 640 transferrentur

1016 651 1049 677 ad
1068 652 1257 686 spiritualem³
1277 653 1475 688 caelestemque
1502 654 1596 686 vitam,
1629 659 1732 682 certum
1758 657 1862 691 aliquid

1015 693 1154 728 Scriptura
1174 702 1224 720 non
1255 695 1343 722 tradit.
1373 696 1404 721 Et
1434 696 1493 722 ideo
1518 697 1674 730 ambiguum
1696 702 1752 731 est,
1772 702 1862 726 utrum

1016 741 1157 771 parentes,
1176 739 1272 771 genitis
1292 738 1353 764 filiis
1381 739 1554 774 perfectaque
1582 741 1691 768 humani
1721 742 1801 768 officii
1826 743 1863 769 iu-

1014 781 1098 813 stitia,
1113 781 1145 808 ad
1161 781 1299 807 meliorem
1312 784 1410 808 statum
1431 783 1644 814 transferrentur,
1662 792 1712 811 non
1728 793 1776 819 per
1796 793 1864 812 mor-

1015 827 1082 855 tem,
1102 823 1149 850 sed
1169 832 1218 858 per
1246 824 1363 858 aliquam
1393 826 1585 859 mutationem,
1620 834 1651 852 an
1682 831 1807 861 parentes
1836 830 1862 856 in

1014 866 1104 901 aliquo
1123 870 1194 893 statu
1215 867 1284 894 vitae
1304 871 1485 900 remanerent,
1505 868 1576 903 ligno
1598 869 1667 895 vitae
1687 873 1799 903 utentes,
1819 871 1863 898 do-

1014 917 1063 936 nec
1083 910 1130 936 filii
1150 910 1183 936 ad
1203 910 1319 937 eundem
1339 914 1436 937 statum
1452 912 1639 945 pervenirent,
1660 914 1737 940 etsie
1752 914 1862 948 impleto

1014 960 1143 985 numero,
1170 960 1263 980 omnes
1283 954 1361 980 simul
1381 954 1414 981 ad
1444 955 1555 982 meliora
1586 956 1811 989 transferrentur,
1834 962 1864 985 ut

1014 999 1102 1022 essent
1121 996 1192 1022 sicut
1210 996 1294 1022 sancti
1314 996 1406 1030 Augeli
1421 997 1446 1023 in
1461 997 1551 1024 caelis.
1572 998 1609 1024 De
1623 1006 1677 1033 quo
1697 1001 1863 1033 Augustinus

1014 1038 1139 1072 ambigue
1158 1038 1265 1065 disserit
1279 1047 1361 1074 super
1375 1039 1498 1066 Genesim
1510 1040 1531 1072 ⁴,
1546 1041 1582 1067 ita
1596 1042 1733 1076 inquiens:
1749 1055 1759 1066 «
1771 1044 1863 1071 Potue-

1013 1085 1075 1108 runt
1094 1083 1173 1116 primi
1194 1082 1316 1109 homines
1336 1083 1360 1109 in
1375 1084 1501 1117 paradiso
1521 1084 1588 1110 tilios
1608 1085 1728 1119 gignere,
1756 1094 1807 1114 non
1834 1092 1863 1115 ut

1013 1124 1189 1151 morientibus
1210 1125 1367 1159 parentibus
1385 1126 1563 1153 succederent
1577 1127 1638 1160 filii,
1658 1129 1704 1155 sed
1726 1129 1751 1155 in
1771 1130 1862 1164 aliquo

1013 1168 1113 1194 formae
1142 1171 1212 1194 statu
1242 1168 1411 1195 manentibus
1440 1173 1465 1195 et
1493 1169 1526 1196 de
1554 1170 1625 1203 ligno
1652 1171 1722 1198 vitae
1744 1172 1862 1205 vigorem

1013 1210 1195 1243 sumentibus,
1215 1214 1241 1237 et
1261 1211 1308 1238 filii
1328 1211 1360 1238 ad
1387 1212 1502 1238 eundem
1522 1213 1736 1247 perducerentur
1754 1218 1862 1248 statum,

1012 1253 1112 1286 donec,
1132 1254 1242 1288 impleto
1263 1262 1388 1286 numero,
1409 1255 1466 1281 sine
1496 1259 1581 1283 morte
1601 1254 1726 1285 animalia
1747 1266 1860 1293 corpora

1013 1297 1037 1323 in
1059 1297 1137 1324 aliam
1159 1298 1314 1332 qualitatem
1334 1299 1489 1330 transirent,
1510 1299 1534 1325 in
1555 1308 1607 1333 qua
1628 1301 1736 1327 omnino
1759 1303 1861 1335 regenti

1012 1340 1118 1374 spiritui
1148 1340 1329 1372 deservirent,
1358 1345 1384 1367 et
1411 1342 1467 1368 solo
1496 1342 1593 1376 spiritu
1614 1343 1780 1377 vivificante,
1804 1346 1861 1372 sine

1012 1385 1151 1418 corporeis
1171 1384 1305 1411 alimentis
1325 1385 1482 1411 viverent».
1515 1386 1585 1412 «Vel
1605 1390 1749 1420 potuerunt
1769 1395 1863 1422 paren-

1013 1430 1051 1454 tes
1071 1427 1132 1453 filiis
1152 1427 1261 1460 cedere,
1283 1431 1311 1455 ut
1340 1436 1389 1462 per
1417 1429 1602 1456 successiones
1623 1438 1751 1457 numerus
1772 1431 1863 1465 imple-

1012 1474 1100 1501 retur,
1121 1471 1180 1505 qui,
1200 1472 1296 1504 =acuitis
1316 1471 1378 1497 filiis
1398 1472 1571 1506 perfectaque
1594 1472 1702 1499 humani
1723 1473 1802 1500 offleii
1827 1475 1863 1501 iu-

1011 1514 1094 1546 stitia,
1115 1514 1148 1540 ad
1169 1514 1279 1540 meliora
1302 1515 1518 1547 transferrentur,
1539 1523 1589 1542 non
1611 1523 1659 1550 per
1679 1520 1801 1549 mortem,
1814 1518 1861 1544 sed

1011 1564 1059 1590 per
1080 1556 1198 1591 aliquam
1225 1558 1399 1583 mutationem
1409 1569 1432 1583 ›=.
1451 1573 1487 1577 —
1506 1559 1576 1585 Eece
1604 1559 1648 1585 1110
1678 1560 1808 1587 habemus
1828 1561 1861 1587 de

1012 1599 1123 1625 transitu
1144 1599 1262 1625 hominis
1287 1600 1322 1626 ad
1349 1600 1475 1632 meliora,
1503 1601 1550 1627 sed
1570 1602 1703 1628 incertum
1724 1603 1801 1629 nobis
1820 1611 1861 1630 re-

1011 1641 1153 1676 linquitur,
1182 1646 1270 1669 utrum
1300 1643 1379 1669 simul
1409 1643 1632 1676 transferrentur,
1664 1652 1696 1671 an
1726 1653 1775 1679 per
1803 1653 1862 1673 suc-

1011 1692 1154 1712 cessiones.

1375 1765 1436 1791 er.
1456 1766 1498 1792 IV.

1049 1843 1145 1869 Utrum
1166 1842 1195 1869 m
1214 1842 1375 1878 perfectione
1393 1848 1512 1871 staturae
1531 1849 1554 1871 et
1573 1853 1626 1871 usit
1639 1845 1825 1873 membrorum

1292 1892 1506 1921 procrearentur·
1525 1888 1587 1923 filii.

1085 1971 1095 1982 «
1107 1959 1133 1986 Si
1149 1967 1212 1986 vero
1226 1960 1372 1994 quaeritur,
1392 1961 1498 1995 quales,
1511 1962 1532 1987 si
1546 1969 1597 1988 non
1613 1966 1752 1996 peccasset
1766 1964 1861 1996 homo,

1011 2004 1078 2029 filios
1107 2004 1254 2037 genuisset,
1284 2007 1373 2030 utrum
1404 2004 1541 2036 videlicet,
1571 2006 1641 2031 sieut
1671 2006 1728 2040 ipse
1757 2007 1860 2041 primus

1010 2047 1090 2073 bomo
1110 2046 1258 2072 secundum
1279 2050 1409 2073 staturam
1430 2048 1552 2081 eorporis
1573 2052 1598 2074 et
1620 2056 1696 2075 usum
1728 2050 1860 2076 membro-

1009 2097 1068 2116 rum
1100 2090 1235 2124 pert'ectus
1255 2097 1317 2116 mox
1346 2090 1471 2117 conditus
1498 2092 1612 2124 exstitit,
1643 2093 1678 2119 ita
1698 2093 1777 2120 etiam
1802 2094 1859 2119 eius

1009 2133 1055 2159 filii
1077 2133 1175 2167 inipso
1192 2133 1338 2159 nativitatis
1358 2134 1470 2160 exordio
1491 2135 1601 2168 perfecti
1622 2136 1776 2169 existerent,
1795 2136 1857 2170 quia

1009 2175 1148 2202 ambulare
1168 2179 1193 2202 et
1213 2176 1285 2210 loqui
1307 2179 1331 2202 et
1346 2179 1443 2202 cuncta
1459 2177 1545 2203 facere
1565 2178 1729 2211 1)osse11t⁶»;
1751 2186 1859 2213 respon—

1008 2218 1065 2244 deri
1080 2221 1182 2252 potest,
1202 2218 1274 2252 quod
1296 2219 1364 2245 tilios
1388 2219 1516 2253 parvulos
1545 2221 1617 2246 nasci
1639 2221 1781 2254 oportebat
1800 2229 1859 2255 pro-

1008 2266 1068 2296 pter
1087 2263 1200 2288 materni
1222 2262 1289 2288 uteri
1310 2262 1507 2289 necessitatem.
1527 2262 1579 2289 Sed
1601 2267 1689 2290 utrum
1719 2271 1781 2290 mox
1802 2264 1855 2291 nati

1008 2306 1199 2339 perfectionem
1219 2309 1338 2332 staturae
1368 2308 1393 2331 et
1412 2306 1594 2332 membrorum
1616 2315 1693 2333 usum
1714 2307 1857 2339 haberent3

1008 2356 1039 2374 an
1060 2348 1165 2382 parvuli
1196 2351 1221 2374 ct
1250 2349 1275 2374 111
1300 2348 1403 2374 minore
1423 2352 1509 2375 aetate
1533 2350 1669 2376 constituti
1690 2350 1727 2376 uti
1748 2354 1857 2384 possent

1007 2391 1189 2417 membrorum
1216 2391 1325 2422 ossiciis;
1358 2398 1389 2417 an
1416 2399 1465 2425 per
1485 2392 1624 2418 intervalla
1653 2396 1803 2427 temporum
1825 2401 1857 2420 eo

1007 2433 1101 2464 modo,
1122 2441 1175 2467 quo
1205 2441 1275 2459 nunc
1302 2434 1344 2465 fit,
1373 2434 1562 2467 perlectionem
1587 2438 1704 2461 staturae
1733 2439 1757 2461 et
1778 2443 1855 2462 usum

1007 2476 1188 2502 membrorum
1210 2477 1344 2510 recepturi
1364 2480 1463 2507 essent;
1484 2477 1516 2503 de
1540 2478 1746 2504 auctoritatibus
1766 2478 1857 2505 defini-

1008 2523 1061 2546 tum
1083 2527 1135 2545 non
1156 2520 1295 2546 habemus.

1077 2563 1109 2588 Et
1128 2570 1210 2596 super
1230 2563 1281 2589 hoc
1301 2563 1465 2595 Augustinus
1479 2563 1604 2596 ambigue
1628 2564 1755 2598 loquitur.
1784 2566 1856 2592 «Mo

1007 2608 1050 2631 vet
1079 2613 1140 2635 nos,
1171 2606 1269 2639 inquit,
1296 2606 1317 2631 si
1347 2606 1426 2639 pritni
1458 2606 1579 2632 homiues
1600 2614 1650 2633 non
1680 2612 1854 2641 peccassent,

1008 2652 1097 2675 utrum
1118 2649 1183 2675 tales
1204 2649 1271 2675 tilios
1291 2653 1378 2675 essent
1406 2649 1539 2681 habituri,
1560 2650 1605 2684 qui
1627 2658 1675 2676 nec
1695 2650 1784 2683 lingua
1806 2659 1855 2678 nec

163 2813 170 2827 1
188 2813 248 2835 Libr.
269 2813 305 2835 lX.
324 2821 342 2835 c.
360 2813 392 2835 10.
406 2819 427 2835 n.
450 2814 481 2835 18.
500 2814 604 2842 Sequens
622 2813 686 2835 loeus
703 2813 759 2835 ibid.
784 2820 804 2836 c.
821 2814 843 2835 7.
869 2820 889 2835 n.
912 2814 949 2842 12,

99 2856 121 2874 et
137 2853 217 2874 tertius
230 2852 284 2874 ibid.
297 2858 316 2874 c.
327 2853 347 2874 3.
361 2859 382 2874 11.
395 2853 416 2874 6.
429 2853 494 2874 -111
507 2854 582 2879 primo
595 2856 654 2874 textu
668 2853 735 2875 codd.
748 2859 801 2874 eum
814 2852 867 2875 edd.
879 2852 906 2877 4,
921 2853 933 2874 6
945 2871 949 2880 ,

100 2891 125 2919 8,
144 2891 156 2913 9
176 2892 278 2913 utantur
295 2897 336 2918 pro
355 2891 452 2913 utimur.
471 2892 492 2913 ln
511 2891 615 2916 originali
634 2891 745 2913 liabetur:
771 2892 830 2913 sieut
853 2892 948 2919 ceteris,

99 2935 159 2957 quae
176 2930 197 2951 111
216 2929 319 2958 quolibet
334 2936 405 2957 opere
423 2931 497 2951 aninia
516 2931 563 2951 sine
583 2931 624 2952 ulla
644 2930 746 2952 molestia
765 2934 787 2952 et
808 2932 873 2959 quasi
897 2937 949 2958 pru-

99 2969 143 2990 ritu
162 2969 287 2996 voluptatis
304 2972 389 2991 movet.
408 2981 437 2984 *-
456 2969 491 2990 Bis
509 2970 629 2996 respicitur
647 2969 701 2991 illud
719 2969 747 2991 ad
766 2969 835 2991 111-111.
863 2970 899 2997 13,
919 2969 950 2992 4:

99 3006 236 3029 Honorabile
254 3007 395 3029 connubium
415 3008 436 3029 111
455 3007 574 3034 omnibus,
594 3012 614 3030 ct
632 3009 711 3030 tliorus
729 3009 895 3031 immaculatus.

1070 2814 1080 2828 θ
1097 2815 1200 2841 August„
1219 2813 1274 2836 ibid.
1293 2820 1311 2836 c.
1331 2813 1351 2835 4.
1371 2820 1391 2835 11.
1411 2814 1436 2838 8,
1454 2815 1624 2837 sententialiter,

1069 2852 1078 2867 ³
1096 2852 1167 2875 Codd.
1186 2853 1253 2874 BCE
1270 2854 1400 2875 aetemu‘tm.
1419 2854 1487 2875 Paulo
1505 2854 1600 2876 inferius
1622 2861 1665 2882 pro
1690 2860 1722 2877 1171,
1742 2857 1854 2883 parentes

1005 2891 1030 2914 in
1047 2891 1127 2921 aliquo
1145 2892 1213 2913 codd.
1231 2898 1284 2913 cum
1303 2892 1409 2919 plurimis
1426 2892 1479 2914 edd.
1497 2898 1528 2914 (1η
1545 2893 1626 2921 putres
1644 2892 1667 2914 in
1685 2892 1775 2922 aliquo.

1068 2931 1077 2944 ⁴
1095 2931 1150 2953 ibid.
1168 2938 1187 2953 e.
1207 2931 1227 2953 3.
1246 2937 1267 2953 11.
1286 2931 1322 2959 6.,
1340 2933 1362 2953 ct
1378 2937 1426 2959 seq.
1444 2932 1509 2953 locus
1527 2931 1582 2954 ibid.
1601 2938 1619 2954 c.
1638 2933 1658 2954 6.
1677 2939 1697 2954 n.
1720 2933 1752 2955 lO.

1069 2970 1078 2984 ⁵
1094 2970 1173 2998 Ilugo,
1192 2971 1255 2992 Sum.
1274 2971 1334 2993 Sem.
1353 2974 1378 2992 tr.
1398 2970 1418 2992 3.
1437 2977 1455 2992 e.
1475 2970 1494 2998 4,
1514 2971 1553 2993 nbi
1570 2974 1592 2993 et
1609 2978 1657 3000 seq.
1676 2972 1747 3000 locus,
1766 2972 1794 2994 dc
1806 2979 1853 3001 quo

1005 3009 1046 3031 cfr.
1064 3010 1169 3037 August,
1188 3009 1216 3031 de
1230 3009 1315 3032 t‘eccat.
1333 3011 1406 3031 merit,
1425 3013 1446 3032 ct
1464 3010 1527 3038 Bapt.
1545 3011 1636 3038 parvul.
1656 3011 1669 3033 1,
1688 3018 1706 3033 c⁴
1725 3012 1761 3033 37.
1776 3018 1797 3034 11.
1816 3013 1853 3034 68.

1888 699 1994 722 Dupliciter

1876 723 1960 741 solvitur.

1882 1011 2003 1035 Augustinus.

1875 1270 1957 1288 Dubium
1971 1270 1988 1288 4,

1873 2577 1887 2594 Α
1892 2576 1996 2598 agustinus.
