2243 3425
16 1839 28 1874 ἒ
33 1855 122 1875 demerita.

740 227 822 256 DIST.
845 227 934 256 XXXI.
955 228 1028 256 ART.
1050 228 1078 256 ll.
1101 228 1236 264 QUAEST.
1258 228 1275 256 l.
1823 228 1877 256 747

134 354 254 390 Utraque
276 352 349 381 enim
371 353 473 381 harum
495 352 620 381 subiacet
641 352 791 380 voluntatis
807 352 937 389 imperio,
952 355 978 380 et
1035 357 1076 382 est
1098 354 1124 381 in
1147 361 1179 381 66
1194 353 1351 390 corruptio,
1371 361 1424 382 non
1441 354 1532 382 solum
1548 357 1678 391 respectu
1692 353 1880 391 potentiarum

133 403 252 437 utraque
273 399 375 428 harum
405 399 489 428 habet
517 406 629 428 sensum
659 398 832 427 adiunctum.
854 399 885 427 Et
912 399 978 436 quia
1034 400 1143 428 animae
1164 400 1342 437 vegetabilis,
1368 400 1416 429 sed
1439 400 1521 429 etiam
1543 403 1671 438 respectu
1692 401 1880 438 potentiarum

132 446 196 485 plus
211 446 291 475 estin
302 449 437 483 potestate
451 445 602 474 voluntatis
616 445 757 474 abstinere
771 454 788 473 a
802 446 876 474 coitu
892 453 976 482 quan]
1005 422 1008 525 ι
1034 447 1143 475 6616166
1165 447 1311 476 sensibilis.
1326 464 1366 468 —-
1380 448 1411 476 Et
1425 455 1475 484 per
1490 448 1542 477 hoc
1557 451 1632 485 patet
1654 448 1723 477 illud
1745 449 1820 486 quod
1842 448 1881 477 ul-

132 502 148 522 a
169 492 246 527 6111ος
267 495 294 521 61
315 500 413 521 566565
436 495 540 526 tactus,
555 492 603 529 qui
618 491 741 520 maxime
757 492 908 521 materialis
923 496 977 527 est,
1034 493 1102 521 timo
1123 494 1320 530 quaerebatur.

133 307 205 340 tiae;
227 314 280 335 606
302 306 341 334 516
362 309 454 334 autem
478 310 519 335 est
540 306 566 334 in
589 306 723 334 nutritiva
751 308 777 334 et
809 306 976 342 generativa.
1005 305 1008 420 1
1035 306 1109 343 viget
1131 307 1158 334 in
1179 314 1284 343 organo
1311 307 1505 343 generativae:
1532 307 1597 335 hinc
1618 310 1674 341 est,
1696 306 1770 343 quod
1793 307 1880 334 maior

875 593 1136 630 SOHOLION.

131 739 219 764 autem,
237 735 300 764 quod
317 735 353 757 illa
371 733 476 763 infectio,
497 740 557 763 quae
574 737 665 761 praeter
682 733 861 761 corruptionem
878 740 929 756 esse
946 734 977 756 di-
1035 737 1190 762 naventurae,
1208 737 1233 757 ut
1245 737 1288 757 tota
1308 736 1350 758 hac
1367 735 1510 758 distinctione
1522 737 1679 759 manifestatur
1692 738 1740 762 (cfr.
1754 739 1775 760 S,
1789 739 1879 767 Tuom,

131 776 189 797 citur
206 775 227 796 in
246 775 378 802 generativa
395 774 495 801 potentia
513 773 549 795 vel
567 773 589 795 in
607 773 706 801 semine,
725 779 795 801 quam
812 773 919 801 Magister
932 773 978 800 (bic
1035 773 1063 795 de
1081 773 1148 801 Malo,
1169 780 1190 802 q.
1210 773 1230 795 4..
1248 780 1267 796 a.
1287 775 1306 796 i.
1325 773 1354 796 ad
1372 775 1392 796 9.
1411 778 1432 797 et
1449 781 1468 797 a.
1488 775 1526 803 3.).

132 819 150 836 c.
169 814 199 842 2.)
218 816 286 835 vocat
301 811 437 836 morbidum
454 812 576 842 affectum,
597 818 641 834 non
659 811 728 834 debet
742 812 848 840 intelligi,
867 813 932 841 quasi
950 813 978 834 sit
1098 812 1121 833 ll.
1138 812 1199 834 Alex.
1218 812 1266 834 Hal.
1277 830 1282 840 ,
1300 813 1322 834 S.
1340 819 1363 841 p.
1381 813 1404 836 ll.
1424 820 1445 842 q.
1465 814 1472 835 i
1480 814 1516 836 06.
1534 819 1564 836 m.
1583 814 1604 835 7.
1622 820 1642 836 a.
1661 814 1681 836 3.
1699 814 1712 843 Ξ
1730 815 1751 837 3.
1763 827 1794 831 —
1806 815 1880 845 Scot.‚

130 853 228 881 positiva
246 852 361 880 quaedam
378 851 482 881 qualitas
499 850 622 878 morbida,
651 853 676 873 ut
698 850 852 879 opinabantur
875 851 977 873 nonnulli
1005 813 1008 951 μ
1036 851 1077 874 106,
1096 852 1132 873 cit.
1150 863 1181 867 —
1198 851 1219 873 S.
1239 851 1334 880 Tuom,
1352 853 1389 874 1116
1406 858 1428 880 q.
1447 853 1468 874 2.
1486 858 1505 874 a.
1524 853 1552 881 2;
1571 853 1592 875 S.
1610 853 1624 874 l.
1643 853 1666 876 11.
1684 860 1706 882 q.
1725 854 1760 876 83.
1779 860 1798 876 a.
1818 854 1837 876 4.
1850 867 1881 871 —

194 697 208 719 1.
227 696 342 719 Consentit
359 697 380 718 S.
400 696 482 718 Tliom.
495 696 634 718 conclusioni
652 698 674 718 et
691 694 828 723 probationi.
846 695 976 717 Notandum
1004 694 1008 810 ι
1035 696 1088 717 nino
1106 696 1178 718 aliena
1196 698 1228 718 est
1244 702 1255 718 a
1268 698 1377 719 sententia
1390 698 1551 726 principalium
1569 698 1761 721 Scholasticorum
1774 704 1795 721 et
1807 700 1828 721 S.
1841 699 1880 722 Bo-

131 892 216 920 antiqui
233 891 378 919 Scholastici,
396 894 417 914 et
434 893 512 919 postea
530 891 653 913 lansenius.
672 889 754 913 Contra
768 891 826 913 hanc
844 892 976 919 opinionem
1033 890 1090 912 Petr.
1109 897 1120 912 a
1140 890 1200 919 Tan,
1219 891 1256 912 liic
1269 897 1290 919 q.
1310 891 1330 912 3.
1344 897 1363 913 a.
1378 891 1555 914 2.—Ricliard.
1574 898 1586 913 a
1604 892 1669 920 Med„
1687 892 1724 915 1116
1742 899 1761 914 a.
1781 894 1800 915 i.
1819 900 1839 922 q.
1860 893 1880 915 3.

130 931 211 952 merito
229 930 305 958 arguit
321 929 379 952 Scot.
399 929 431 957 (ll.
450 930 510 952 sent.
529 929 550 951 d.
569 929 605 951 32.
619 936 640 957 q.
658 929 724 951 unica
738 935 759 951 n.
775 929 821 957 5.);
839 935 913 958 eaque
931 935 977 951 oni·
1033 941 1065 945 —
1082 929 1156 957 AEgid.
1174 929 1216 957 R.,
1239 929 1276 951 1116
1294 936 1316 958 q.
1339 931 1356 952 1.
1375 936 1394 952 a.
1413 930 1434 952 3.

855 1031 1089 1065 ARTICULUS
1116 1032 1153 1064 ΙΙ.

600 1124 704 1153 Utrum
727 1124 871 1162 originale
893 1124 1127 1161 trctnsfwtdcttttr
1149 1125 1294 1154 mediante
1314 1134 1412 1154 carne.

1034 1230 1125 1252 carne.

1113 1270 1240 1299 Secundo
1262 1271 1423 1308 quaeritur,
1446 1276 1541 1301 utrum
1564 1272 1616 1301 1106
1638 1273 1672 1301 sit
1687 1281 1723 1302 ex
1739 1273 1880 1302 voluntate

1034 1317 1128 1354 aliqua
1149 1320 1176 1347 et
1197 1318 1323 1355 appetitu
1343 1319 1461 1347 animae.

1114 1365 1206 1394 Tertio
1233 1365 1395 1402 quaeritur,
1423 1368 1520 1395 utrum
1549 1365 1611 1395 talis
1637 1367 1746 1395 infectio
1769 1366 1816 1395 fiat
1844 1375 1880 1396 ex

1034 1412 1248 1449 propagatione,
1270 1412 1314 1441 vel
1336 1412 1459 1441 libidine.

208 1223 415 1260 Consequenter
444 1223 517 1252 circa
543 1223 699 1252 secundum
721 1223 893 1260 principale,
922 1231 977 1260 quo

130 1270 234 1299 scilicet
262 1270 466 1307 quaerebatur,
488 1274 583 1299 utrum
606 1270 741 1307 originale
763 1270 977 1299 transfundatur

129 1317 269 1346 mediante
284 1324 367 1346 carne
380 1340 386 1351 ,
405 1317 614 1354 procedendum
630 1320 679 1346 est.
696 1317 727 1345 Et
741 1317 814 1346 circa
829 1317 881 1346 1106
896 1325 978 1354 quae-

130 1366 233 1393 runtur
254 1364 315 1392 tria.

208 1411 300 1440 Primo
329 1411 489 1448 quaeritur,
518 1414 614 1440 utrum
644 1412 737 1440 anima
758 1411 845 1448 possit
866 1410 940 1440 infici
961 1420 977 1440 a

904 1520 1067 1557 QUAESTIO
1089 1521 1106 1548 1.

701 1605 805 1634 Utrum
827 1607 932 1635 antona
950 1608 1043 1645 possit
1065 1607 1147 1644 inlici
1167 1616 1186 1636 ct
1209 1616 1308 1637 carne.

208 1705 286 1733 Circa
300 1705 424 1742 primum
440 1705 478 1733 516
493 1703 655 1741 proceditur
670 1708 697 1733 et
711 1705 866 1741 quaeritur,
878 1709 974 1734 utrum
1112 1707 1137 1734 lt.
1160 1706 1243 1741 ltem,
1264 1707 1342 1735 nulla
1362 1707 1519 1744 proprietas
1541 1708 1698 1737 traducitur
1720 1709 1755 1737 ab
1776 1718 1833 1738 666
1854 1711 1881 1738 16

128 1753 220 1781 anima
242 1751 380 1781 inficiatur
402 1760 418 1779 a
440 1758 531 1781 carne.
555 1751 585 1779 Et
605 1751 681 1788 quod
703 1751 754 1785 516,
776 1751 904 1781 videtur:
1033 1752 1169 1787 alterum,
1192 1753 1244 1782 nisi
1268 1754 1406 1783 mediante
1428 1754 1522 1792 aliqua
1543 1755 1698 1784 substantia
1727 1756 1881 1792 deferente,

209 1802 233 1828 l.
256 1800 347 1829 Primo
367 1807 418 1837 per
445 1799 653 1828 auctoritatem
680 1798 801 1836 Apostoli
823 1800 858 1828 ad
881 1800 976 1828 Roma·
1033 1808 1104 1837 quae
1134 1800 1169 1829 sit
1197 1801 1353 1829 communis
1379 1801 1492 1838 utrique
1506 1802 1536 1835 ⁴;
1558 1802 1606 1831 sed
1628 1802 1705 1831 nulla
1726 1803 1881 1832 substantia

128 1855 178 1877 1165
200 1847 353 1884 septimo¹t
377 1846 460 1880 Scio,
483 1846 560 1884 quod
579 1854 638 1875 non
659 1845 772 1875 habitat
794 1846 825 1874 in
845 1855 900 1880 me,
923 1846 976 1875 1166
1034 1849 1075 1875 651
1096 1847 1253 1875 communis
1282 1848 1353 1884 patri
1386 1851 1413 1876 et
1434 1848 1504 1885 proli
1534 1849 1587 1877 nisi
1616 1849 1674 1878 sola
1700 1850 1791 1878 carnis
1819 1850 1883 1879 sub-

129 1898 171 1923 est
190 1894 221 1922 in
243 1902 332 1922 carne
352 1902 428 1927 mett,
449 1893 576 1926 Imaum,-
598 1893 636 1922 ibi
658 1893 771 1922 Glossa:
801 1905 813 1919 «
828 1894 976 1931 Corruptio
1034 1894 1151 1922 stantia:
1174 1902 1241 1931 ergo
1264 1894 1434 1931 impossibile
1449 1898 1506 1929 651,
1521 1899 1666 1932 peccatum
1682 1897 1770 1933 patris
1785 1897 1811 1925 in
1826 1898 1881 1925 ani-

129 1949 178 1979 per
200 1941 385 1970 conditionem
408 1940 567 1969 offensionis
588 1944 682 1969 manet
697 1941 724 1969 in
740 1949 873 1978 corpore,
889 1941 976 1970 robur
1034 1948 1108 1968 mam
1131 1940 1178 1968 filii
1202 1941 1385 1975 descendere,
1407 1942 1458 1970 nisi
1481 1942 1621 1971 mediante
1645 1951 1736 1972 carne.

128 1991 224 2017 tenens
246 1988 356 2016 divinae
378 1987 531 2016 sententiae
546 1987 627 2016 datae
643 1987 669 2015 in
689 1987 791 2022 Adam,
814 1989 894 2017 cuius
916 1996 976 2017 con·
1114 1989 1138 2016 5
1155 1988 1237 2017 Item.
1255 1988 1327 2016 mala
1342 1988 1494 2026 dispositio,
1510 1990 1633 2018 existens
1649 1990 1675 2018 in
1692 1998 1817 2027 corpore,
1837 1999 1882 2028 po-

129 2036 214 2065 sortio
235 2035 327 2064 anima
348 2034 508 2064 maculatur
528 2037 683 2071 peccato».
707 2035 745 2063 Ex
768 2035 820 2064 1166
841 2042 976 2072 expresse
1034 2038 1086 2064 test
1108 2035 1241 2064 inducere
1256 2035 1423 2064 oblivionem
1439 2036 1466 2065 in
1482 2038 1646 2066 memoriam
1661 2041 1688 2066 et
1712 2038 1880 2067 dementiam

128 2083 283 2120 colligitur,
305 2082 379 2120 quod
402 2090 466 2110 caro
488 2081 574 2110 inficit
595 2081 734 2118 spiritum.
1034 2082 1060 2110 in
1083 2082 1292 2119 intelllgentiam
1306 2094 1311 2110 z
1328 2090 1394 2120 ergo
1408 2084 1469 2120 pari
1485 2084 1591 2112 ratione
1608 2084 1633 2112 in
1650 2084 1819 2113 voluntatem
1836 2093 1881 2122 po-

207 2131 233 2158 2.
255 2129 338 2164 Item,
360 2129 531 2166 Augustinus
552 2128 587 2157 de
608 2128 707 2157 Verbis
722 2129 841 2165 Apostoli
857 2128 883 2156 2:
907 2140 919 2155 «
935 2129 976 2157 Vi-
1034 2131 1087 2157 test
1101 2128 1234 2157 inducere
1256 2129 1524 2166 concupiscentian13
1547 2130 1594 2158 sed
1615 2131 1837 2167 concupiscentia
1852 2132 1879 2159 in

127 2177 197 2206 tium
218 2175 456 2213 concupiscentiae
477 2178 534 2209 est,
556 2175 631 2212 quod
659 2175 752 2203 anima
773 2176 911 2212 pertraxit
939 2183 975 2208 ex
1033 2175 1126 2203 anima
1148 2179 1190 2204 est
1210 2179 1355 2212 peccatum
1384 2176 1537 2213 originale,
1564 2177 1635 2206 sicut
1661 2181 1801 2206 ostensum
1828 2178 1880 2206 fuit

128 2231 210 2253 carne
224 2234 251 2250 n.
1034 2229 1119 2258 supra
1130 2222 1154 2249 ⁵:
1171 2230 1237 2259 ergo
1253 2230 1317 2251 caro
1332 2227 1422 2260 potest
1436 2224 1526 2252 facere
1541 2224 1663 2252 animam
1685 2224 1876 2261 peccatricem.

207 2270 232 2298 3.
255 2270 337 2304 Item,
359 2270 410 2298 hoc
433 2269 525 2307 ipsum
547 2269 659 2298 videtur
681 2270 804 2298 ratione.
829 2270 974 2299 Peccatum
1114 2270 1138 2296 (1.
1162 2269 1243 2303 item,
1272 2269 1364 2298 anima
1393 2270 1486 2298 iuncta
1512 2271 1587 2298 carni
1614 2270 1736 2307 passibili
1760 2270 1879 2299 efficitur

128 2316 261 2354 originale
290 2317 360 2345 inest
386 2316 492 2345 homini
513 2324 548 2345 ex
572 2316 639 2351 1166,
662 2317 736 2354 quod
760 2316 918 2345 traducitur
939 2325 975 2346 ex
1033 2315 1173 2351 passibilis
1185 2319 1211 2344 et
1226 2315 1337 2344 dolens:
1354 2323 1419 2352 ergo
1435 2317 1494 2352 pari
1511 2317 1625 2351 ratione,
1641 2317 1787 2345 coniuncta
1802 2318 1876 2345 carni

128 2364 218 2401 primo
239 2367 366 2401 parente,
389 2364 415 2391 16
437 2371 493 2400 quo
519 2371 615 2392 omnes
636 2365 739 2401 posteri
762 2364 895 2393 dicuntur
917 2372 976 2401 pec.-
1034 2361 1149 2390 infectae
1177 2366 1204 2390 et
1236 2362 1354 2391 lascivae
1383 2363 1542 2391 maculatur
1563 2366 1590 2391 et
1611 2363 1731 2393 efficitur
1752 2364 1880 2401 concupi-

128 2418 224 2445 casseg
246 2411 294 2440 sed
317 2418 370 2439 non
394 2410 496 2439 dicitur
518 2410 593 2438 filius
614 2410 689 2438 nasci
712 2418 747 2438 ex
770 2413 849 2447 patre
869 2410 920 2438 nisi
936 2418 976 2438 so·
1003 2409 1006 2580 ι
1033 2415 1126 2436 scens:
1143 2408 1164 2437 si
1180 2416 1246 2445 ergo
1268 2409 1490 2446 concupiscentia
1509 2414 1653 2447 peccatum
1670 2414 1723 2444 651.
1738 2414 1813 2447 patet
1828 2414 1878 2439 etc.

129 2457 273 2485 lummodo
295 2457 401 2485 ratione
423 2456 530 2491 carnis,
552 2464 635 2493 quam
658 2464 695 2484 ex
717 2464 749 2484 eo
772 2455 892 2484 trahit³:
909 2464 976 2493 ergo
1112 2455 1164 2483 SED
1180 2463 1303 2483 CONTRA:
1322 2457 1345 2483 l.
1361 2456 1507 2485 Anselmus
1522 2456 1556 2485 de
1573 2456 1712 2493 Conceptu
1731 2457 1877 2493 virginali,

129 2504 151 2533 si
177 2504 269 2532 anima
294 2503 413 2533 efficitur
440 2504 598 2540 peccatrix,
620 2503 673 2532 hoc
695 2506 736 2532 est
757 2511 773 2530 a
795 2503 973 2540 corruptione
1033 2501 1154 2538 capitulo
1175 2502 1333 2539 septimoss:
1356 2503 1439 2531 «Non
1455 2507 1497 2532 est
1512 2503 1599 2540 magis
1621 2503 1703 2540 culpa
1718 2504 1744 2532 in
1761 2504 1878 2539 semine,

130 2551 227 2579 carnis.
1033 2556 1117 2585 quarn
1132 2549 1168 2577 sit
1188 2549 1213 2576 in
1237 2552 1326 2585 sputo,
1350 2550 1393 2578 vel
1415 2550 1564 2586 sanguine,
1579 2551 1601 2578 si
1617 2551 1680 2587 quis
1696 2551 1767 2579 mala
1783 2551 1878 2580 volun·

193 2705 199 2719 ¹
219 2706 282 2728 Vers.
303 2706 345 2728 Ἰ18;
370 2706 421 2728 Scio
438 2707 511 2733 enim,
530 2707 582 2734 quia
606 2712 650 2728 uon
669 2708 710 2728 616.
730 2718 759 2721 —
777 2706 892 2733 Gfflssam,
916 2712 975 2734 quae
1094 2705 1104 2720 3
1121 2705 1164 2728 Ct'r⁴
1184 2711 1252 2733 supra
1272 2705 1293 2726 d.
1316 2704 1348 2726 18.
1367 2711 1385 2726 a.
1405 2705 1425 2725 2.
1444 2711 1465 2733 q.
1485 2704 1504 2726 3.

131 2747 204 2767 sumta
222 2748 255 2767 est
271 2751 298 2768 ex
314 2744 496 2773 Commentario,
514 2744 636 2767 Ambrosio
653 2744 750 2772 tributo,
774 2751 844 2772 super
868 2746 928 2767 1111116
946 2745 975 2767 lo=
1095 2744 1103 2758 ⁴
1122 2744 1179 2766 Vide
1197 2750 1267 2771 supra
1285 2750 1338 2772 pag.
1357 2743 1397 2771 26,
1416 2747 1466 2766 nota
1486 2743 1507 2765 5.

131 2789 196 2811 cum,
214 2783 320 2806 exhibent
337 2784 432 2806 Strabus
450 2787 471 2806 61
487 2783 590 2811 Lyranus
608 2783 651 2806 sub
673 2790 695 2805 v.
718 2783 750 2805 17.
769 2782 813 2805 Csr.
832 2784 867 2805 liic
887 2784 915 2805 lit.
935 2783 976 2805 Ma·
1003 2706 1006 2867 ⁵
1095 2783 1104 2796 5
1121 2782 1174 2805 Dist.
1194 2782 1230 2804 30.
1254 2789 1273 2804 a.
1292 2783 1312 2804 ⁵2.
1335 2788 1356 2810 q.
1384 2783 1399 2803 1.
1418 2795 1448 2797 -
1465 2782 1497 2804 De
1515 2783 1589 2810 prima
1614 2783 1681 2804 liuius
1704 2788 1751 2810 arg.
1774 2784 1878 2811 proposi-

131 2823 205 2850 gistri,
224 2828 243 2845 e.
261 2823 282 2844 5.
1033 2823 1103 2849 tione,
1116 2823 1137 2843 in
1156 2827 1201 2850 qua
1215 2821 1263 2843 Vat.
1282 2825 1304 2843 61
1315 2821 1368 2843 6(1(1,
1387 2821 1412 2849 2,
1426 2822 1451 2849 3,
1470 2821 1482 2843 sl·
1501 2827 1542 2849 pro
1559 2820 1695 2850 incorpore
1712 2821 1880 2845 substituerunt

192 2862 201 2876 2
218 2862 240 2884 ln
259 2863 301 2885 hoc
318 2865 390 2890 textu,
412 2862 441 2885 <le
459 2868 504 2891 quo
528 2862 581 2885 vide
604 2863 640 2884 liic
657 2862 686 2884 lit.
705 2862 817 2889 Magistri,
840 2867 858 2883 c.
877 2861 901 2889 5,
927 2862 975 2883 Vat.
1003 2870 1006 3042 R
1032 2860 1057 2883 in
1074 2866 1157 2888 carne,
1177 2860 1230 2882 vide
1248 2866 1317 2888 supra
1335 2860 1357 2882 d.
1376 2860 1412 2882 25.
1430 2867 1452 2888 p.
1472 2860 1495 2882 ll.
1514 2866 1535 2889 q.
1554 2861 1574 2882 6.

129 2901 248 2930 pertraxit
265 2903 361 2924 mutavit
378 2902 399 2924 in
418 2901 549 2930 contraxit,
576 2904 599 2923 ut
622 2900 689 2923 babet
716 2901 836 2928 Megisten
855 2900 895 2922 sed
919 2900 975 2922 intra
1095 2900 1104 2913 ⁶
1122 2899 1208 2921 Textus
1225 2899 1341 2927 originalis
1358 2900 1409 2921 hic:
1435 2899 1482 2921 Non
1508 2903 1583 2922 tamen
1610 2901 1684 2928 magis
1701 2904 1734 2923 est
1751 2902 1772 2923 in
1791 2902 1877 2923 semine

132 2940 153 2962 d.
173 2940 208 2962 32.
226 2946 245 2962 a.
264 2941 284 2962 2.
304 2947 324 2969 q.
352 2942 368 2963 l.
392 2940 494 2963 fundam.
520 2941 540 2967 i,
565 2942 612 2967 ipsa
637 2940 685 2962 Vat.
712 2943 732 2961 et
759 2945 839 2961 omnes
865 2939 932 2961 codd.
956 2942 976 2961 et
1034 2939 1111 2966 culpa,
1130 2944 1199 2967 quani
1218 2941 1252 2960 est
1269 2939 1289 2959 in
1308 2941 1399 2966 sputo...
1418 2942 1456 2960 aut
1474 2938 1501 2961 de
1519 2940 1631 2967 sanguine
1652 2945 1694 2962 suo
1711 2940 1798 2968 aliquid
1815 2941 1878 2962 emit-

132 2978 184 3000 edd.
201 2978 284 3001 liabent
299 2978 423 3008 pertrahit.
442 2978 513 3001 Codd.
532 2979 538 3000 l
557 2978 588 3001 bb
606 2984 648 3006 pro
665 2984 696 3001 eac
713 2983 785 3000 carne
802 2977 943 2999 substituunt
962 2983 977 2999 [ι
1034 2978 1064 2999 tit.
1078 2977 1183 2999 —Ratio
1202 2978 1223 2998 in
1242 2977 1387 2999 conclusione
1404 2977 1488 3005 addita,
1506 2978 1552 2999 scil.
1571 2977 1592 3000 st
1602 2977 1663 3001 mlzz'l
1673 2980 1747 3007 potest
1759 2978 1816 3002 (lare
1828 2982 1877 3008 etc„

133 3023 210 3040 carne.
1033 3017 1160 3038 insinnatur
1177 3014 1205 3037 ab
1224 3016 1328 3043 lxi-istoc,
1346 3016 1368 3038 ll.
1388 3016 1477 3038 Elcncli.
1496 3022 1514 3039 c.
1534 3017 1553 3038 3.
1573 3016 1601 3044 (c.
1620 3018 1675 3046 22).

1892 2462 1921 2480 Ad
1934 2463 2009 2486 opposi-

1928 2488 1974 2504 tum.
