2243 3425
11 2025 65 2060 »pingo
77 2025 94 2043 1.
108 2027 125 2043 et

760 196 842 225 DlST.
866 196 916 224 XL.
938 195 1011 223 ART.
1036 194 1052 222 l.
1075 195 1211 231 QUAEST.
1233 195 1249 223 l.

137 284 208 314 quae
231 284 296 304 mox
320 275 462 304 nominata
483 275 631 304 coniuncta
649 278 714 304 sunt
737 275 809 303 malo
825 286 851 309 »,
874 278 901 302 et
922 274 987 302 talia

137 324 234 353 dicunt
256 323 376 359 theologi
392 330 452 351 esse
475 323 547 361 mala
575 322 730 351 secundum
751 330 791 351 se:
808 323 830 351 si
853 323 938 359 igitur
960 323 985 351 10

136 371 240 399 talibus
261 370 370 399 actibus
386 370 609 407 inseparabiliter
627 369 763 398 adhaeret
778 370 895 404 malitia,
914 371 988 400 vide-

136 421 192 451 tur,
214 418 290 454 quod
313 416 473 445 huiusmodi
496 420 575 445 actus
590 424 644 444 non
666 416 773 453 possint
788 417 846 445 sieri
871 418 933 445 boni
950 426 986 446 ex

136 465 287 493 intentione
309 467 413 493 nostra.

217 512 241 540 3.
262 511 341 545 116111,
371 511 476 548 aliquid
507 514 547 539 est
570 510 692 544 malum,
722 512 797 548 quod
828 516 869 540 est
891 517 987 541 contra

136 559 184 587 Dei
208 558 386 592 mandatum,
407 557 456 586 sed
479 557 593 586 intentio
616 561 710 586 nostra
732 566 785 586 nou
809 563 899 595 potest
921 560 988 588 divi-

136 613 203 634 num
228 605 391 633 mandatum
414 604 580 641 infringere:
603 612 670 641 ergo
692 613 745 633 non
770 608 859 641 potest
881 606 985 641 facere,

136 653 211 690 quod
234 652 317 680 1101110
339 651 465 680 faciendo
487 654 583 680 contra
598 651 645 680 Dei
670 653 831 681 mandatum
855 662 909 681 non
929 662 989 690 pec-

137 703 190 728 cet:
208 699 292 736 igitur
307 702 568 736 quantumcumque
584 699 688 728 bonum
705 700 838 732 intendat,
854 701 875 729 si
892 705 988 729 contra

136 746 183 774 Dei
208 746 370 774 mandatum
390 745 483 779 faciat,
499 753 553 773 non
576 746 629 774 erit
650 746 767 781 bonum,
795 748 842 776 sed
866 748 987 776 malum:

136 801 202 830 ergo
223 801 276 820 non
299 795 341 820 est
361 792 529 828 generaliter
551 800 665 826 verum,
687 794 762 830 quod
785 794 905 831 qualitas
927 803 989 831 ope-

136 840 175 869 ris
197 848 212 868 a
234 839 367 876 qualitate
390 839 548 868 intentionis
570 843 710 868 causetur.

215 887 242 915 lt.
265 886 344 920 ltem,
373 885 478 914 honum
507 886 690 915 absolutum¹
722 889 923 925 praesupponit.
944 889 990 917 bo-

136 941 203 962 num
227 941 263 962 ex
284 933 508 967 circumstantia3
532 933 601 961 011111
623 934 696 962 enim
719 938 761 963 est
783 935 946 971 simpliciter
962 940 990 965 et

136 981 264 1010 absolute
286 980 406 1014 bonum,
428 979 481 1008 nisi
504 980 640 1009 vestiatur
661 981 762 1009 debitis
784 982 989 1012 conditionibus

136 1031 163 1057 et
181 1027 407 1057 circumstantiis.
431 1027 484 1056 Sed
505 1027 599 1064 aliqua
625 1031 690 1056 sunt
710 1036 807 1065 opera,
827 1037 898 1066 quae
921 1038 990 1059 sem-

136 1083 186 1112 per
208 1075 304 1103 dicunt
333 1074 486 1102 carentiam
508 1074 618 1103 debitae
647 1075 888 1109 circumstantiae,
918 1077 990 1105 sicut

136 1121 293 1151 interficere
310 1121 497 1155 innocentem,
513 1125 562 1149 aut
583 1122 676 1150 dicere
691 1122 792 1151 falsum
816 1123 947 1155 scienter,
963 1128 990 1152 et

137 1168 306 1198 consimilia:
329 1176 396 1205 ergo
419 1168 539 1202 videtur,
562 1169 637 1205 quod
660 1172 922 1207 quantumcumque
944 1171 990 1198 ali-

136 1217 200 1254 quis
222 1216 287 1244 talia
310 1216 381 1244 bona
411 1215 562 1244 intentione
584 1216 678 1248 faciat,
700 1224 754 1244 non
782 1220 865 1245 erunt
886 1217 990 1254 simpli-

137 1264 205 1293 citer
227 1263 311 1291 bona:
338 1271 404 1299 ergo
426 1271 478 1291 non
506 1263 631 1297 videtur,
653 1264 728 1300 quod
755 1264 875 1300 qualitas
897 1265 990 1301 operis

137 1318 249 1347 semper
272 1310 438 1346 respondeat
461 1309 587 1346 qualitati
610 1309 777 1339 intentionis.

457 1411 668 1432 CONCLUSIO.

139 1499 275 1535 Qualitas
298 1506 419 1535 operam
433 1506 546 1534 semper
568 1498 720 1534 respondet
742 1498 882 1536 qualitati
902 1499 990 1527 inteu-

217 1545 320 1578 tiouis,
343 1545 500 1573 [tantimodo
522 1544 642 1572 intentio
664 1544 739 1573 bona
761 1545 909 1581 accipitur
931 1554 989 1573 nou

217 1596 332 1621 amaon
355 1595 486 1628 respecta
502 1591 597 1628 ‘z'psiiw
619 1591 682 1620 finis
704 1592 815 1623 intenti,
836 1593 887 1620 sed
901 1593 989 1621 etiam

217 1643 349 1677 «respecta
365 1639 432 1667 boui
446 1638 562 1666 ordinis
577 1638 734 1667 mediorum
752 1639 792 1667 acl
809 1638 912 1675 finem,-
925 1639 990 1668 sola

217 1691 316 1716 (tutem
346 1686 442 1714 intenti
473 1685 587 1714 bonitas
614 1694 673 1714 non
700 1685 826 1724 sufficit,
856 1690 889 1714 ut
917 1696 990 1724 opus

219 1735 325 1763 reddat
346 1733 463 1767 bonam,
485 1733 562 1761 sicat
583 1732 701 1761 malitia
723 1733 819 1761 reddit
840 1734 962 1762 malam.

216 1830 394 1857 Ruspouoeo:
417 1828 456 1856 Ad
479 1827 688 1864 praedictorum
715 1827 926 1864 intelligentiam
949 1832 991 1856 est

137 1877 306 1910 notandum,
335 1875 410 1912 quod
432 1875 506 1903 circa
535 1875 587 1903 1106
609 1874 644 1902 ab
665 1875 780 1912 antiquo
808 1875 915 1912 duplex
939 1875 991 1903 t'uit

137 1924 243 1962 opinio,
265 1924 337 1952 sicut
358 1922 487 1958 Magister
508 1922 533 1949 in
558 1921 649 1949 littera
671 1921 802 1958 explicat.

218 1971 336 2007 Quidam
353 1970 426 1998 enim
447 1969 594 1999 dixerunt.
610 1969 684 2005 quod
708 1969 875 2005 generaliter
892 1977 990 1997 verum

139 2022 193 2051 est,
216 2017 289 2055 quod
307 2025 392 2054 opera
414 2017 486 2045 bona
508 2016 551 2045 vel
573 2016 647 2044 mala
669 2019 823 2053 pensantur
848 2024 884 2045 ex
906 2017 992 2045 inten-

138 2066 220 2094 tione.
250 2064 298 2092 Alii
322 2072 389 2092 vero
418 2063 565 2096 dixerunt,
588 2063 663 2099 quod
685 2071 770 2100 opera
800 2072 853 2092 non
876 2072 992 2101 pensan-

140 2113 205 2141 tur²
226 2111 392 2149 generaliter
416 2111 487 2139 bona
509 2110 552 2138 vel
569 2110 655 2142 mala,
678 2110 725 2139 sed
749 2111 838 2139 solum
856 2111 904 2139 illa
919 2119 991 2148 quae

138 2158 325 2187 indifferentia
344 2161 409 2186 sunt
431 2157 465 2185 ad
483 2157 548 2191 1106,
570 2156 645 2193 quod
668 2156 735 2185 fiant
751 2157 821 2186 bene
843 2158 887 2186 vel
910 2158 990 2186 male.

138 2206 186 2234 Illa
207 2208 301 2234 autem
324 2212 421 2241 opera,
443 2211 516 2241 quae
538 2207 603 2232 sunt
626 2204 698 2232 mala
717 2204 873 2232 secundum
897 2212 939 2236 se,
954 2212 991 2232 ex

138 2252 288 2281 intentione
310 2252 421 2289 pensari
437 2259 491 2279 non
507 2254 641 2288 possunt,
656 2251 731 2288 quia,
758 2259 938 2288 quacumque
954 2252 991 2279 10-

138 2300 259 2328 tentione
281 2299 361 2332 fiant,
384 2306 495 2335 semper
519 2298 591 2326 mala
613 2302 687 2326 sunt.

166 2345 170 2349 '
218 2346 363 2383 Quaelibet
381 2348 475 2374 autem
492 2345 593 2373 harum
616 2345 777 2381 opinionum
795 2352 894 2373 verum
912 2345 990 2377 dicit,

139 2394 161 2423 si
177 2397 252 2422 recte
274 2393 454 2429 intelligatur.
470 2392 642 2420 [alencionis
661 2392 734 2420 enim
750 2391 881 2429 qualitas
901 2391 991 2427 dupli-

203 2551 209 2565 1
229 2552 282 2573 Sive
300 2552 424 2578 integrum.
437 2562 467 2566 —
480 2549 524 2572 Csr.
538 2549 567 2572 de
580 2550 623 2572 1100
634 2555 683 2577 arg.
703 2550 739 2571 1116
757 2550 787 2571 111.
806 2549 917 2577 Magistri,
930 2549 989 2570 circa

139 2589 249 2612 medium.

202 2629 211 2643 ‘2
228 2628 300 2651 Codd.
318 2629 334 2650 L
345 2629 362 2650 O
382 2628 439 2650 bene
458 2628 566 2656 supplent
583 2633 613 2650 eir
630 2627 763 2650 intentione.

202 2667 212 2681 3
230 2667 261 2689 De
280 2668 322 2689 bac
339 2667 426 2695 duplici
445 2667 467 2688 vi
486 2667 550 2688 vocis
568 2667 698 2688 intentionis
716 2666 769 2687 vide
788 2672 857 2693 supra
876 2666 905 2687 lit.
925 2665 991 2692 Magi-

140 2706 191 2733 stri,
209 2706 231 2728 d.
250 2706 374 2728 xxxvui.
393 2712 411 2727 c.
431 2705 451 2727 4.
463 2717 495 2721 --
508 2705 550 2727 Pro
569 2704 711 2727 rolmztalem
724 2704 778 2734 finis
792 2705 840 2727 ἵει.
855 2704 889 2726 bis
901 2704 992 2726 6111111161

142 2743 268 2767 honitatem
285 2744 347 2774 finis,
368 2747 390 2766 et
407 2744 460 2766 dein
478 2750 531 2766 cum
557 2744 610 2766 edd.
630 2744 656 2771 2,
676 2744 701 2770 3,
721 2743 732 2765 -1
751 2747 773 2765 et
789 2743 905 2772 aliquibus
923 2743 990 2765 codd.

141 2784 222 2805 omittit
240 2783 271 2806 ad
288 2783 367 2812 ipsam
384 2782 463 2813 finem.

205 2821 211 2833 ⁴
230 2822 253 2844 ld
271 2826 304 2844 cst
321 2827 369 2844 non
387 2821 484 2849 directa,
504 2824 528 2843 ut
544 2822 649 2848 August„
662 2821 763 2842 Enarrat.
782 2821 803 2842 in
822 2821 856 2842 Ρ5.
870 2820 906 2842 67.
920 2827 940 2842 n.
958 2821 990 2848 lO,

141 2861 181 2883 ubi
199 2861 317 2888 distinguit
334 2866 374 2882 cor
391 2859 520 2886 directum,
540 2862 561 2881 et
579 2864 625 2881 non
644 2858 766 2882 directum.

206 2899 215 2913 ⁵
232 2900 294 2921 sicut
312 2899 356 2920 iam
375 2905 445 2926 supra
463 2904 516 2926 pag,
535 2898 591 2925 891,
610 2901 661 2920 nota
682 2897 701 2919 4.
725 2898 841 2923 diximus,
866 2898 921 2919 baec
939 2898 991 2919 Ber-

142 2939 206 2962 nardi
231 2938 302 2961 verba
329 2938 443 2960 habentur
468 2938 490 2959 10
508 2938 558 2959 eius
575 2937 633 2959 libro
651 2937 679 2959 de
696 2937 824 2966 Praecepto
848 2938 869 2959 et
890 2936 990 2966 dispens.

142 2984 160 3001 c.
187 2978 220 3000 14.
239 2985 260 3000 0.
287 2978 323 2999 36.
340 2977 451 2999 —Paulo
476 2977 584 3004 superius
609 2980 660 3004 post
685 2975 749 3005 quod
765 2977 798 2998 est
824 2976 873 2997 Vat.
899 2979 921 2997 61
938 2975 990 2998 edd.

268 3029 292 3052 S.
312 3029 399 3051 Bouav.
417 3040 448 3044 —
467 3028 532 3050 Tom.
552 3028 581 3053 11,Ι

1836 195 1888 222 921

1044 273 1113 302 citer
1135 277 1225 310 potest
1246 273 1346 310 accipi,
1369 273 1523 302 secundum
1547 273 1622 310 quod
1640 273 1758 301 intencio
1779 273 1896 309 duplici-

1047 324 1087 349 ter
1108 321 1220 349 dicitur.
1244 321 1300 350 Uno
1322 321 1395 349 enim
1423 321 1506 349 modo
1527 321 1646 349 interitio
1673 321 1739 349 dicit
1764 320 1895 349 voluuta—

1045 371 1099 396 tem
1120 367 1204 404 fiuis;
1225 367 1279 396 alio
1302 376 1367 397 vero
1390 368 1472 396 modo
1499 376 1552 396 non
1576 371 1683 396 tantum
1710 367 1777 396 dicit
1799 367 1895 395 coltin-

1045 419 1131 443 tatem
1152 414 1236 451 fiais,
1259 415 1306 444 sed
1330 415 1411 444 etiam
1436 415 1652 443 ordinationem
1674 415 1736 442 cius
1756 415 1833 452 quod
1854 418 1894 442 est

1043 461 1084 489 ad
1103 461 1188 498 finem
1215 462 1250 490 ad
1281 463 1371 499 ipsum
1403 462 1502 495 finem,
1529 470 1612 499 quem
1641 462 1776 498 appetit3.
1800 462 1831 490 Et
1857 470 1896 491 se—

1044 508 1168 536 cundum
1192 509 1243 537 boc
1265 508 1414 545 dupliciter
1437 512 1526 545 potest
1548 509 1600 536 dici
1625 509 1739 537 intentio
1762 508 1836 537 bona
1851 509 1895 538 vel

1044 555 1133 583 mala.
1149 572 1188 575 ——
1204 556 1261 584 Uno
1280 556 1362 584 modo
1384 556 1486 584 dicitur
1503 556 1616 584 intentio
1639 556 1724 589 bona,
1742 556 1766 584 iu
1784 565 1839 593 qua
1854 560 1896 585 est

1045 602 1167 638 perfecta
1188 606 1215 631 et
1230 603 1303 631 bona
1323 603 1461 631 ordinatio
1476 603 1568 640 operis
1586 604 1621 631 ad
1638 604 1720 631 finem
1744 604 1894 638 int.entum;

1045 652 1071 677 et
1093 652 1205 677 econtra
1227 649 1330 678 dicitur
1351 649 1447 683 mala,
1471 650 1495 678 iu
1522 659 1578 687 qua
1606 654 1647 678 est
1669 651 1806 679 ordinatio
1829 651 1897 680 indi-

1045 699 1120 724 recta
1133 696 1149 723 ⁴.
1173 696 1203 724 Et
1224 696 1277 724 hoc
1298 696 1381 725 modo
1398 697 1505 725 bonitas
1520 697 1679 725 intentionis
1692 706 1753 725 ·nou
1778 701 1896 726 tantum-

1046 742 1129 770 modo
1150 743 1262 779 respicit
1278 742 1427 771 bonitatem
1449 743 1534 779 finis,
1557 744 1604 772 sed
1625 744 1706 772 etiam
1730 749 1838 773 rectum
1854 753 1896 773 or-

1046 789 1137 817 dinem
1155 789 1218 817 eius
1240 790 1317 827 quod
1330 794 1371 818 est
1392 790 1532 826 adfinem
1551 791 1584 819 ad
1602 792 1694 828 ipsum
1717 792 1809 820 finem.
1826 793 1896 821 Haec

1046 836 1119 864 euim
1143 836 1199 864 duo
1214 837 1372 865 necessario
1388 837 1572 874 requiruntur
1594 838 1629 865 ad
1653 838 1716 871 1106,
1736 839 1809 875 quod
1833 848 1897 867 oca-

1047 882 1092 910 lus
1107 882 1147 910 sit
1158 882 1296 919 simplem,
1316 883 1388 912 sicut
1403 884 1469 912 dicit
1488 884 1648 913 Bernardus
1663 885 1698 913 ad
1716 885 1868 922 Eugenium
1877 887 1896 921 ⁵,

1047 929 1184 962 videlicet,
1199 930 1273 966 quod
1296 941 1308 955 (1
1323 930 1426 959 veritas
1446 931 1480 959 sit
1496 931 1522 959 in
1538 931 1681 965 electione,
1703 935 1730 960 et
1745 933 1846 961 caritas
1868 933 1895 961 in

1048 977 1198 1005 intentione
1214 988 1239 1005 »1.
1263 978 1293 1005 Ε1
1308 978 1359 1006 hoc
1382 981 1423 1006 est
1439 978 1540 1012 dicere,
1563 979 1637 1016 quod
1656 983 1720 1007 tunc
1742 983 1783 1008 est
1798 980 1897 1009 oculus

1047 1024 1148 1052 mentis
1167 1024 1289 1061 simplex
1305 1025 1363 1053 sive
1386 1025 1500 1054 intentio
1518 1026 1600 1059 bona,
1623 1027 1736 1063 quando
1756 1027 1806 1055 boc
1822 1031 1897 1056 amat

1047 1071 1176 1106 finaliter,
1198 1072 1273 1108 quod
1295 1076 1337 1100 est
1358 1072 1524 1105 amandum,
1547 1077 1574 1101 et
1595 1073 1671 1110 eligit
1692 1074 1767 1110 quod
1790 1078 1831 1103 est
1852 1075 1897 1103 eli-

1047 1119 1178 1156 gendum.
1197 1119 1226 1147 Et
1241 1119 1293 1148 hoc
1316 1120 1398 1148 modo
1414 1120 1533 1156 qualitas
1548 1121 1641 1157 operis
1660 1129 1771 1158 semper
1786 1129 1898 1159 respon-

1047 1166 1094 1194 det
1115 1166 1242 1202 qualitati
1257 1167 1416 1195 intentionis
1442 1175 1491 1195 nec
1519 1167 1602 1195 habet
1624 1168 1797 1203 instantiam,
1813 1169 1898 1198 11111110

1046 1213 1074 1240 st
1094 1213 1197 1241 oculus
1226 1217 1267 1241 esc
1286 1213 1428 1250 Simplex,
1451 1219 1541 1242 totum
1570 1223 1678 1251 corpas
1707 1219 1749 1243 est
1777 1215 1899 1244 lumino-

1047 1261 1148 1293 sam&-
1169 1264 1196 1288 et
1218 1260 1240 1289 si
1262 1261 1361 1289 oculus
1383 1264 1424 1289 est
1448 1261 1625 1295 tenebrosus,
1648 1262 1699 1290 boc
1721 1266 1762 1291 est
1785 1263 1899 1292 intentio

1048 1307 1133 1340 mala,
1156 1310 1183 1335 et
1204 1315 1275 1344 opus
1297 1307 1439 1336 iudicatur
1462 1308 1576 1336 malum.

1127 1354 1184 1382 Alio
1201 1354 1282 1383 modo
1298 1354 1400 1383 dicitur
1416 1355 1531 1383 intentio
1547 1355 1636 1388 bona,
1653 1357 1718 1393 quia
1739 1356 1808 1385 1111111
1824 1358 1898 1394 quod

1048 1401 1167 1430 finaliter
1197 1402 1327 1435 intendit,
1356 1405 1397 1431 est
1419 1402 1537 1435 bonum„
1567 1406 1594 1431 et
1614 1403 1711 1437 mala,
1741 1404 1897 1441 quiaillud

1047 1448 1122 1485 quod
1144 1448 1264 1477 finaliter
1280 1449 1410 1482 intendit,
1432 1453 1473 1477 cst
1489 1449 1602 1477 malum.
1628 1450 1657 1478 lit
1673 1451 1723 1479 1106
1746 1452 1829 1480 modo
1844 1460 1898 1480 non

1047 1499 1088 1523 est
1104 1495 1271 1531 generaliter
1293 1504 1405 1529 verum,
1425 1496 1499 1532 quod
1522 1497 1642 1533 qualitas
1657 1499 1749 1534 operis
1768 1503 1899 1528 causetur

1047 1551 1063 1570 a
1084 1542 1218 1579 qualitate
1241 1542 1411 1575 intentionis3
1427 1546 1454 1571 et
1477 1543 1528 1571 linc
1544 1544 1605 1572 dico
1627 1548 1763 1581 quantum
1785 1546 1818 1574 ad
1836 1554 1900 1583 qua-

1049 1590 1165 1623 litatem,
1188 1597 1260 1626 quae
1282 1593 1323 1618 est
1345 1589 1466 1618 bouitas.
1482 1591 1507 1618 Si
1525 1591 1587 1627 quis
1603 1591 1675 1619 enim
1694 1593 1840 1628 mentitur,
1857 1597 1900 1621 ut-

1048 1639 1110 1673 pote
1132 1636 1165 1664 ad
1189 1636 1382 1665 liberationem
1406 1637 1571 1671 innocentis,
1594 1638 1637 1666 vel
1660 1639 1783 1673 furatur,
1804 1644 1833 1668 ut
1856 1649 1901 1677 pa-

1048 1686 1105 1712 scat
1127 1691 1294 1720 pauperem,
1317 1691 1371 1711 non
1394 1684 1496 1712 dicitur
1519 1684 1588 1712 bene
1611 1685 1713 1715 facere,
1736 1686 1808 1714 sicut
1833 1687 1900 1715 dicit

1047 1730 1247 1767 Α111111151101157,
1263 1734 1290 1759 61
1312 1730 1393 1759 etiam
1411 1731 1573 1767 Apostolus:
1591 1731 1655 1759 Nou
1669 1737 1738 1761 ,111111
1758 1732 1899 1769 facienda

1047 1777 1143 1811 mala,
1160 1781 1192 1805 at
1212 1777 1346 1805 eveniant
1361 1777 1444 1806 hona.
1459 1795 1498 1798 —
1513 1778 1653 1814 Quantum
1671 1782 1763 1808 autem
1781 1780 1815 1808 ad
1835 1789 1900 1817 qua-

1048 1825 1152 1853 litatem
1176 1825 1318 1858 malitiae,
1336 1833 1389 1853 non
1412 1825 1496 1854 babet
1513 1825 1685 1859 instantiam3
1702 1827 1787 1855 immo
1809 1835 1900 1857 116665-

1048 1873 1122 1901 sario
1154 1872 1259 1900 malitia
1290 1872 1382 1909 operis
1411 1873 1610 1909 correspondet
1650 1873 1790 1902 intentioni
1828 1875 1899 1903 male

1048 1919 1211 1948 intendenti.
1233 1919 1444 1956 Qualecumque
1466 1920 1538 1948 enim
1563 1920 1597 1948 sit
1618 1928 1702 1956 opus,
1725 1921 1791 1949 dum
1819 1921 1900 1950 faciat

1049 1967 1117 1994 1111111
1149 1966 1232 1994 1101110
1255 1966 1328 1994 mala
1357 1967 1523 1999 intentione,
1548 1967 1635 2001 Deus,
1665 1968 1717 2005 qui
1743 1972 1898 1996 serutatur

1049 2013 1172 2045 cordas,
1203 2013 1308 2041 malum
1339 2017 1458 2050 reputat.
1481 2014 1549 2042 Cum
1579 2015 1652 2043 enim
1683 2015 1718 2043 ad
1748 2015 1897 2043 bonitatem

1049 2061 1141 2098 operis
1163 2061 1321 2089 necessario
1343 2061 1504 2098 requiratur
1528 2061 1641 2090 intentio
1659 2062 1720 2089 boui
1744 2062 1818 2094 11015,
1841 2062 1897 2090 sola

1049 2109 1096 2137 illa
1117 2108 1280 2142 (tegimenta,
1303 2116 1374 2145 opus
1396 2108 1538 2137 iudicatur
1559 2117 1618 2137 esse
1642 2109 1763 2139 malum:
1786 2117 1839 2137 1100
1862 2113 1899 2137 ta—

1050 2164 1121 2185 men,
1138 2155 1184 2183 illa
1197 2155 1255 2183 sola
1270 2155 1435 2188 assistente,
1458 2155 1600 2183 iudicatur
1616 2164 1676 2184 esse
1700 2156 1817 2189 bonum,
1833 2156 1898 2192 quia

1049 2203 1132 2240 plura
1153 2203 1307 2239 exiguntur
1332 2202 1367 2230 ad
1394 2202 1614 2231 construendum
1634 2210 1718 2239 quam
1734 2202 1768 2230 ad
1793 2202 1899 2231 destru-

1049 2250 1152 2279 endum
1164 2250 1182 2277 ⁹.

1129 2296 1168 2324 Ex
1191 2296 1235 2324 his
1256 2299 1332 2332 patet
1356 2295 1501 2331 responsio
1523 2295 1556 2323 ad
1588 2296 1777 2332 quaestionem
1800 2304 1899 2333 propo-

1049 2343 1143 2377 sitam,
1165 2346 1192 2371 61
1214 2343 1295 2371 etiam
1326 2342 1360 2370 ad
1384 2342 1491 2370 obiecta
1512 2350 1562 2379 pro
1592 2350 1692 2379 magna
1721 2347 1807 2379 parte.
1831 2343 1897 2371 Nam

1048 2390 1169 2422 obiecta,
1184 2396 1256 2425 quae
1271 2388 1400 2425 probant,
1415 2389 1489 2426 qued
1506 2389 1609 2417 veritas
1623 2389 1644 2401 ¹⁰
1664 2390 1756 2426 operis
1772 2398 1825 2418 non
1842 2398 1899 2418 cor-

1050 2548 1077 2572 3,
1096 2548 1108 2570 4
1126 2548 1233 2569 omittunt
1250 2546 1282 2569 acl
1297 2546 1375 2576 finem.
1395 2546 1463 2568 Paulo
1481 2547 1575 2568 iuferius
1594 2552 1635 2574 pro
1658 2546 1753 2575 quando
1779 2546 1822 2569 1106
1848 2547 1898 2569 cod.

1050 2587 1068 2609 Y
1086 2587 1202 2609 substituit
1219 2585 1314 2615 qimmlo
1332 2584 1409 2608 homo.

1111 2626 1121 2640 6
1140 2626 1213 2647 Malui.
1238 2625 1259 2653 6,
1284 2625 1320 2647 22.
1340 2625 1384 2647 23:
1408 2625 1429 2646 Si
1448 2625 1528 2647 oculus
1547 2628 1599 2646 tuus
1617 2624 1684 2646 tuerit
1702 2625 1806 2652 simplex,
1826 2628 1897 2647 totum

1049 2671 1134 2692 corpus
1151 2669 1215 2687 tuum
1234 2664 1337 2686 lucidum
1355 2664 1403 2685 erit.
1422 2664 1443 2685 Si
1462 2666 1539 2685 autem
1554 2663 1634 2684 oculus
1646 2665 1699 2685 tuus
1713 2664 1780 2686 t'ucrit
1792 2670 1899 2692 nequam,

1049 2706 1120 2725 totum
1139 2709 1224 2730 corpus
1243 2707 1308 2725 tuum
1327 2701 1474 2724 tenebrosum
1493 2702 1542 2723 crit.

1112 2742 1121 2756 ⁷
1137 2743 1190 2764 Eius
1209 2742 1335 2764 orationem
1353 2741 1439 2763 videsis
1458 2741 1493 2763 1116
1506 2741 1527 2762 in
1543 2741 1572 2762 lit.
1587 2741 1699 2768 Magistri,
1712 2741 1770 2763 circa
1784 2741 1895 2763 medium.

1048 2794 1079 2797 —
1098 2781 1172 2803 Verba
1199 2781 1300 2809 Apostoli
1327 2780 1440 2802 habentur
1465 2780 1530 2801 Rom.
1550 2780 1576 2807 3,
1595 2780 1624 2801 8:
1644 2780 1667 2802 Et
1694 2786 1761 2802 000...
1788 2780 1897 2802 faciamus

1049 2821 1121 2849 mala,
1141 2824 1165 2842 ut
1182 2821 1275 2842 veniant
1292 2819 1359 2842 bona.
1378 2819 1434 2841 infra
1455 2819 1505 2841 cod.
1533 2818 1564 2841 bb
1589 2817 1668 2841 malae
1694 2818 1834 2842 intendentis
1857 2825 1899 2847 pro

1048 2858 1110 2882 nzale
1127 2858 1256 2881 intendenti
1706 2857 1716 2872 ⁸
1732 2858 1798 2879 110111.
1817 2859 1843 2886 8,
1862 2858 1898 2880 27.

1111 2897 1121 2911 9
1139 2897 1182 2920 Csr.
1201 2904 1270 2925 supra
1290 2903 1342 2925 pag.
1365 2897 1419 2923 155,
1439 2899 1489 2918 nota
1504 2897 1524 2919 9.
1542 2900 1563 2919 ot
1577 2897 1598 2919 d.
1613 2898 1648 2919 38.
1663 2904 1682 2918 a.
1700 2897 1716 2918 1.
1730 2904 1751 2925 q.
1769 2897 1785 2919 1.
1798 2897 1820 2918 111
1834 2903 1896 2924 corp.

1113 2936 1131 2951 10
1149 2936 1220 2959 Codd.
1236 2936 1249 2958 F
1260 2937 1265 2958 1
1275 2937 1291 2958 L
1302 2936 1319 2958 Y
1336 2935 1440 2963 bonitas,
1455 2937 1503 2959 Vat.
1522 2935 1640 2965 qualitas,
1661 2942 1720 2964 quae
1732 2940 1754 2958 et
1766 2935 1897 2958 immediato

1049 2980 1101 3004 post
1118 2982 1160 3004 pro
1179 2975 1278 2998 bonitati·
1293 2975 1410 2998 substituit
1427 2975 1546 3005 qualitati.

1730 3027 1769 3048 116

1927 279 2005 296 intenlio
2020 283 2038 296 e-

1909 302 1975 324 iusque
2007 307 2039 320 ua-

1910 326 1951 343 luas
1965 327 1994 343 est
2005 325 2038 342 du<

1908 349 1957 372 plex,

1911 1131 2010 1150 Conclusio
2024 1131 2040 1149 l.

1912 1460 2012 1478 Conclusio
2023 1460 2041 1478 Ξ.

1913 1787 2011 1804 Conclusio
2023 1787 2041 1804 3.

1914 2349 1942 2367 Ad
1954 2354 2006 2372 argg.
