2243 3425
0 1961 117 1980 undamenta.

764 177 847 204 DIST.
870 177 899 204 X.
922 176 994 204 ART.
1017 176 1045 204 II.
1068 176 1203 213 QUAEST.
1226 177 1254 205 11.

211 256 236 282 ⁰2.
258 255 338 288 Item,
361 254 388 282 in
410 254 481 282 libro
503 254 538 283 de
566 255 639 283 Motu
655 255 765 284 cordis¹
788 254 825 282 ita
846 254 979 283 definitur

131 302 238 330 anima:
271 301 395 329 «Anima
423 304 464 330 est
489 301 645 330 substantia
670 302 846 338 incorporea,
876 301 979 330 intelle-

131 348 246 382 ctualis,
268 356 367 377 earum
390 347 641 382 illuminationum,
664 356 735 385 quae
754 350 819 376 sunt
840 355 856 376 a
877 347 978 384 primo,

130 396 230 424 ultima
250 395 384 424 relatione
406 394 566 431 perceptiva
579 405 606 422 ».
630 395 700 431 Ergo
722 395 793 423 inter
814 394 977 422 relationem

130 442 239 471 animae
254 442 288 470 ad
304 432 407 475 Deum,
422 449 486 470 cum
513 441 630 478 percipit
644 440 889 474 illuminationem,
905 440 979 469 cadit

129 490 184 518 alia
217 489 313 517 relatio
336 488 443 521 media;
475 488 524 516 sed
546 488 614 516 haec
645 495 699 515 non
722 490 763 516 est
795 487 848 515 nisi
880 487 978 515 relatio

129 536 302 565 substantiae
323 536 478 573 angelicae:
501 543 567 572 ergo
592 535 722 569 videtur,
745 534 819 571 quod
841 533 934 562 anima
949 533 978 561 il-

130 583 285 612 luminetur
306 591 322 611 a
337 583 407 616 Deo,
429 581 568 610 mediante
590 581 701 618 Angelo.

210 630 235 658 3.
258 630 340 661 Item,
364 629 457 665 Angeli
487 631 552 657 sunt
574 628 681 656 lumina
710 627 899 665 spiritualia23
929 627 976 656 sed

128 677 197 714 qula
214 676 369 705 intellectus
384 678 479 704 noster
493 683 577 712 agens
599 675 693 703 lumen
709 678 763 709 est,
785 674 853 703 dum
873 682 901 703 se
917 682 978 703 0011-

128 724 211 752 vertit
240 731 325 760 super
356 722 564 760 phantasmata,
591 722 729 751 abstrahit
756 724 783 750 et
804 722 924 758 depurat
951 724 978 749 et

128 771 181 799 hoc
202 770 285 798 modo
318 769 471 798 illuminat:
505 777 571 806 ergo
593 769 615 797 si
646 769 789 805 angelicus
820 768 977 797 intellectus

129 817 216 846 multo
239 817 327 854 magis
348 817 375 844 in
401 819 465 845 actu
486 819 527 844 est
557 824 642 853 quam
669 818 776 850 noster,
799 823 865 852 ergo
887 815 976 843 multo

127 864 216 901 magis
249 864 419 892 intellectum
455 866 583 891 nostrum
618 862 780 900 possibilem
816 862 977 891 illuminare

126 914 225 948 potest.

206 959 232 986 [ι.
255 958 335 991 Item,
357 957 473 995 planum
495 959 549 991 est,
572 957 647 993 quod
669 956 763 993 Angeli
785 956 874 984 multa
896 956 976 984 nobis

127 1005 253 1034 revelant
274 1004 444 1042 spiritualia,
466 1012 537 1041 quae
567 1012 620 1032 non
644 1007 709 1032 sunt
735 1006 800 1032 nata
821 1003 921 1032 cadere
950 1006 977 1032 et

126 1052 211 1089 recipi
235 1060 284 1080 nec
308 1052 334 1079 in
356 1059 440 1080 sensu
462 1059 512 1079 nec
534 1051 561 1079 111
583 1050 791 1087 imaginatione:
814 1058 880 1087 ergo
903 1050 977 1078 vide-

126 1102 185 1131 tur,
208 1099 283 1136 quod
306 1099 466 1127 immediate
488 1097 595 1135 possint
616 1097 768 1126 intellectui
786 1100 882 1126 nostro
904 1097 977 1126 simi-

126 1147 259 1175 litudines
280 1146 457 1182 imprimere;
480 1145 529 1174 sed
552 1145 615 1174 talis
637 1145 783 1181 impressio
808 1152 863 1173 non
886 1147 976 1181 potest

126 1201 186 1223 esse
209 1194 267 1222 sine
289 1192 503 1221 illuminatione:
526 1200 593 1229 ergo
615 1195 665 1221 etc.

206 1240 333 1273 5.Ite1n‚
359 1239 479 1276 Angelus
511 1239 615 1267 dicitur
647 1246 785 1276 purgare,
816 1238 975 1266 illuminare

125 1290 151 1316 et
173 1286 346 1324 perficere&
370 1294 437 1322 ergo
460 1286 481 1315 si
504 1286 557 1314 hoc
580 1286 670 1314 solum
693 1285 854 1314 conveniret
880 1286 903 1314 ei
926 1293 976 1322 per

125 1334 241 1363 modum
263 1333 425 1367 excitantis,
452 1341 515 1361 cum
546 1333 674 1361 similiter
695 1340 770 1361 unus
798 1333 881 1361 homo
904 1333 976 1361 exci-

124 1385 163 1411 tet
183 1381 320 1412 alterum.
342 1380 474 1414 videtur,
495 1380 570 1417 quod
593 1380 676 1408 homo
708 1380 849 1408 diceretur
876 1379 975 1408 illumi-

124 1436 207 1463 nare,
230 1435 351 1465 purgare
373 1431 400 1456 et
421 1427 567 1464 perficere.
591 1426 695 1463 Quodsi
723 1427 806 1455 homo
824 1435 886 1464 *non
909 1427 973 1455 (1101-

124 1480 170 1505 tur
193 1483 253 1504 esse
285 1478 421 1512 purgator
442 1482 493 1503 nec
525 1474 714 1508 illuminator,
746 1474 818 1502 sicut
838 1474 973 1510 Angelus,

124 1523 252 1557 videtur,
282 1522 357 1560 quod
378 1522 498 1559 Angelus
530 1521 617 1559 possit
645 1521 768 1549 animam
790 1529 806 1549 a
835 1521 973 1558 superiori

124 1570 292 1599 illuminare.

203 1619 228 1645 6.
261 1617 347 1650 Item,
381 1615 468 1644 multo
502 1615 565 1652 plus
599 1618 689 1652 potest
720 1615 840 1651 Angelus
875 1615 973 1643 beatus

123 1674 206 1704 quam
230 1664 378 1697 diabolus3
400 1663 447 1692 sed
471 1663 589 1691 daemon
612 1666 702 1699 potest
732 1662 758 1690 in
780 1662 859 1691 nobis
882 1662 974 1691 varias

123 1712 301 1750 cogitationes
322 1711 446 1739 excitare.
468 1713 494 1738 et
516 1710 551 1738 ab
574 1710 696 1738 inferiori
720 1717 883 1746 suggerere:
907 1717 973 1746 ergo

122 1760 248 1793 videtur,
270 1758 344 1795 quod
360 1757 480 1794 Angelus
502 1757 676 1785 illuminatus
692 1764 742 1793 per
757 1756 887 1793 gloriam,
908 1764 971 1785 cum

125 1807 159 1836 sit
173 1807 266 1835 anima
281 1808 375 1834 nostra
391 1804 519 1841 superior
541 1807 567 1833 et
582 1803 759 1836 luminosior,
782 1804 871 1841 ipsam
887 1804 973 1840 possit

124 1862 140 1882 a
162 1853 299 1890 superiori
323 1852 491 1880 illuminare.

204 1900 252 1928 Ad
266 1899 444 1936 oppositimz:
470 1900 492 1927 l.
510 1898 680 1935 Augustinus
695 1899 721 1926 in
738 1898 809 1926 libro
829 1898 973 1934 Octoginta

124 1948 210 1976 trium
233 1946 432 1983 Quaestionum
446 1946 467 1973 ⁴:
490 1945 631 1973 «Mentem
648 1945 776 1979 dit-imus,
791 1952 862 1982 quae
885 1945 922 1973 ita
936 1946 969 1974 ad

124 1994 272 2030 imaginem
295 1993 343 2021 Dei
365 1992 436 2020 farta
458 1995 517 2023 est,
539 1995 570 2020 111
593 1992 751 2020 immediate
779 2000 795 2019 a
818 1993 908 2029 prima
929 2001 972 2021 re-

124 2042 205 2070 ritate
227 2041 410 2072 formetur»,
430 2043 457 2067 et
486 2039 513 2067 in
542 2038 672 2075 pluribus
695 2039 761 2067 locis
784 2039 865 2073 dicit,
895 2041 970 2077 quod

128 2099 141 2113 «
156 2089 228 2116 inter
243 2091 363 2115 mentem
386 2090 411 2114 et
427 2086 515 2115 Deum
538 2085 607 2114 nihil
623 2086 696 2114 cadit
718 2086 841 2114 medium
859 2097 887 2114 »:
904 2094 970 2124 ergo

123 2136 144 2165 si
168 2135 349 2171 intelligentia
370 2137 464 2162 nostra
486 2133 639 2161 attenditur
672 2133 828 2161 secundum
860 2134 969 2163 animae

123 2189 304 2219 supremum.
326 2181 451 2215 videtur,
474 2180 547 2217 quod
572 2188 625 2208 non
652 2180 738 2216 possit
761 2180 911 2209 illuminari
935 2182 970 2209 ab

122 2229 232 2266 Angelo.

202 2277 227 2303 ⁹2.
251 2275 331 2307 Item,
353 2282 438 2311 super
459 2274 529 2302 illud
551 2273 684 2302 Psalmi5:
702 2274 808 2302 Manus
825 2278 902 2308 tusto,
919 2275 970 2303 Do—

122 2322 209 2354 mim,
232 2320 365 2358 feceruut
389 2330 433 2349 me
455 2325 479 2349 et
498 2320 723 2357 plasmaverunt
744 2330 788 2349 me
810 2325 874 2355 etc,
904 2322 970 2351 dicit

123 2368 230 2396 Glossa:
259 2368 365 2396 «Deus
387 2376 436 2404 per
465 2368 645 2404 semetipsum
670 2368 786 2396 irradiat
814 2369 874 2405 pias
896 2376 970 2397 inen-

124 2418 163 2443 tes
178 2425 210 2442 >11
234 2422 300 2451 ergo
322 2423 376 2442 non
400 2414 527 2445 videtur.
549 2414 624 2451 quod
646 2422 696 2451 per
712 2415 868 2451 angelicum
892 2416 969 2443 mini-

123 2465 248 2490 sterium.

1827 179 1883 206 ‘265

1116 254 1142 283 3.
1164 255 1247 289 Item,
1269 255 1378 283 facilius
1409 258 1451 284 est
1472 255 1629 292 producere
1660 255 1764 283 formas
1790 264 1883 293 corpo-

1036 302 1123 335 rales,
1145 310 1229 339 quam
1251 302 1286 330 sit
1307 301 1375 330 dare
1396 301 1614 330 illuminationes
1633 301 1812 339 spirituales;
1834 303 1883 331 sed

1036 347 1156 384 Angelus
1187 348 1306 376 formam
1339 348 1495 377 naturalem
1518 357 1572 377 11011
1605 351 1696 386 potest
1728 349 1884 386 producere

1036 396 1169 431 tanquam
1201 395 1355 432 principale
1377 403 1475 432 agens,
1498 395 1546 424 sed
1568 395 1658 424 solum
1678 396 1804 425 exterius
1832 396 1885 425 dis-

1035 449 1139 477 ponere
1152 441 1178 469 ⁸:
1200 450 1267 479 ergo
1289 442 1377 471 multo
1392 442 1492 471 fortius
1514 451 1563 472 nec
1580 443 1811 472 illuminationem
1833 444 1885 481 spi-

1036 488 1166 517 ritualem
1188 492 1279 525 potest
1299 489 1408 518 animae
1430 490 1505 518 dare.

1114 535 1140 562 [ι.
1163 535 1245 570 Item,
1268 536 1289 564 si
1305 536 1426 573 Angelus
1447 536 1587 566 illuminat
1601 537 1740 572 animam,
1761 540 1810 567 aut
1824 538 1885 567 illu-

1035 581 1123 609 minat
1144 581 1320 611 immittendo
1342 583 1365 611 ei
1388 583 1482 612 lumen
1495 584 1672 621 proprz'mn,
1693 588 1742 613 aut
1763 586 1884 614 creando

1035 636 1152 656 nomam.
1168 629 1194 656 Si
1211 629 1386 658 immittendo
1401 630 1495 659 lumen
1516 631 1673 667 proprium
1684 654 1692 665 ,
1708 640 1772 660 cum
1788 632 1883 661 lumen

1035 682 1120 703 suum
1142 683 1196 703 non
1225 675 1260 704 sit
1281 680 1363 704 extra
1385 677 1492 713 ipsum:
1523 685 1589 714 ergo
1612 678 1731 714 Angelus
1759 679 1884 708 illabitur

1035 721 1160 753 animae;
1187 722 1262 758 quod
1285 725 1326 751 est
1355 723 1442 751 solius
1465 723 1511 752 Dei
1541 724 1688 761 proprium
1700 725 1717 752 ⁷.
1739 725 1765 753 Si
1792 726 1884 754 dando

1034 777 1160 802 uocum,
1182 772 1231 797 aut
1253 769 1435 805 producendo
1457 778 1493 798 ex
1515 770 1629 808 aliquo,
1651 774 1700 799 aut
1721 771 1755 800 de
1784 771 1883 800 m'lzz'lo.

1035 815 1061 843 Si
1083 823 1119 843 ex
1141 815 1254 853 aliqzco,
1278 823 1396 853 quaero,
1418 824 1454 845 ex
1477 820 1554 853 quo?
1577 817 1656 853 Quod
1686 826 1751 847 cum
1773 827 1827 847 non
1849 820 1884 848 sit

1035 862 1118 896 dare,
1141 862 1284 899 sequitur,
1313 863 1388 900 quod
1410 863 1530 900 Angelus
1552 864 1689 900 producat
1718 872 1753 893 ex
1775 864 1884 900 uilussto,

1034 912 1061 938 et
1083 909 1135 944 ita,
1158 909 1232 946 quod
1255 910 1289 938 sit
1311 913 1429 939 creator.

1115 958 1140 985 5.
1163 957 1243 991 Item,
1266 957 1288 986 si
1311 957 1431 994 Angelus
1453 957 1592 987 illuminat
1613 959 1748 994 animam,
1770 964 1818 989 aut
1829 969 1884 997 per

1034 1003 1181 1037 medium,
1203 1007 1251 1032 aut
1271 1004 1334 1032 siue
1354 1004 1456 1033 medio.
1480 1005 1507 1033 Si
1526 1013 1579 1042 per
1600 1005 1743 1040 medium,
1766 1015 1884 1044 quaero,

1034 1051 1101 1087 quid
1124 1050 1158 1079 sit
1180 1051 1250 1079 illud
1281 1051 1405 1080 inedium
1428 1052 1556 1081 deferens
1578 1053 1752 1090 spiritualem
1783 1054 1884 1083 illumi-

1034 1097 1190 1132 nationem3
1215 1101 1242 1127 et
1264 1106 1328 1127 cum
1354 1098 1482 1128 deferens
1504 1099 1678 1136 spiritualem
1707 1100 1884 1131 illuminatio-

1033 1152 1097 1174 nem
1120 1153 1174 1173 non
1206 1145 1293 1182 possit
1324 1153 1385 1174 esse
1411 1145 1463 1174 nisi
1495 1146 1627 1183 spiritus,
1658 1147 1730 1176 inter
1761 1148 1883 1177 animam

1034 1191 1220 1220 illuminatam
1249 1195 1276 1220 et
1308 1192 1443 1229 Angelum
1472 1193 1678 1222 illuminantem
1710 1198 1752 1223 est
1779 1203 1883 1232 ponere

1033 1238 1161 1266 medium
1172 1238 1189 1266 ⁸.
1217 1239 1246 1267 Et
1262 1239 1363 1267 iterum
1381 1240 1527 1276 quaeritur
1552 1240 1586 1269 de
1602 1240 1664 1275 i110‚
1694 1241 1765 1270 sicut
1781 1242 1815 1270 de
1830 1242 1883 1279 pri-

1033 1293 1096 1314 mo:
1120 1293 1186 1322 ergo
1207 1286 1251 1315 vel
1280 1287 1332 1315 erit
1353 1287 1431 1315 abire
1453 1287 1480 1315 in
1504 1287 1659 1323 infinitum,
1687 1288 1730 1317 vel
1759 1297 1812 1317 11011
1842 1292 1883 1318 est

1032 1340 1136 1370 ponere
1159 1333 1295 1361 medium.
1319 1333 1345 1361 Si
1368 1333 1533 1362 immediate
1555 1334 1695 1363 illuminat
1717 1336 1804 1373 ipsam
1827 1337 1883 1365 ani-

1033 1388 1124 1413 mam,
1146 1388 1212 1417 ergo
1234 1381 1360 1415 videtur,
1383 1381 1457 1418 quod
1480 1382 1515 1410 sit
1537 1382 1563 1410 in
1586 1382 1646 1419 ipsa
1667 1384 1775 1418 anima,
1797 1387 1823 1413 et
1846 1385 1882 1413 ita

1033 1427 1107 1464 quod
1130 1427 1261 1456 illabatur
1283 1428 1400 1456 animae.

1113 1475 1137 1502 6.
1160 1474 1242 1509 Item,
1264 1475 1301 1503 ita
1322 1475 1482 1504 Immediate
1504 1479 1568 1504 nata
1589 1480 1631 1505 est
1652 1477 1718 1506 ferri
1745 1478 1771 1506 in
1792 1478 1881 1507 Deum

1032 1521 1228 1558 intelllgentia,
1250 1525 1281 1549 ut
1297 1521 1437 1551 voluntas:
1461 1530 1527 1559 ergo
1544 1523 1565 1551 si
1587 1524 1707 1560 Angelus
1722 1533 1776 1553 non
1793 1528 1882 1562 potest

1032 1568 1204 1597 voluntatem
1234 1569 1424 1604 rectificare-⁰,
1457 1579 1511 1598 non
1534 1571 1636 1607 poterit
1668 1572 1878 1609 intelligentiam

1032 1615 1200 1644 illuminare.
1656 1641 1659 1643 .

1112 1663 1192 1691 quta
1223 1663 1274 1691 hoc
1306 1663 1465 1700 quaeritur,
1497 1671 1582 1701 penes
1614 1665 1681 1702 quid
1707 1666 1880 1703 accipiantur

1031 1709 1074 1738 isti
1109 1714 1164 1739 tres
1186 1713 1280 1745 actus,
1312 1710 1441 1739 videlicet
1473 1711 1660 1745 illuminare,
1690 1720 1826 1750 pmyare
1854 1717 1881 1742 et

1027 1757 1176 1794 perficere.

1917 1676 2006 1703 Quaestio

1894 1701 1985 1719 incidens.

1347 1860 1559 1882 CONCLUSIO.

1030 1945 1159 1983 Anqelus
1181 1944 1352 1982 inferiorem
1373 1947 1493 1975 (turmae
1516 1947 1680 1984 portionem
1703 1951 1796 1985 potest
1817 1947 1880 1976 illu-

1108 1993 1241 2027 minare,
1274 2002 1330 2021 uon
1358 1993 1454 2022 tumen
1476 1992 1659 2031 infundendo
1684 2003 1735 2023 uec
1765 1998 1879 2023 temtum

1109 2038 1253 2077 offerendo
1288 2040 1366 2068 sieut
1393 2040 1534 2069 obiectum
1561 2041 1604 2069 vel
1635 2041 1801 2078 speculum,
1829 2042 1881 2070 sed

1107 2087 1195 2116 eciam
1217 2088 1358 2116 vivaciter
1379 2088 1541 2116 excitando.

1108 2183 1286 2210 Rssspoxnno:
1319 2182 1493 2215 Dicendum,
1526 2182 1601 2219 quod
1634 2182 1754 2211 animam
1784 2184 1876 2220 quoad
1890 2192 2017 2210 Conclusiol.

1027 2229 1209 2266 superiorem
1230 2229 1386 2265 portionem
1402 2229 1516 2257 rationis
1540 2229 1698 2258 illuminare
1720 2230 1807 2259 solius
1827 2230 1875 2259 Dei

1027 2279 1068 2306 est
1090 2276 1249 2313 proprium,
1278 2275 1349 2304 sicut
1383 2275 1408 2303 in
1429 2276 1559 2312 pluribus
1587 2276 1653 2304 locis
1684 2277 1804 2305 ostendit
1827 2277 1876 2305 Au-

1027 2323 1172 2360 gustinus;
1193 2322 1323 2359 quamvis
1344 2322 1428 2359 aliqui
1444 2322 1477 2355 ¹⁰,
1506 2331 1561 2351 non
1584 2323 1769 2360 Intelligentes
1792 2323 1875 2352 totius
1888 2333 1956 2356 Opinio
1974 2333 1990 2351 1.

1027 2369 1151 2398 veritatis
1166 2369 1348 2406 principium,
1371 2369 1515 2405 posuerint
1540 2369 1631 2404 aliud,
1649 2370 1777 2399 videlicet
1800 2370 1877 2399 intel-

1027 2417 1130 2445 lectum
1152 2421 1279 2444 nostrum
1301 2424 1356 2444 non
1378 2416 1525 2452 pervenire
1548 2417 1582 2445 ad
1613 2417 1708 2445 lumen
1730 2418 1873 2454 primum,

1027 2462 1076 2491 sed
1097 2462 1193 2499 perlici
1215 2465 1242 2490 et
1264 2462 1416 2490 illuminari
1431 2470 1447 2490 a
1472 2462 1563 2499 primo
1587 2463 1692 2492 lumine
1707 2471 1757 2500 per
1779 2464 1874 2492 lumen

186 2617 192 2631 ¹
212 2618 285 2645 Quem
311 2618 402 2645 scripsit
419 2617 525 2639 Alsredus
541 2617 650 2645 Anglicus
675 2621 697 2639 et
722 2617 836 2639 dedicavit
859 2619 969 2646 magistro

122 2661 207 2683 magno
226 2656 354 2678 Alexandro
371 2656 472 2677 Neckam
502 2655 592 2679 (abbati
619 2656 768 2677 Exccstriensi
794 2657 843 2678 sive
868 2655 969 2678 ‹juvence-

263 2695 333 2722 *aaz
360 2695 400 2716 cfr.
428 2694 559 2721 Fabricius,
575 2694 630 2716 Bibl.
658 2695 693 2716 lut.
720 2694 808 2716 mediae
832 2699 853 2717 et
878 2695 969 2717 infimae

122 2733 222 2759 aetatis).
241 2733 303 2755 Haec
320 2734 409 2754 animae
428 2732 529 2755 definitio
546 2733 661 2755 invenitur
678 2734 700 2754 111
719 2733 815 2760 Prologo
842 2733 893 2755 dicti
918 2733 969 2755 libri

124 2771 172 2796 (ed.
191 2772 238 2799 sig.
256 2771 354 2799 Barach,
374 2771 512 2795 Inusbruck.
537 2771 600 2797 1878,
624 2777 677 2799 pag.
701 2772 743 2799 83)
762 2775 784 2794 et
808 2772 934 2799 explicatur
956 2779 968 2794 a

122 2695 203 2716 strensi
222 2695 239 2721 ÷

122 2810 182 2832 loan.
200 2810 229 2832 dc
247 2810 354 2837 Ilupvlla,
373 2811 436 2831 Sum.
456 2810 483 2832 de
502 2811 594 2837 Anima,
613 2816 636 2837 p.
655 2810 669 2832 l.
688 2816 706 2832 e.
725 2810 745 2832 3.
763 2822 795 2826 —
812 2810 862 2832 Vat.
881 2812 901 2832 in
926 2812 969 2833 1100

122 2855 171 2877 arg.
190 2849 307 2871 substituit
324 2855 406 2871 nomen
426 2848 538 2871 revelatio
556 2855 598 2876 pro
614 2848 706 2871 relatio.

185 2888 193 2902 ἵ
212 2888 256 2910 Csr.
274 2894 343 2915 supra
362 2894 415 2915 pag.
435 2888 476 2915 83,
496 2891 547 2909 uota
570 2888 586 2909 l.
604 2900 635 2904 -
648 2888 678 2910 De
696 2888 784 2911 minora·
801 2889 855 2911 vide
868 2890 966 2918 Aristor„

122 2926 153 2948 lll.
173 2926 201 2948 (lc
218 2927 311 2953 Anima,
330 2929 381 2948 text.
405 2927 436 2948 l8.
456 2930 477 2948 et
496 2927 531 2948 39.
551 2927 583 2952 (0.
602 2927 623 2948 5.
641 2930 663 2948 et
681 2928 725 2955 8.).

184 2965 193 2979 3
211 2966 343 2988 Secundum
362 2965 466 2993 Dionys..
486 2965 514 2987 (le
532 2965 625 2988 Caelesl.
643 2966 759 2988 Hierurcb.
778 2972 797 2988 0.
817 2966 837 2988 3.
855 2966 868 2995 ζ]
887 2967 907 2988 2.

248 3015 271 3038 S.
289 3016 376 3038 Bonae.
394 3027 424 3031 —
443 3015 508 3037 Tom.
528 3016 550 3037 11.

1091 2617 1100 2632 ⁴
1118 2618 1209 2646 Quaest.
1228 2617 1265 2639 51.
1284 2624 1304 2639 n.
1324 2616 1344 2639 4.
1362 2616 1406 2639 Csr.
1425 2617 1480 2639 ibid.
1499 2624 1519 2639 n.
1539 2618 1560 2639 2.
1573 2624 1599 2640 ac
1611 2624 1633 2646 (1.
1647 2618 1683 2640 53.
1697 2624 1718 2640 n.
1732 2619 1752 2640 2.
1765 2621 1787 2640 et
1803 2624 1873 2646 supra

1026 2663 1079 2684 pag.
1093 2656 1134 2685 45,
1154 2660 1205 2679 nota
1223 2657 1249 2685 ὅ,
1268 2657 1307 2679 ubi
1325 2658 1392 2679 etium
1411 2663 1453 2684 pro
1471 2663 1519 2685 seq.
1538 2660 1597 2679 textu
1616 2657 1702 2679 diversi
1715 2658 1804 2685 allegati
1821 2660 1873 2679 suut

1026 2695 1076 2717 loci.

1088 2733 1098 2748 ⁵
1114 2734 1197 2756 Psalm.
1220 2734 1273 2762 llS,
1291 2734 1328 2756 73.
1346 2746 1376 2749 —
1394 2734 1472 2756 Glossa
1490 2738 1524 2757 est
1540 2740 1567 2756 ex
1585 2734 1706 2762 Augustini
1723 2734 1824 2756 Enarrat.
1849 2735 1869 2756 in

1025 2772 1086 2794 1111110
1105 2773 1188 2795 10011111.

1087 2812 1096 2825 ⁶
1114 2811 1158 2835 Csr.
1176 2818 1246 2840 supra
1264 2811 1286 2834 d.
1305 2811 1326 2833 7.
1345 2818 1367 2839 p.
1386 2812 1408 2833 ll.
1426 2818 1446 2834 a.
1466 2813 1486 2834 2.
1505 2818 1525 2841 (1.
1546 2813 1566 2834 2.

1087 2850 1097 2864 ⁷
1114 2851 1141 2873 Ut
1158 2850 1282 2878 probatum
1299 2854 1333 2873 est
1349 2857 1419 2878 supra
1438 2851 1460 2873 d.
1478 2852 1499 2873 8.
1518 2857 1540 2879 p.
1559 2851 1582 2873 ll.
1601 2857 1622 2879 (1,
1643 2852 1663 2873 2.

1087 2888 1096 2903 3
1114 2889 1163 2911 Yat.
1182 2890 1273 2917 supplet
1290 2888 1408 2918 spiritum.

1086 2927 1096 2941 ⁹
1114 2928 1176 2950 Sicut
1192 2931 1309 2950 ostensum
1327 2930 1362 2949 cst
1378 2930 1465 2956 quaest.
1484 2928 1591 2955 praeced.

1088 2966 1106 2980 ¹0
1124 2967 1182 2989 Vide
1200 2973 1269 2994 supra
1288 2972 1340 2995 pag.
1360 2967 1401 2994 29,
1420 2970 1471 2989 nota
1491 2967 1510 2988 3.

1715 3018 1743 3040 34
