2243 3425
26 1388 121 1410 Principia

3 1412 120 1431 raenotauda.

650 219 731 247 DisT.
755 218 831 247 XXV.
856 218 880 246 P.
904 218 921 246 1.
944 218 1015 246 ART.
1039 218 1155 247 UNICUS
1177 218 1312 254 QUAEST.
1336 217 1376 246 Vl.

209 299 234 326 ⁹2.
258 298 334 332 ltem,
357 298 477 327 liberum
502 297 651 326 arbitrium
673 300 714 326 est
745 297 815 326 illud
838 297 913 334 quod
936 299 977 326 est

130 345 157 373 in
179 345 258 373 nobis
279 344 423 373 maxime¹
448 344 663 381 imperativum3
686 344 734 373 sed
756 344 845 381 magis
867 347 908 372 est
930 343 978 372 im-

129 392 255 429 perativa
286 392 313 420 10
345 391 425 420 nobis
455 391 591 419 voluntas
622 398 707 428 quam
729 390 816 425 rati0,
838 390 977 427 quidquid

129 439 203 467 enim
226 439 296 468 ratio
317 438 417 473 dictet,
441 445 551 475 semper
573 437 643 466 illud
666 437 721 471 fiet⁷
745 437 820 474 quod
842 436 978 465 voluntas

129 488 288 523 praeoptat:
312 493 378 523 ergo
400 488 450 514 etc.

209 532 234 561 3.
256 533 339 568 Item,
371 533 491 562 liberum
523 532 672 561 arbitrium
695 535 737 560 est
760 531 842 565 illud,
864 538 901 560 ex
923 538 978 568 quo

129 580 320 617 principaliter
342 580 467 608 consistit
487 579 514 608 in
537 579 616 608 nobis
638 578 780 613 meritum,
797 578 841 607 vel
861 577 979 606 demeri-

129 626 219 661 tun12'3
239 627 287 656 sed
303 627 444 661 meritum,
467 626 511 655 vel
527 625 694 654 demeritum
712 624 903 662 principaliter
918 632 979 653 con-

129 673 200 702 sistit
221 681 305 710 penes
326 673 521 702 volantatem:
543 680 610 710 ergo
632 675 682 702 etc.

208 721 233 749 [ι.
256 721 341 755 Item,
364 720 485 749 liberum
506 720 656 749 arbitrium
678 723 719 749 est
742 720 768 748 in
784 719 864 748 nobis
886 722 979 756 poten-

129 768 284 802 tissimum,
313 768 383 797 sicut
405 768 471 797 dicit
493 767 653 796 Bernardus
668 767 693 802 ³,
719 771 746 796 et
768 767 866 805 plures
887 770 979 795 aucto-

128 815 224 844 ritates
246 816 298 845 boc
320 818 434 850 sonant3
456 815 502 844 sed
531 815 624 843 «nihil
646 815 716 844 adeo
731 818 772 844 est
794 815 821 843 in
843 817 979 851 potestate

129 866 239 897 nostra,
261 863 333 892 sicut
354 866 395 891 est
428 862 557 891 voluntas
589 865 616 890 et
638 865 717 891 actus
740 861 851 890 volendi
862 871 888 889 »ε
912 869 979 898 ergo

128 910 255 945 videtur,
278 910 353 947 quod
376 910 499 939 maxime
520 917 605 946 penes
626 909 803 938 volantatem
826 908 928 938 residet
951 909 979 937 in

128 957 207 986 nobis
229 957 351 986 libertas.

444 1059 657 1081 CONCLUSIO.

130 1145 269 1175 Liberam
299 1145 462 1175 arbitritum
491 1145 649 1175 inchoatur
682 1146 713 1174 ia
734 1146 849 1174 ratione
870 1149 895 1174 ct
917 1154 981 1174 cort-

206 1197 377 1222 sammatzcr
399 1193 430 1221 iu
451 1193 617 1227 columam,-
639 1193 702 1222 ideo
724 1193 843 1222 libertas
858 1192 981 1221 arbitrii

206 1240 413 1278 principaliter
435 1240 566 1269 consistit
588 1241 618 1269 iit
641 1240 795 1269 voluntale.

209 1336 384 1364 Ruspounuo:
407 1335 579 1369 Dicendum,
600 1335 676 1372 quod
698 1342 761 1363 cum
796 1334 916 1363 liberum
939 1342 980 1363 ar-

128 1383 243 1412 bitrium
266 1383 301 1411 sit
322 1381 440 1411 facultas
462 1382 520 1411 sive
542 1382 715 1417 dominium,
737 1390 773 1411 ex
795 1390 851 1419 qua
877 1382 980 1411 dicitur

128 1430 250 1468 potentia
271 1429 373 1463 facilis.
396 1437 449 1457 000
473 1429 563 1457 εο11101
586 1429 621 1457 ad
645 1429 815 1458 movendum
838 1429 908 1463 alia,
931 1429 979 1458 sed

129 1477 211 1506 etiam
233 1476 268 1505 ad
291 1476 461 1505 movendum
484 1483 513 1504 se
536 1476 641 1512 ipsamg
663 1476 735 1505 sicut
757 1476 827 1504 ratio
849 1476 979 1504 movendi

129 1532 158 1554 se
180 1523 337 1553 inchoatur
366 1523 392 1552 in
415 1523 530 1552 ratione
559 1526 585 1552 et
617 1527 844 1552 constipabatur
878 1523 903 1550 in
936 1531 981 1551 vo-

129 1571 270 1605 lantatw,
290 1571 330 1600 sic
351 1574 377 1599 et
399 1570 507 1599 arbitrii
531 1569 645 1599 libertas
669 1570 770 1598 residet
794 1577 878 1606 penes
902 1569 981 1597 ratio-

129 1626 193 1647 nem
216 1621 243 1647 et
265 1617 453 1651 voluntatem,
475 1617 512 1645 ita
534 1617 609 1654 quod
632 1617 658 1645 in
681 1625 737 1645 una
752 1616 866 1645 iliarum
888 1619 982 1653 poten-

129 1665 232 1694 tiarum
254 1663 412 1693 inchoatar-
434 1667 460 1693 et
482 1664 509 1693 in
531 1664 586 1692 alia
607 1667 841 1693 consummatur.
858 1680 897 1684 —
918 1663 981 1692 ideo

130 1716 223 1741 autem
246 1712 323 1746 dico,
346 1716 456 1740 wiotum
480 1710 618 1740 inchoari
632 1711 662 1739 iii
683 1711 815 1744 ratione,
838 1711 903 1748 quia
925 1718 981 1739 non

130 1763 260 1788 movetur
291 1759 432 1796 appetitus
463 1759 515 1788 nisi
551 1758 734 1795 praeambulo
767 1758 905 1795 cogitatu;
939 1765 983 1786 ne-

129 1815 271 1844 quaquam
293 1807 367 1836 enim
399 1814 495 1835 amare
528 1814 679 1843 possumus
711 1806 785 1843 quod
808 1813 863 1834 000
885 1813 982 1842 cogno-

130 1853 273 1888 scimus⁵g
295 1858 322 1882 et
344 1853 406 1882 ideo
428 1853 462 1882 ad
485 1853 553 1888 hoc,
585 1853 658 1890 quod
693 1856 786 1882 motus
808 1852 871 1887 fiat,
893 1852 983 1889 praeit

130 1901 250 1938 cognitio
279 1901 445 1938 disponens,
478 1903 505 1929 et
536 1899 720 1937 subsequitur
752 1899 881 1928 voluntas
903 1898 984 1936 perfi-

131 1948 213 1977 ciens.
247 1949 515 1985 Quantumcumque
547 1948 619 1976 enini
653 1947 803 1984 praecedat
831 1947 982 1983 cogitatus,

132 2003 277 2032 nunquam
309 1998 403 2024 motus
435 1994 580 2032 sequitur,
609 1995 662 2024 nisi
684 1995 776 2031 ipsum
800 1995 918 2031 imperet
940 2002 984 2022 vo-

132 2042 248 2071 luntatis
279 2042 396 2071 affectio.
428 2059 466 2063 —
500 2042 529 2071 Et
561 2042 633 2071 sicut
665 2042 795 2071 voluutas
821 2041 984 2070 nonhabet

131 2090 243 2118 moueri
263 2089 298 2118 ad
330 2089 489 2125 obiectum,
514 2089 708 2127 amplectendo
741 2089 785 2119 vel
818 2088 984 2126 refugiendo

131 2136 218 2172 illud7
240 2137 293 2166 nisi
315 2137 499 2174 praeambulo
530 2137 668 2174 cogitatu,
691 2137 729 2166 sic
751 2137 834 2166 etiam
857 2144 911 2165 non
939 2136 985 2164 ba-

131 2185 178 2213 bet
199 2184 366 2222 approbare
388 2184 431 2213 vel
452 2193 606 2222 respuere,
629 2185 687 2214 sive
710 2184 810 2213 elicere
825 2184 834 2199 6
848 2188 875 2213 et
896 2182 985 2220 refie-

131 2240 205 2260 aare
224 2235 317 2261 actum
334 2232 490 2269 proprium,
506 2232 558 2261 nisi
575 2232 702 2261 rationis
717 2236 802 2261 actas
814 2231 984 2269 praecedat,

131 2279 180 2316 qui
196 2278 292 2314 dictet,
309 2279 401 2316 ipsum
424 2287 484 2308 esse
507 2279 612 2308 bonum
635 2279 678 2308 vel
695 2279 818 2313 malum,
840 2278 985 2316 perficien-

133 2326 200 2355 dum
223 2326 267 2355 vel
289 2326 499 2355 refrenandum.
523 2327 561 2355 Ex
591 2326 637 2355 tali
671 2327 745 2355 00101
768 2330 832 2356 actu
861 2334 986 2364 praeam-

132 2372 199 2401 bulo
220 2373 350 2402 voluntas
383 2374 410 2402 in
433 2376 508 2405 ,actu
541 2381 592 2402 suo
625 2373 722 2410 incipit
744 2373 919 2410 complacere
942 2372 986 2401 vel

133 2419 290 2457 displicere.
318 2437 356 2440 —
390 2421 419 2448 Et
451 2420 489 2449 sic
512 2423 603 2457 patet,
632 2421 707 2458 quod
730 2421 844 2449 libertas
876 2419 986 2448 arbitrii

198 2553 204 2567 ¹
226 2553 275 2576 N'at.
294 2556 315 2575 et
332 2553 385 2575 edd.
405 2554 428 2581 2,
448 2553 473 2581 3,
492 2553 504 2575 4
523 2554 629 2576 omittunt
646 2553 759 2576 iiia-Time.
779 2553 800 2576 10
820 2553 864 2575 fine
882 2559 930 2581 arg.
944 2559 986 2581 pro

132 2593 257 2621 praeoptat
275 2592 342 2615 codd.
361 2594 378 2614 :x
389 2593 410 2615 X
425 2592 548 2622 praecipit.

197 2631 206 2645 ²
224 2631 279 2654 Cod.
303 2638 328 2654 aa
347 2632 410 2654 addit
431 2631 493 2655 sicut
509 2631 564 2655 dicit
586 2631 753 2662 Aagyustinus;
777 2632 816 2654 cfr.
835 2633 939 2660 August„
958 2631 986 2654 de

135 2670 183 2693 Lib.
199 2670 252 2693 Arb.
271 2672 336 2700 quasi
354 2677 396 2699 per
413 2674 494 2694 totum.

199 2709 208 2724 3
225 2711 247 2732 ln
265 2710 323 2732 libro
337 2710 365 2733 de
382 2710 444 2733 Libr.
457 2710 524 2738 Arb.,
542 2717 568 2732 cx
586 2717 633 2739 quo
651 2711 696 2732 iam
709 2716 779 2738 supra
798 2716 851 2738 pag.
869 2709 921 2737 115,
934 2712 986 2732 nota

136 2749 158 2771 6.
175 2749 259 2777 verba,
278 2755 337 2778 quae
355 2750 391 2772 bic
409 2750 573 2778 respiciuntur,
596 2750 720 2772 attulimus.
744 2749 788 2772 Cl'r.
807 2750 874 2771 etiam
900 2749 987 2771 dictum

135 2788 243 2816 August.‚
262 2789 283 2810 in
297 2792 348 2811 nota
365 2791 490 2811 memorata
508 2789 612 2816 aliatum,
631 2794 673 2811 nec
685 2795 729 2811 non
743 2788 849 2811 Richard.
862 2795 873 2810 a
888 2788 909 2810 S.
920 2788 986 2816 Vici„

137 2827 165 2850 cle
183 2828 245 2850 Statu
269 2828 382 2850 interioris
403 2829 514 2856 bominis,
533 2830 596 2850 tract.
619 2828 639 2849 i.
658 2833 677 2850 0.
696 2828 720 2855 3,
742 2827 781 2850 ubi
800 2827 829 2850 ad
852 2827 987 2856 dignitatem

137 2866 201 2888 liberi
219 2866 305 2889 arbitrii
324 2867 497 2889 monstrandam
515 2868 629 2896 imprimis
652 2867 811 2895 praedicatur,
830 2866 893 2895 quod
912 2872 987 2895 neque

138 2912 149 2928 a
172 2906 218 2928 Deo
242 2912 317 2934 neque
340 2905 369 2928 ab
386 2906 431 2928 ulla
455 2908 558 2929 creatura
581 2907 652 2935 possit
674 2906 732 2936 coyt.
746 2919 776 2922 —
792 2906 869 2929 Verba
892 2912 986 2934 propos.

137 2943 237 2967 minoris
260 2947 313 2966 sunt
329 2945 451 2972 Augustini
477 2948 498 2967 et
515 2945 663 2968 inveniuntur
690 2945 703 2967 l.
727 2945 825 2968 Retract.
849 2951 868 2967 c.
887 2945 907 2966 9.
926 2950 947 2966 0.
966 2944 986 2966 3.

137 2987 159 3006 et
176 2989 195 3006 c.
214 2984 250 3005 ⁶22.
270 2989 290 3005 0.
309 2983 335 3011 4;
354 2983 368 3005 l.
387 2983 415 3006 de
432 2983 481 3006 Lib.
499 2984 553 3006 Arb.
572 2990 591 3007 c.
610 2985 646 3006 12.
663 2990 684 3006 0.
703 2985 739 3012 26,
757 2986 779 3007 et
796 2984 829 3006 111.
849 2989 867 3006 c.
887 2984 906 3005 3.
926 2990 947 3005 0.
965 2983 987 3005 7.

201 3022 209 3036 ⁴
228 3023 290 3045 Sicut
306 3029 376 3051 supra
394 3030 416 3052 q.
439 3023 459 3045 3.
477 3024 606 3051 expositum
625 3026 665 3046 est.
683 3036 712 3039 —
730 3023 799 3045 Paulo
820 3023 927 3051 superius
945 3028 987 3050 pro

1829 217 1884 245 605

1035 296 1093 325 sive
1114 296 1244 330 facultas,
1273 304 1345 333 quae
1378 296 1480 325 dicitur
1512 296 1633 325 liberum
1665 295 1831 330 arbitrium,
1854 295 1880 323 in
1895 300 1993 319 eoneiusio
2010 299 2031 318 1.

1035 344 1141 372 ratione
1162 343 1310 372 inchoatur
1332 346 1359 372 et
1381 343 1408 371 in
1440 343 1583 372 voluntate
1605 345 1826 372 consummatur.
1855 342 1885 371 Et

1035 391 1166 427 quoniam
1198 398 1283 428 penes
1315 390 1385 419 illud
1419 390 1612 427 principaliter
1644 390 1766 424 residet,
1798 397 1885 427 penes

1035 438 1110 474 quod
1133 441 1368 471 consumtitcttar,
1385 437 1446 466 ideo
1462 437 1654 474 principaliter
1676 437 1791 466 libertas
1812 436 1883 465 arbi·
1899 441 1999 460 Conclusio
2012 441 2024 459 2

1035 484 1079 513 trii
1102 487 1129 513 et
1151 484 1306 513 dominium
1321 484 1349 513 10
1363 484 1512 513 voluntate
1528 485 1661 514 consistit.
1674 501 1712 505 —
1725 485 1755 513 Et
1770 484 1883 518 iterum,

1036 531 1101 568 quia
1123 531 1202 565 illud,
1224 532 1249 559 in
1272 540 1327 568 quo
1351 539 1395 560 res
1416 530 1584 566 inchoatur,
1608 540 1637 561 se
1659 531 1743 560 babet
1764 539 1814 569 per
1829 535 2027 559 nio-Corollarium-

1036 578 1104 606 dum
1135 578 1316 611 materialis,·
1337 578 1427 613 illud,
1451 579 1477 607 10
1502 587 1558 616 quo
1590 582 1833 612 coa-saimuatar,
1857 585 1886 607 se

1036 625 1120 654 babet
1141 632 1192 662 per
1213 625 1329 654 modum
1350 624 1508 662 formali3;
1529 629 1556 655 et
1570 626 1741 655 adiectivum
1756 628 1886 663 respectu

1036 671 1202 700 substantivi
1225 679 1254 700 se
1275 671 1360 700 babet
1380 680 1430 708 per
1453 672 1568 701 modum
1591 671 1800 709 infor'iizaittis:
1824 672 1887 701 ideo

1036 718 1063 746 in
1086 718 1274 746 nominatione
1300 718 1376 747 illius
1407 719 1552 755 potestatis
1584 726 1683 747 nomen
1715 718 1887 755 respondens

1036 765 1149 793 rationi
1169 765 1342 802 significatur
1357 765 1553 799 substantium
1575 773 1677 794 nomen
1693 773 1759 794 vero
1774 773 1887 802 respon-

1036 812 1105 842 dens
1126 812 1272 841 volantati
1303 812 1477 850 significatur
1509 812 1667 846 acliectioe;
1689 816 1717 841 et
1738 816 1888 850 propterea

1036 860 1126 896 magis
1148 862 1264 889 vocatur
1280 860 1333 888 ista
1348 859 1466 888 facultas
1481 859 1604 888 liberam
1620 859 1782 888 arbitrium
1802 867 1887 897 quam

1036 906 1207 935 arbitraria
1229 906 1356 935 libertas.

1119 955 1141 982 1.
1165 954 1196 982 Et
1217 962 1268 991 per
1289 954 1342 983 1100
1364 957 1439 991 patet
1460 954 1605 991 responsio
1627 953 1662 982 ad
1678 953 1802 990 primum
1817 953 2035 1002 obie-scfflligobie-

1037 1005 1112 1031 ctum
1136 1002 1163 1030 10
1185 1001 1367 1030 contrarium.

1116 1050 1142 1077 Ξ.
1164 1049 1203 1078 Ad
1226 1048 1296 1078 illud
1319 1057 1386 1078 vero
1408 1049 1483 1087 quod
1505 1049 1636 1078 obiicitur
1658 1049 1790 1082 secundo7
1813 1048 1888 1086 quod

1037 1096 1107 1125 ratio
1132 1096 1203 1133 regit
1224 1096 1393 1125 irascibilem
1409 1100 1436 1125 et
1450 1096 1712 1133 concupiscibilem,
1728 1095 1888 1130 dicendum,

1037 1144 1112 1181 quod
1125 1144 1183 1173 sive
1198 1144 1205 1157 ⁷
1218 1144 1261 1172 vis
1274 1143 1421 1173 irascibilis
1436 1147 1463 1172 et
1478 1143 1702 1180 concupiscibilis
1717 1143 1889 1179 intelligatur

1037 1190 1071 1219 de
1093 1190 1219 1228 appetitu
1242 1190 1369 1225 brutali,
1393 1191 1452 1219 sive
1474 1190 1509 1219 de
1530 1190 1653 1227 potentia
1670 1189 1826 1227 appetitiva
1847 1197 1889 1218 ra-

1037 1238 1149 1273 tionali,
1180 1241 1331 1275 utramque
1363 1237 1447 1267 habet
1479 1246 1577 1275 regere
1598 1238 1677 1266 ratio
1699 1245 1749 1275 per
1774 1237 1889 1266 modum
1916 1272 1925 1274 s

1038 1285 1219 1322 disponentis
1238 1289 1265 1314 et
1280 1284 1473 1318 consulentis,
1495 1288 1631 1322 quantum
1648 1287 1690 1314 est
1705 1284 1740 1313 de
1755 1292 1792 1313 se.
1808 1283 1887 1321 Quod

1037 1336 1132 1362 autem
1154 1336 1233 1370 regat
1254 1341 1304 1370 per
1336 1333 1452 1362 modum
1486 1333 1675 1370 anper-anti&
1698 1332 1750 1361 hoc
1771 1340 1826 1361 000
1848 1334 1890 1361 θεῖ

1038 1379 1090 1408 01ε1
1113 1379 1253 1408 mediante
1278 1379 1439 1413 voluntate,
1474 1387 1546 1417 quae
1568 1379 1615 1408 dat
1636 1379 1660 1408 ei
1683 1379 1888 1408 auctoritatem.

1045 1427 1184 1455 Voluntas
1206 1430 1301 1455 autem
1322 1435 1377 1455 non
1409 1426 1476 1455 dicit
1499 1426 1581 1455 aliam
1604 1426 1756 1464 potentiam
1778 1434 1829 1463 per
1851 1433 1891 1455 es-

1038 1475 1157 1503 sentiam
1180 1481 1196 1502 a
1217 1473 1425 1510 concupiscibili
1449 1477 1476 1503 et
1508 1473 1639 1502 irascibili
1654 1473 1673 1508 ³,
1696 1473 1744 1502 sed
1766 1473 1891 1502 nominat

1039 1522 1130 1559 ipsum
1153 1521 1308 1558 appetitum
1324 1524 1356 1550 ut
1370 1521 1567 1550 ratiocinatum
1583 1521 1641 1549 sive
1657 1520 1756 1549 rationi
1780 1520 1891 1549 coniun-

1038 1572 1130 1603 ctum,
1152 1568 1232 1597 etsie
1247 1568 1308 1597 eius
1330 1576 1428 1605 regere
1443 1572 1485 1597 est
1499 1572 1526 1597 et
1545 1568 1693 1605 imperare.
1715 1567 1891 1604 Concupisci-

1039 1615 1103 1644 bilis
1124 1619 1217 1644 autem
1247 1619 1274 1644 et
1296 1615 1444 1644 irascibilis
1476 1615 1594 1644 eandem
1617 1615 1768 1652 potentiam
1791 1614 1892 1643 affecti-

1039 1671 1102 1692 vam
1125 1663 1285 1697 nominant,
1315 1663 1341 1691 in
1371 1665 1508 1700 quantum
1538 1665 1631 1691 tamen
1654 1662 1738 1691 babet
1767 1662 1824 1699 regi
1834 1673 1841 1696 ;
1864 1665 1892 1690 et

1040 1711 1077 1739 ita
1099 1711 1232 1740 dicuntur
1255 1710 1415 1743 inferiores,
1443 1718 1497 1738 non
1530 1713 1668 1747 quantum
1690 1709 1723 1738 ad
1747 1712 1892 1738 iiatzircmn

1040 1758 1194 1795 potentiae,
1226 1757 1273 1786 sed
1307 1761 1445 1795 quantum
1475 1757 1510 1786 ad
1533 1756 1671 1795 officiam.
1695 1757 1725 1785 Et
1746 1756 1810 1785 binc
1834 1759 1891 1790 est,

1040 1805 1115 1843 quod
1138 1805 1259 1834 liberum
1281 1804 1431 1833 arbitrium
1454 1804 1611 1833 secundum
1634 1811 1695 1833 rem
1711 1803 1894 1840 comprehen-

1040 1852 1081 1881 dit
1102 1852 1169 1881 istas
1191 1855 1247 1880 tres
1269 1851 1422 1888 potentias,
1444 1850 1574 1879 videlicet
1596 1850 1777 1885 rationalem,
1802 1850 1894 1879 irasci-

1040 1900 1124 1929 bilem
1154 1902 1181 1928 et
1202 1898 1457 1936 concupiscibilem.
1480 1898 1552 1927 sicut
1574 1898 1640 1927 dicit
1665 1898 1837 1935 Augustinus
1859 1897 1893 1926 de

1040 1947 1170 1985 Quinque
1193 1945 1466 1984 Responsionibus⁹z
1495 1945 1589 1974 «Cum
1611 1945 1646 1974 de
1667 1945 1756 1974 libero
1777 1945 1894 1974 arbitrio

1042 1995 1200 2032 loquimur,
1223 2002 1278 2022 non
1300 1994 1335 2022 de
1362 1996 1441 2030 parte
1473 1992 1583 2022 animae
1606 1992 1765 2030 loquimur,
1787 1992 1837 2021 sed
1859 1991 1894 2021 de

1041 2045 1136 2071 tota».
1159 2041 1225 2070 Hinc
1246 2044 1288 2070 est
1309 2041 1409 2075 etiam,
1432 2040 1508 2078 quod
1537 2048 1601 2069 cum
1633 2043 1743 2069 ceterae
1775 2039 1894 2068 virtutes

1042 2097 1095 2117 non
1119 2089 1227 2118 indocte
1249 2091 1390 2126 ponantur
1412 2088 1438 2116 iu
1469 2087 1557 2116 libero
1579 2086 1723 2120 arbitrio,
1750 2094 1805 2115 0οο
1827 2085 1893 2114 huic

1041 2136 1136 2165 obviat
1156 2135 1226 2164 illud
1249 2135 1324 2173 quod
1346 2135 1491 2164 consuevit
1513 2134 1582 2168 dici,
1605 2133 1681 2171 quod
1703 2137 1760 2162 tres
1775 2133 1894 2161 vlrtutes

1042 2183 1213 2221 theologicae
1236 2186 1301 2212 sunt
1327 2183 1355 2211 10
1387 2181 1534 2211 ‘rationali
1564 2184 1590 2210 et
1616 2179 1837 2218 concupiscibili
1867 2182 1894 2208 et

1043 2230 1196 2259 irascibili.
1220 2230 1354 2259 Voluntas
1376 2230 1468 2264 enim,
1500 2232 1531 2258 ut
1554 2229 1607 2257 iam
1631 2228 1736 2257 dictum
1760 2231 1816 2262 est,
1838 2235 1893 2255 non

1042 2278 1166 2306 nominat
1180 2277 1263 2305 aliam
1286 2277 1438 2314 potentiam
1460 2276 1617 2305 secundum
1639 2275 1790 2304 essentiam
1806 2278 1832 2303 et
1848 2282 1894 2302 na-

1043 2328 1135 2353 turam
1151 2324 1186 2352 ab
1210 2323 1341 2352 irascibili
1363 2327 1390 2351 et
1412 2322 1631 2359 concupiscibili,
1654 2321 1718 2350 licet
1739 2321 1793 2350 alio
1810 2320 1893 2349 modo

1044 2372 1175 2400 nominet.

1123 2418 1148 2447 3.
1171 2418 1210 2446 Ad
1233 2418 1302 2446 illud
1325 2417 1400 2454 quod
1422 2417 1565 2450 obiicitur,
1587 2416 1661 2454 quod
1684 2416 1754 2444 ratio
1776 2415 1893 2449 iudicat,

1043 2552 1131 2575 clicilar
1150 2552 1199 2574 Vat.
1218 2557 1270 2573 cum
1288 2550 1341 2573 edd.
1360 2551 1384 2577 2,
1404 2551 1428 2577 3,
1443 2550 1455 2572 4
1473 2549 1593 2578 redditur,
1613 2552 1635 2572 ot
1652 2549 1719 2572 codd.
1738 2549 1781 2571 FT
1793 2549 1822 2571 W
1832 2555 1857 2571 aa
1869 2555 1896 2571 ee

1044 2598 1085 2613 000
1104 2597 1147 2613 non
1168 2591 1245 2619 plures
1263 2590 1298 2612 alii
1322 2590 1428 2612 omittunt
1445 2588 1494 2611 alla.
1518 2592 1569 2617 post
1586 2588 1617 2611 acl
1635 2588 1777 2612 movendam
1800 2588 1847 2611 scil.
1871 2594 1895 2610 se

1045 2631 1074 2653 ad
1092 2630 1216 2657 obiectum,
1234 2630 1293 2652 sicut
1310 2629 1366 2651 infra
1385 2628 1475 2651 (licitur.

1106 2669 1116 2684 ⁵
1134 2669 1178 2692 Ci'r.
1197 2670 1304 2697 August,
1323 2668 1352 2690 X.
1371 2668 1399 2690 do
1418 2668 1479 2690 Trin.
1499 2673 1517 2690 c.
1540 2668 1556 2689 1.
1575 2674 1640 2696 seqq.
1658 2679 1690 2683 —
1702 2668 1752 2689 Vat.
1771 2673 1824 2689 cum
1842 2666 1895 2689 edd.

1045 2711 1069 2737 2,
1089 2709 1112 2737 3,
1134 2708 1146 2730 4
1163 2707 1210 2731 nisi
1227 2713 1405 2737 cognoscamus.
1425 2707 1476 2729 Post
1493 2712 1620 2736 utinquam
1632 2707 1681 2729 Vat.
1701 2712 1752 2729 cum
1771 2706 1824 2729 edd.
1843 2706 1863 2733 3,
1884 2706 1896 2728 li·

1044 2748 1135 2771 subiicit
1148 2748 1239 2775 tamen,
1260 2750 1281 2769 ct
1293 2746 1345 2769 dein
1364 2752 1406 2774 pro
1419 2745 1579 2776 amplectendo
1597 2745 1713 2768 substituit
1730 2744 1880 2775 acceptando.

1107 2787 1116 2801 6
1135 2786 1200 2813 Edu„
1219 2788 1313 2813 excepta
1333 2786 1351 2813 l,
1370 2785 1462 2815 elicere.

1106 2826 1116 2840 ⁷
1134 2826 1194 2848 Multi
1205 2824 1272 2847 codd.
1286 2830 1330 2846 non
1343 2824 1402 2847 bene
1419 2823 1447 2852 si,
1462 2824 1530 2847 codd.
1540 2824 1632 2846 HRVZ
1646 2830 1699 2847 cum
1711 2824 1764 2847 edd.
1778 2825 1799 2852 2,
1813 2824 1825 2846 3
1838 2824 1881 2847 etsi
1888 2833 1898 2853 ,-

1044 2866 1065 2887 in
1084 2865 1134 2887 cod.
1153 2864 1171 2886 Y
1190 2865 1272 2892 legitur
1290 2862 1353 2894 qaod
1369 2863 1390 2886 si
1406 2863 1440 2886 vis
1458 2862 1585 2887 irascibilis
1602 2865 1624 2886 et
1640 2862 1828 2893 concupiscibilis
1849 2869 1898 2886 nott

1045 2903 1193 2933 intelligatur
1210 2902 1237 2926 {lc
1254 2902 1358 2932 appetita
1376 2902 1477 2931 brutali,
1497 2902 1538 2925 secl
1554 2902 1581 2925 cle
1598 2901 1702 2932 potentia
1719 2905 1760 2925 etc.

1108 2942 1117 2957 S
1134 2941 1178 2965 Cir.
1196 2948 1267 2970 supra
1286 2942 1307 2964 d.
1326 2941 1362 2964 24..
1381 2948 1402 2969 p.
1423 2942 1437 2964 l.
1455 2948 1474 2964 a.
1494 2942 1514 2963 2.
1533 2948 1555 2970 q.
1578 2942 1594 2963 1.
1613 2942 1634 2964 10
1653 2941 1697 2963 fine
1715 2947 1778 2970 corp.
1797 2944 1818 2964 et
1836 2948 1858 2970 q.
1876 2942 1896 2964 3.

1107 2982 1117 2996 ⁰
1134 2981 1188 3004 Sive
1201 2982 1390 3010 Hypognostieon
1403 2982 1474 3009 (inter
1486 2987 1557 3010 opera
1569 2982 1689 3010 August),
1703 2981 1734 3004 iil.
1748 2988 1767 3004 c.
1786 2981 1806 3004 5.
1821 2980 1898 3004 Verba

1045 3023 1093 3050 ipsa
1113 3024 1185 3044 textus
1203 3021 1320 3049 originalis
1337 3021 1454 3043 attulimus
1472 3027 1541 3049 supra
1561 3027 1614 3049 pag.
1633 3020 1685 3050 597,
1705 3024 1757 3044 nota
1775 3021 1796 3043 4.
