2243 3425
365 194 421 222 8th

362 271 408 305 qui
428 271 531 300 dicunt,
548 267 712 302 impossibile
726 265 826 300 aliquid
843 265 945 291 homini
959 272 973 291 a
987 265 1041 291 Deo
1062 272 1119 290 esse
1134 271 1208 297 prae-

362 316 483 347 ceptum,
503 315 528 338 et
548 311 672 338 mandata
693 309 738 335 Dei
760 315 811 334 non
832 315 847 334 a
867 308 991 341 singulis,
1011 307 1057 333 sed
1073 307 1106 333 al)
1127 307 1209 333 omni-

362 357 411 383 bus
431 357 456 381 in
476 361 617 381 commune
644 360 722 386 posse
742 351 843 377 servari
858 362 882 377 ».
907 351 939 376 Et
958 350 1039 384 paulo
1058 353 1133 384 post:
1153 361 1163 372 a
1176 350 1208 376 Et

363 402 414 425 tam
436 399 493 424 illos
513 404 603 424 errare
622 396 750 426 dicimus,
771 395 816 428 qui
843 401 903 420 cum
925 393 1081 419 Manieliaeo
1102 393 1208 423 dieunt,

362 442 494 468 bominem
520 444 660 474 peceatum
681 439 764 464 vitare
790 445 841 464 non
862 444 953 471 posse,
974 444 1055 471 quam
1083 436 1142 462 iilos
1162 437 1207 470 qui

361 491 421 510 cum
442 483 576 509 Ioviniano
591 484 724 513 asserunt,
745 480 880 506 hominem
895 487 946 505 non
964 487 1043 513 posse
1058 486 1173 513 peccare
1184 490 1208 505 ».

360 527 474 552 —Ecce
496 526 673 558 Hieronymus
686 523 762 554 dicit,
783 529 902 548 errorem
917 529 986 552 esse,
1007 522 1027 548 si
1043 522 1103 556 quis
1124 521 1208 553 dicat⁷

361 569 494 594 hominem
516 568 599 593 vitare
617 569 758 600 peecatum
779 572 831 591 non
850 572 938 599 posse.
958 564 1006 596 Qui
1021 568 1109 591 autem
1131 564 1209 597 dicit,

361 611 491 645 quaedam
511 609 662 636 necessitate
682 608 751 641 sieri,
774 608 908 642 quaedam
928 608 995 634 dicit
1008 615 1061 633 non
1080 615 1160 641 posse
1174 608 1210 633 vi-

362 654 420 680 tari,
440 653 505 679 Cum
525 659 587 685 ergo
609 652 633 677 id
655 652 818 685 Augustinus
838 651 922 681 dicat,
944 650 1049 677 videtur
1069 654 1115 677 aut
1136 658 1210 677 erro—

360 697 396 722 ris
415 704 472 722 esse
492 696 562 730 quod
585 695 678 727 tradit,
699 698 745 721 aut
765 702 816 720 non
838 701 896 720 esse
916 701 1009 720 verum
1025 693 1097 728 quod
1120 694 1210 720 Hiero-

360 746 456 774 nymus
477 739 520 765 ait.

431 782 470 808 Ad
490 782 561 816 quod
582 782 635 807 diei
655 784 760 815 potest,
786 781 849 815 quia
876 780 1042 813 Augustinus
1061 780 1210 807 seeundum

219 837 346 855 couniantur
360 829 456 853 statum
477 826 558 852 huius
578 825 701 851 miseriae
714 839 750 843 —
770 824 802 850 ad
823 831 904 858 quam
925 824 1042 858 pertinet
1062 824 1213 857 ignorantia

218 863 339 878 auctoritates

343 874 345 877 ·
361 872 386 896 et
399 869 557 899 difficultas,
572 872 600 894 ut
615 868 684 894 idem
699 867 736 893 ait
751 867 776 893 iu
797 866 867 893 libro
887 866 921 893 de
942 867 1039 893 Libero
1062 867 1181 893 Arbitrio
1194 867 1210 897 ¹,

359 920 428 947 quae
447 920 480 939 ex
500 912 568 938 iusta
582 911 751 937 damnatione
765 910 1075 936 descenderunt—illud
1091 910 1212 943 tradidit,

360 955 405 981 ubi
426 958 452 981 ct
472 954 585 981 venialia
603 957 714 988 peccata
738 953 854 979 inclusit.
875 953 1056 986 Hieronymus
1077 960 1140 979 vero
1156 957 1212 979 tan-

362 1001 416 1024 tum
429 997 462 1024 de
482 997 639 1023 mortalibus
653 996 773 1030 peccatis
785 996 915 1030 loquitur,
932 1003 1002 1030 quae
1017 996 1212 1030 unusquisque,

614 1097 1055 1146 COMMENTARIUS
1091 1098 1152 1145 IN
1186 1097 1630 1145 DISTINCTIONEM
1665 1097 1864 1145 XXXVI.

922 1201 1031 1234 Utrum
1058 1206 1217 1245 peccatum
1244 1200 1282 1234 sit
1308 1212 1404 1245 poena
1432 1200 1556 1245 peceati.

802 1294 959 1323 Sciendum
981 1298 1022 1323 est
1043 1298 1150 1329 tamen,
1172 1295 1320 1333 quaedam
1340 1295 1383 1323 sic
1403 1303 1463 1323 esse
1482 1298 1604 1331 peccata
1626 1298 1676 1323 etc.

1097 1383 1220 1411 DIVISIO
1243 1383 1382 1412 TEXTUS.

438 1483 528 1519 Supra
550 1482 746 1511 determinavit
769 1483 913 1519 Magister.
930 1482 997 1519 quid
1014 1482 1049 1511 sit
1064 1486 1209 1519 peecatum

360 1530 514 1559 secundnm
538 1537 597 1558 rem
619 1533 646 1558 et
667 1529 866 1558 definitionem.
890 1530 917 1558 ln
944 1530 996 1558 hac
1018 1533 1097 1566 parte
1123 1530 1212 1567 inqui-

360 1578 408 1612 rit,
430 1581 526 1606 utrum
550 1582 694 1614 peccatum
718 1578 753 1606 sit
774 1586 862 1614 poena
878 1578 992 1614 peceati.
1008 1578 1149 1606 Dividitur
1165 1586 1211 1606 au-

358 1628 414 1654 tem
438 1633 502 1661 pars
524 1626 575 1653 ista
597 1625 624 1652 in
647 1628 740 1661 partes
762 1624 841 1653 duas.
866 1624 892 1652 ln
909 1632 1030 1661 quarum
1052 1625 1145 1662 prima
1160 1624 1212 1652 Ma-

360 1673 446 1709 gister
468 1675 560 1700 movet
582 1671 774 1708 quaestionem
797 1671 873 1699 illam
890 1675 917 1699 et
932 1671 1101 1700 determinat
1115 1679 1211 1700 secun-

360 1719 427 1748 dum
450 1719 607 1756 opinionem
630 1719 759 1747 aliorum.
775 1718 803 1746 ln
827 1719 950 1747 secunda
965 1727 1032 1747 vero
1054 1719 1211 1747 seeundum

360 1767 516 1803 opinionem
547 1766 707 1802 propriam,
734 1765 786 1793 ibi:
817 1766 852 1793 In
873 1765 953 1793 nullo
977 1769 1073 1793 tamen
1092 1766 1212 1802 praeia-

360 1813 470 1842 [lz'cz‘itnt
491 1812 559 1850 sieri
578 1813 699 1841 veritati
719 1816 770 1841 etc.

439 1861 531 1888 Prima
552 1869 618 1897 pars
640 1861 725 1889 habet
746 1863 804 1889 tres
827 1863 929 1897 paries.
960 1860 987 1888 In
1011 1861 1103 1897 prima
1125 1860 1213 1889 addu-

362 1909 399 1936 oit
420 1908 549 1944 Magister
571 1908 767 1938 auctoritates.
794 1908 820 1935 in
851 1907 955 1945 quibus
976 1907 1113 1942 ostendit,
1136 1907 1210 1944 quod

361 1963 448 1983 unum
466 1958 610 1992 peceatum
627 1956 662 1983 sit
676 1955 794 1983 alterius
809 1955 913 1991 peccati
931 1962 1027 1991 poena.
1044 1955 1072 1982 ln
1088 1954 1212 1983 secunda

361 2010 427 2030 vero
449 2005 542 2031 movet
563 2003 754 2039 quaestionem
769 2002 776 2014 ¹
804 2006 831 2030 et
857 2002 1025 2030 determinat
1046 2002 1127 2029 iuxta
1149 2001 1214 2030 alio-

362 2057 424 2077 rum
448 2049 621 2086 opinionem,
645 2049 696 2076 ibi:
721 2049 756 2076 Ει
778 2049 840 2076 ideo
862 2048 966 2076 merito
988 2048 1095 2086 quaeri
1112 2051 1212 2085 potest.

362 2095 389 2123 ln
418 2097 500 2125 tertia
528 2104 596 2124 vero
625 2096 770 2132 subiungit
804 2096 880 2125 illius
910 2095 1048 2132 opinionis
1077 2096 1211 2124 maiorem

362 2143 603 2179 explanationem.
628 2142 679 2170 ibi:
704 2143 738 2170 Et
760 2142 825 2170 lieet
838 2151 873 2170 ea:
888 2141 940 2170 hoe
954 2150 1041 2170 sensa
1057 2150 1139 2169 omne
1151 2150 1214 2178 pee-

362 2193 459 2217 catum
483 2189 606 2217 mortale
624 2189 717 2226 possit
739 2189 799 2216 caci
820 2192 871 2217 etc.

440 2237 572 2265 Similiter
595 2236 718 2264 secunda
740 2244 805 2273 pars
820 2235 995 2272 principalis,
1012 2235 1038 2263 in
1060 2243 1116 2272 qua
1131 2235 1212 2264 istam

1016 2333 1202 2361 TRACTATIO
1224 2333 1469 2370 QUAESTIONUM.

442 2422 479 2450 Ad
502 2421 713 2458 intelligentiam
743 2421 828 2458 igitur
850 2420 935 2449 huius
958 2421 1045 2457 partis
1067 2420 1141 2449 eirca
1162 2421 1216 2449 tria

364 2468 459 2497 incidit
480 2468 525 2497 hie
546 2469 680 2505 quaestio.

444 2516 533 2543 Primo
555 2515 701 2552 quaeritur
716 2515 751 2543 de
767 2515 974 2551 comparatione
990 2514 1089 2551 eulpae
1104 2514 1139 2542 ad
1154 2522 1217 2551 poe-

365 2570 428 2589 nam
451 2562 605 2590 seeundum
629 2562 809 2590 identitatem.

444 2609 570 2637 Secundo
592 2617 658 2637 vero
681 2609 827 2646 quaeritur
843 2609 877 2637 de
893 2609 1101 2646 comparatione
1116 2608 1215 2645 eulpae

366 2654 400 2682 ad
422 2663 537 2691 poenam
562 2656 716 2684 seeundum
741 2655 1017 2692 inseparabilitatem.

445 2701 536 2729 Tertio
558 2702 703 2738 quaeritur
725 2702 759 2730 de
782 2702 989 2739 comparatione
1004 2709 1109 2738 poenae
1124 2701 1159 2729 ad
1175 2701 1216 2729 di-

1042 186 1294 215 SENTENTIARUM
1317 186 1376 214 LIB.
1400 186 1428 213 11.

1265 263 1350 297 gratia
1372 263 1551 294 illuminatus,
1572 263 1656 290 vitare
1676 263 1760 294 valet;
1780 263 1821 290 vel
1842 263 1875 289 de
1895 263 2003 290 homine
2022 271 2118 290 secuu-

1266 306 1329 332 dum
1351 309 1448 333 statum
1470 306 1547 332 liberi
1568 306 1671 332 arbitrii
1693 310 1753 332 ante
1774 310 1916 340 peccatum
1937 306 2001 333 illud
2023 307 2067 333 ait.

1337 349 1406 376 Satis
1432 349 1573 383 diligenter
1594 356 1686 376 eorum
1711 350 1852 383 posuimus
1878 350 2051 382 sententiam,
2072 349 2118 384 qui
2132 349 2220 373 Epilogus

1266 392 1368 423 dicunt,
1382 400 1474 419 omnes
1494 396 1570 419 actus
1584 396 1698 419 naturas
1709 392 1718 406 ²
1734 400 1805 425 esse,
1820 396 1845 419 et
1860 393 1884 419 in
1900 397 2030 426 quantum
2045 397 2118 425 sunt,

1267 434 1349 462 bonos
1369 443 1435 462 esse.
1462 436 1489 462 In
1517 443 1570 470 quo
1598 438 1713 462 tractatu
1737 435 1870 470 quaedam
1897 436 2119 468 interseruimus,

1266 486 1337 512 quae
1361 486 1412 505 non
1437 486 1469 505 ex
1490 486 1582 505 eorum
1609 481 1711 505 tantum
1731 486 1846 512 persona
1867 478 2026 512 accipienda
2046 482 2119 511 sunt,

1267 522 1330 555 quia
1351 521 1384 548 ab
1405 522 1530 548 omnibns
1549 521 1684 548 catholice
1704 521 1871 555 sapientibus
1886 521 1988 556 absque
2007 522 2121 548 haesita-

1268 565 1340 591 tione
1361 568 1497 595 tenentur;
1517 568 1598 599 atque
1612 565 1803 591 auctoritatum
1825 565 1984 591 testimoniis
1998 568 2024 591 et
2043 565 2121 591 ratio-

1267 607 1347 634 nibus
1366 607 1513 634 eorundem
1539 608 1710 634 traditionem
1735 608 1914 638 munivimus,
1940 608 1987 642 qui
2013 607 2119 640 dicunt,

1268 657 1360 677 omnes
1373 654 1449 677 actus
1469 651 1584 677 essentia
1598 652 1651 682 sui,
1673 651 1697 677 id
1713 654 1764 681 est,
1785 651 1810 677 in
1825 654 1956 685 quantum
1973 654 2046 682 sunt,
2062 658 2120 677 esse

1268 692 1364 724 bonos,
1378 693 1510 727 quosdam
1525 701 1596 726 vero,
1611 694 1638 719 in
1659 697 1788 727 quantum
1804 693 1955 719 inordinate
1969 693 2047 724 fiunt⁷
2061 700 2121 727 pec-
2221 721 2223 730 ¹

1268 740 1328 763 cata
1348 743 1414 762 esse.
1434 736 1544 763 Addunt
1559 744 1683 771 quoque,
1702 737 1834 770 quosdam
1854 744 1906 763 non
1922 740 2023 763 tantum
2038 744 2121 763 essen-
2136 736 2223 762 Dubium*

1269 779 1323 810 tz'a,
1343 780 1390 806 sed
1410 780 1489 806 etiam
1508 788 1603 815 qenere
1623 780 1708 806 bonos
1728 788 1797 813 esse,
1818 784 1847 807 ut
1868 780 1979 806 reficere
2005 780 2122 806 esurien-
2220 777 2223 789 ³

1269 826 1334 853 teni,
1355 823 1400 857 qui
1422 826 1498 850 aetus
1518 827 1558 850 est
1577 823 1610 849 de
1630 830 1728 857 genere
1747 831 1859 857 operum
1872 823 1881 836 ³
1902 823 2120 855 misericordiae;

1269 866 1400 900 quosdam
1416 874 1479 893 vero
1500 869 1576 892 aetus
1590 866 1713 893 absolute
1733 873 1764 892 ae
1777 867 1895 900 perfecte
1916 866 2000 893 bonos
2014 866 2121 898 dicunt,

1269 917 1337 944 quos
1359 917 1409 935 non
1426 909 1512 936 solum
1533 909 1647 935 essentia
1663 909 1702 935 vel
1721 917 1819 944 (senas,
1840 910 1886 936 sed
1901 911 1980 936 etiam
2002 918 2083 936 causa
2096 913 2122 936 et

1267 951 1331 987 finis
1344 952 1525 984 commendat,
1540 956 1568 979 ut
1587 956 1649 979 sunt
1662 953 1699 979 illi
1713 953 1759 987 qui
1774 961 1807 980 ex
1822 953 1891 979 bona
1912 953 2049 979 voluntate
2062 960 2122 987 pro-

1270 995 1380 1022 veniunt
1399 998 1423 1022 et
1444 995 1544 1022 bonum
1566 996 1644 1022 linem
1665 996 1820 1022 metiuntur.

1269 1481 1461 1519 quaestionem
1484 1481 1653 1510 determinat
1674 1481 1829 1510 seeundum
1853 1481 1996 1518 propriam
2020 1482 2123 1518 opinio-

1268 1537 1348 1560 nem,
1371 1529 1507 1557 dividitur
1529 1528 1555 1557 in
1578 1532 1673 1565 partes
1694 1532 1760 1557 tres.
1784 1529 1811 1556 ln
1827 1537 1948 1566 quarum
1971 1528 2063 1566 prima
2079 1529 2124 1558 de-

1268 1576 1400 1604 terminat
1435 1576 1607 1613 propositam
1643 1576 1835 1612 quaestionem
1872 1576 2029 1605 secundum
2061 1584 2123 1613 pra

1268 1623 1359 1659 priam
1382 1623 1549 1660 opinionem,
1571 1623 1741 1652 confirmans
1756 1631 1818 1651 eam
1833 1624 1999 1652 auctoritate
2015 1623 2124 1652 Sancto·

1270 1678 1343 1698 rum.
1366 1670 1393 1697 In
1417 1670 1540 1699 secunda
1562 1678 1629 1698 vero
1645 1670 1813 1698 determinat
1828 1670 1970 1707 quoddam
1993 1670 2123 1704 dubium,

1271 1718 1295 1744 in
1318 1717 1469 1753 praedietis
1498 1717 1713 1746 auctoritatibus
1745 1717 1934 1754 propositum,
1963 1717 2016 1745 ibi:
2046 1717 2125 1745 Illud

1269 1768 1368 1793 autem
1397 1764 1550 1802 (lz'lz'gyenter
1572 1768 1612 1792 est
1633 1764 1808 1798 notamina,
1831 1765 1908 1802 quod
1928 1773 2024 1802 snpra
2042 1765 2124 1802 posi-

1270 1811 1306 1839 tis
1328 1815 1378 1840 etc.
1402 1812 1430 1839 ln
1452 1812 1534 1840 tertia
1556 1819 1623 1840 vero
1638 1811 1762 1840 breviter
1777 1812 1898 1849 epilogat
1912 1820 1945 1840 ea
1960 1820 2032 1849 quae
2047 1820 2125 1849 prae-

1270 1859 1345 1887 dicta
1360 1863 1434 1888 sunt.
1450 1859 1502 1887 ibi:
1521 1858 1601 1887 Satis
1617 1858 1770 1894 dilzjqemer
1785 1867 1887 1887 eorum
1899 1859 2057 1895 posuimus
2072 1862 2123 1888 ete.

1269 1922 1309 1925 —-
1330 1906 1361 1934 Et
1383 1906 1422 1934 sie
1444 1906 1471 1934 in
1495 1906 1545 1934 nac
1569 1905 1645 1933 totali
1668 1909 1747 1942 parte
1762 1906 1856 1942 agitur
1874 1906 2067 1943 principaliter
2090 1906 2124 1934 de

1271 1953 1479 1990 comparatione
1489 1953 1588 1990 culpae
1597 1953 1631 1981 ad
1642 1961 1758 1989 poenam
1770 1977 1776 1985 ,
1790 1956 1887 1981 utrum
1900 1953 2030 1982 videlicet
2042 1953 2125 1990 culpa

1271 2000 1305 2028 sit
1328 2008 1416 2037 poena
1438 2000 1601 2028 causaliter
1623 2003 1748 2034 tantum,
1764 2009 1798 2028 an
1815 2000 1976 2028 causaliter
1998 2000 2082 2029 simul
2098 2003 2125 2029 et

1271 2047 1470 2076 ees-entialiter.
1496 2048 1525 2076 Et
1548 2048 1677 2085 quamvis
1707 2048 1863 2076 secundum
1886 2048 2047 2084 aliquorum
2070 2047 2126 2085 opi-

1270 2095 1382 2123 nionem
1404 2100 1549 2131 peceatum
1573 2095 1608 2123 sit
1630 2103 1719 2131 poena
1746 2098 1853 2123 tantum
1884 2095 2063 2128 causaliter,
2086 2103 2126 2124 se-

1271 2142 1397 2170 cundum
1420 2145 1511 2170 tamen
1534 2142 1692 2178 opinionem
1717 2142 1850 2178 Magistri,
1871 2150 1956 2178 quam
1980 2142 2007 2170 in
2031 2142 2125 2171 littera

1272 2189 1377 2223 innuit,
1400 2197 1453 2217 non
1478 2192 1586 2217 tantum
1609 2188 1789 2222 massaliter,
1812 2189 1859 2217 sed
1883 2189 1966 2217 etiam
1990 2189 2126 2217 essentia—

1273 2235 1337 2281 liter
1361 2244 1449 2272 poena
1471 2239 1520 2264 est.

1274 2421 1354 2449 vlnae
1377 2421 1498 2449 iustitiae
1520 2421 1699 2458 aequitatem.

1352 2467 1431 2495 Circa
1452 2467 1576 2504 primum
1599 2471 1777 2504 quaeruntur
1799 2468 1864 2496 duo.

1354 2515 1444 2543 Primo
1465 2515 1627 2551 quaeritur,
1650 2518 1746 2543 utrum
1769 2523 1858 2543 unum
1878 2518 2023 2551 peceatum
2040 2515 2075 2543 sit
2090 2514 2127 2543 al-

1273 2562 1362 2590 terius
1384 2562 1488 2598 peceati
1512 2569 1608 2598 poena.

1352 2608 1480 2636 Secundo
1496 2608 1658 2644 quaeritur,
1675 2611 1771 2636 utrum
1788 2608 1932 2645 passiones
1947 2608 2056 2637 animae
2072 2609 2126 2637 sint

1275 2663 1378 2691 poenae
1400 2658 1524 2689 tantum,
1547 2663 1581 2682 an
1603 2663 1709 2691 poenae
1731 2655 1815 2683 simul
1837 2658 1864 2683 et
1885 2658 2005 2692 peecata.

432 2833 437 2846 ¹
457 2834 509 2860 (lap.
533 2835 564 2855 18.
584 2840 604 2856 n.
623 2834 663 2862 51;
683 2835 710 2856 <lo
728 2835 792 2857 Dono
810 2838 967 2863 perseverant.
990 2842 1008 2857 c.
1036 2836 1069 2857 11.
1094 2842 1114 2857 n.
1138 2835 1179 2862 ‘273
1203 2835 1216 2856 l.

371 2871 465 2892 lieu-nel.
479 2878 497 2893 (3.
517 2874 537 2893 Sl.
557 2879 577 2894 n.
596 2873 616 2894 fi.

432 2910 440 2923 ‘2
460 2911 507 2933 Vat.
526 2916 546 2933 ιιι
564 2912 615 2933 odd.
640 2914 655 2939 l,
674 2913 686 2932 8
705 2919 757 2934 vum
776 2913 826 2935 cod.
845 2914 860 2934 (ἶ
879 2913 967 2935 addunt
985 2913 1065 2936 bonus.
1083 2925 1114 2929 —
1132 2913 1163 2935 De
1176 2914 1217 2935 liae

371 2954 395 2970 re
412 2952 487 2970 actum
506 2953 537 2971 esi
555 2957 623 2977 supi-:i
643 2951 663 2972 d.
684 2952 780 2973 XXXV.
800 2958 818 2973 c.
838 2952 858 2973 13.

433 2987 442 3001 3
460 2987 530 3009 Codd.
549 2994 628 3010 omnes
645 2989 728 3017 operis.

1490 2834 1586 2857 NOTAE
1604 2834 1641 2857 AD
1660 2834 1907 2858 COMMENTARIUM.

1339 2913 1345 2927 ¹
1365 2914 1415 2935 Yat.
1434 2920 1487 2935 cum
1505 2914 1557 2935 edd.
1581 2914 1605 2941 3,
1630 2913 1642 2935 4-
1666 2917 1688 2935 et
1706 2914 1807 2935 nonnulli
1830 2913 1896 2935 codd.
1920 2913 2019 2935 addunt:
2042 2914 2124 2935 utrum

1274 2953 1396 2980 peecatum
1419 2952 1551 2975 set-umnam
1573 2952 1634 2975 idem
1655 2952 1685 2975 stt
1708 2952 1778 2981 culpa
1795 2953 1818 2975 et
1829 2958 1920 2981 poena,
1946 2958 1978 2974 (m
1995 2951 2125 2974 secundum

1275 2990 1376 3014 ‹liz-msa.
