2243 3425
11 285 100 304 10110111510
112 285 129 303 ³·
144 280 258 310 debitur
278 280 353 309 Deus
375 280 541 309 immediate
562 284 589 310 et
610 281 638 310 in
659 289 711 310 sua
724 281 732 297 ¹
760 281 933 317 substantia,
956 282 994 311 ita

144 327 218 365 quod
241 327 319 356 nulla
339 327 392 356 erit
413 327 450 356 ibi
472 328 637 357 obscuritas.
668 328 697 356 ln
730 331 804 357 statu
825 336 892 357 vero
914 329 994 357 iimo-

10 374 254 402 :onuusioa.cent2‘ae
274 377 302 403 et
332 378 461 403 naturae
489 374 589 411 lapsae
618 374 731 403 videtur
756 374 831 404 Deus
853 375 993 404 medlante

143 420 274 458 speoalo;
295 421 344 450 sed
366 421 543 456 differenter,
570 421 646 459 quia
660 421 693 451 -ιιι
716 425 790 451 statu
812 422 993 451 innocentiae

8 472 128 514 Jogclusiofi·
143 468 292 497 videbatur
314 468 389 497 Deus
404 476 460 505 :per
487 468 633 505 speculum
662 468 798 503 clai-uim
819 469 897 498 nulla
918 469 992 498 enim

37 509 41 513 ’
141 518 202 544 erat
224 515 251 544 in
272 515 366 543 anima
385 515 491 552 peccati
512 515 623 544 nebula.
640 515 668 544 ln
684 518 758 544 statu
774 523 841 544 vero
855 516 994 545 miseriae

144 562 257 591 videtur
288 569 339 599 per
371 561 518 599 speculum
551 561 742 590 obscuratam
774 570 825 599 per
845 566 992 599 peccatum

141 609 225 647 primi
247 609 380 643 hominis3
402 612 429 638 et
450 609 512 638 ideo
534 617 608 638 nunc
629 609 742 638 videtur
759 617 814 646 per
841 609 991 646 speculum

142 660 166 684 et
188 656 220 684 in
241 656 406 693 aenigmate
419 655 437 684 ².
465 656 621 693 «Aenigma
641 655 735 691 enim,
761 655 833 684 sicut
854 656 921 685 dicit
942 657 992 684 Au-

0 721 1 734 l
142 703 281 741 gustinus,
303 703 412 732 decimo
435 703 532 740 quinto
554 703 589 731 de
610 702 754 737 Trinitate,
775 707 817 732 est
837 703 992 732 similitudo

142 750 300 779 obscura».

221 797 298 826 Unde
318 799 398 831 nota,
421 796 496 834 quod
517 796 699 834 quadruplex
721 799 763 825 est
777 796 879 825 modus
894 804 992 833 cogno-

12 848 131 890 andrgplex
141 842 237 873 scendi
258 843 364 878 Deum,
386 843 516 872 videlicet
540 851 591 881 per
621 842 726 880 fidem,
747 851 799 881 per
820 843 992 880 contempla-

2 877 130 919 ffisnffisseeeuud'?
143 892 264 925 tionem,
292 898 343 928 per
371 890 589 928 apparitionem
617 893 645 919 et
675 898 726 927 per
751 894 886 928 apertam
910 891 992 919 iasio-

0 921 215 968 ffi’ff-mmm-ncm.
238 939 269 967 Et
289 938 413 976 primum
435 941 477 966 est
498 938 604 975 gratiae
625 938 807 971 eommunis,
833 938 989 967 secundum

142 989 183 1015 est
204 985 310 1023 gratiae
330 984 509 1019 excellentis,
531 984 644 1013 tertium
677 985 783 1022 gratiae
804 985 941 1022 specialis
963 989 990 1014 ει

13 1036 128 1078 {ffiffifflffi
141 1036 275 1071 quartum
296 1031 401 1070 gloriae
414 1032 423 1045 ³
446 1031 688 1060 consummantis.
711 1048 749 1052 —
772 1032 802 1061 Et
823 1031 990 1061 sufficientia

79 1073 84 1078 ’
141 1082 260 1110 istorum
282 1080 431 1108 modorum
458 1079 496 1108 ita
527 1079 676 1116 colligitur.
708 1079 797 1108 Omne
818 1079 891 1108 enim
914 1080 989 1117 quod

141 1128 333 1166 cognoscitur,
365 1126 541 1163 cognoscitur
572 1134 622 1163 per
653 1126 759 1164 aliquid
779 1135 939 1164 praesens,·
967 1127 988 1156 si

141 1175 226 1212 igitur
248 1174 322 1203 Deus
344 1173 536 1210 cognoscitur,
556 1181 671 1202 necesse
698 1176 753 1207 est,
775 1173 850 1211 quod
872 1181 923 1211 per
944 1173 991 1202 ali-

141 1222 208 1260 quid
230 1229 363 1259 praesens
385 1220 537 1250 intellectui
566 1223 766 1257 cognoscatur3
789 1228 922 1257 praesens
943 1229 990 1249 au-

138 1272 196 1298 tem
217 1277 285 1298 voco
307 1269 367 1303 hic,
396 1268 552 1297 secundum
583 1267 659 1305 quod
680 1268 873 1305 Αιιςιιειιιιιιε4
894 1271 990 1303 vocat,

137 1316 215 1354 quod
236 1323 369 1353 praeseus
391 1318 432 1344 est
454 1314 606 1344 intellectui
628 1314 664 1343 ad
690 1314 853 1344 videndum.
877 1316 928 1344 Aut
944 1315 990 1352 igi-

139 1366 186 1392 tur
208 1370 343 1400 cognosco
365 1362 454 1391 Deum
475 1369 526 1399 per
541 1361 593 1390 hoc
607 1361 683 1399 quod
699 1364 741 1391 est
755 1369 889 1399 praesens
904 1361 988 1396 milii,

139 1414 188 1439 aut
208 1418 258 1447 per
289 1410 342 1439 hoc
373 1409 449 1447 quod
478 1412 520 1438 est
550 1416 684 1446 praesens
715 1409 777 1437 alii.
800 1409 825 1437 Si
854 1417 904 1446 per
937 1410 989 1438 hoc

139 1457 213 1496 quod
235 1461 277 1487 est
297 1464 430 1495 praesens
451 1456 522 1490 alii,
545 1456 584 1485 sic
605 1459 647 1485 est
668 1456 788 1494 cognitio
808 1456 885 1493 fidei.
908 1457 988 1493 Quod

138 1505 213 1534 enim
233 1505 308 1534 Deus
329 1504 364 1534 sit
393 1504 484 1533 trinus
515 1507 542 1533 et
572 1511 663 1538 uuus,
685 1504 738 1532 hoc
760 1511 810 1540 ego
833 1504 917 1532 credo
939 1504 988 1533 Dei

138 1552 217 1587 Filio,
238 1552 285 1589 qui
308 1551 360 1581 hoc
386 1550 549 1580 enarravit⁵
572 1554 599 1579 ει
619 1550 808 1588 praedicavit,
824 1554 851 1579 et
872 1550 987 1588 Spiritui

138 1605 247 1634 sancto,
279 1599 326 1637 qui
355 1599 408 1627 hoc
429 1597 584 1636 inspiravit.
611 1597 715 1634 «Quod
737 1597 811 1626 enim
836 1598 987 1633 credimus,

139 1647 275 1676 dehemus
296 1645 494 1679 auctoritati»,
516 1645 588 1674 sicut
608 1644 675 1674 dicit
691 1645 863 1681 Augustinus
878 1644 913 1674 de
936 1645 988 1674 Uti—

138 1694 215 1723 litate
236 1693 368 1723 credendi
383 1693 401 1721 ⁶.
425 1709 464 1713 -
484 1692 511 1720 Si
541 1694 635 1720 autem
667 1699 803 1729 cognosco
825 1692 915 1721 Deum
936 1700 988 1730 per

138 1742 191 1770 hoc
213 1740 287 1778 quod
309 1744 351 1769 est
372 1747 505 1776 praesens
526 1737 617 1773 milii,
638 1738 692 1768 hoc
713 1742 804 1776 potest
825 1747 886 1768 esse
901 1739 988 1776 tripli-

137 1788 218 1817 citer:
241 1790 290 1817 aut
310 1795 360 1824 per
382 1787 434 1815 hoc
449 1785 525 1823 quod
546 1789 588 1814 est
601 1793 735 1823 praesens
750 1785 817 1814 milii
839 1786 866 1814 in
887 1785 987 1824 effecta

134 1835 259 1873 proprio
267 1845 277 1869 ,·
298 1838 325 1863 et
352 1838 419 1863 tunc
450 1836 492 1862 εει
519 1832 731 1870 contemplatio,
754 1841 827 1870 quae
848 1836 924 1862 tanto
946 1837 987 1862 est

137 1883 318 1916 eminentior,
350 1885 454 1919 quanto
486 1881 616 1910 effectum
639 1880 749 1909 divinae
771 1881 877 1918 gratiae
899 1881 987 1917 magis

137 1929 219 1959 sentit
248 1929 275 1958 in
307 1937 336 1958 se
366 1929 465 1963 homo,
494 1928 537 1957 vel
570 1931 674 1965 quanto
696 1928 778 1956 etiam
803 1926 904 1956 melius
936 1928 987 1956 scit

137 1977 315 2007 considerare
330 1977 419 2005 Deum
434 1976 461 2004 in
477 1975 666 2004 exterioribus
681 1975 931 2004 creaturis—Aut
946 1978 987 2003 est

136 2032 270 2062 praesens
292 2023 360 2052 mihi
383 2023 410 2051 in
432 2023 516 2060 signio
529 2022 672 2060 proprio;
693 2026 720 2051 et
742 2022 781 2051 sic
802 2026 843 2051 est
864 2022 987 2059 appari-

138 2071 191 2105 tio,
213 2071 283 2100 sicut
305 2069 437 2108 apparuit
458 2070 533 2098 Deus
565 2069 692 2098 Abrahae
718 2069 744 2097 in
767 2069 892 2097 subiecta
914 2077 987 2097 crea-

137 2122 216 2153 tura,
239 2126 310 2156 quae
332 2118 424 2155 ipsum
454 2117 543 2146 Deum
566 2116 741 2154 figurabat⁷;
764 2119 790 2144 ει
812 2116 883 2145 sicut
905 2115 988 2153 Spiri-

136 2169 182 2195 tus
203 2169 315 2195 sanctus
331 2165 461 2202 apparuit
476 2165 502 2193 ιιι
519 2164 658 2193 columba.
672 2181 711 2185 —
726 2165 778 2192 Aut
793 2167 833 2192 εει
855 2171 988 2201 praesens

202 2299 207 2313 ¹
228 2299 289 2321 Multi
307 2298 375 2321 codd.
394 2304 447 2321 cum
465 2298 517 2321 edd.
537 2299 565 2325 2,
584 2298 612 2326 3,
632 2297 645 2319 4
663 2300 685 2320 ει
698 2298 747 2320 Vat.
765 2299 819 2326 siti,
837 2305 879 2327 pro
894 2301 988 2321 lectione

137 2344 212 2362 nostra
231 2341 283 2361 sunt
301 2338 368 2361 codd.
388 2344 413 2360 aa
425 2344 450 2360 cc
460 2341 482 2360 et
499 2337 534 2360 ed.
557 2338 575 2359 t.

198 2377 206 2391 ‘2
225 2378 294 2405 Epist.
312 2377 326 2399 l.
344 2376 396 2399 Cor.
420 2377 444 2398 13
456 2379 470 2404 ‚⁴
483 2377 515 2398 12.
533 2388 564 2392 —
582 2376 658 2398 Verba
676 2376 814 2404 Augustini,
828 2377 869 2399 loc.
883 2378 920 2399 cit.
934 2384 951 2399 c.
966 2378 986 2400 9.

136 2423 157 2439 ιι,
181 2417 212 2438 16.
231 2420 298 2438 sunt:
317 2416 379 2438 Sicut
398 2416 491 2438 nomine
515 2414 605 2444 speculi
629 2416 753 2443 imaginem
781 2416 852 2438 voluit
877 2416 986 2444 intelligi,

136 2457 164 2479 ita
183 2457 275 2478 nomine
291 2455 433 2485 aenigmatis
452 2455 561 2484 quamvis
572 2454 759 2482 similitudinem,
772 2458 848 2476 tomen
862 2454 985 2477 obscuram

136 2499 157 2518 et
174 2495 203 2518 ud
221 2494 409 2523 perspiciendum
430 2494 553 2516 difficilem.
570 2506 601 2510 —-
618 2493 687 2516 Paulo
711 2494 806 2515 interius
832 2500 875 2521 pro
901 2493 986 2516 modus

135 2533 291 2564 cognoscendi
308 2534 358 2556 Vnt.
376 2540 430 2556 cum
448 2533 484 2555 ccl.
504 2532 516 2555 5.
533 2538 609 2562 glenus
627 2532 789 2562 cognoscendi.

197 2573 207 2588 3
224 2573 296 2595 Codd.
316 2573 368 2595 FW
388 2572 487 2602 manne.
506 2571 608 2594 Subinde
626 2578 668 2599 pro
695 2572 885 2595 consummantis
908 2573 986 2600 plures

136 2613 211 2640 codd,
229 2616 254 2635 ut
270 2613 287 2634 B
297 2613 314 2634 t<
326 2613 345 2634 M
357 2612 371 2634 Ρ
382 2613 408 2640 V,
426 2612 485 2634 male
502 2611 671 2635 conservantis.
690 2611 759 2634 Paulo
777 2612 871 2634 inferius
887 2616 939 2639 post
951 2618 985 2635 co·

134 2651 258 2681 quescitur
273 2658 315 2681 per
332 2651 425 2681 aliquid
441 2657 553 2680 praesens
571 2651 622 2673 cod.
641 2651 648 2672 l
666 2650 770 2679 adiungit
790 2650 925 2674 intellectui.

199 2690 207 2704 4
226 2690 300 2713 Tract.
320 2690 334 2712 1.
352 2691 374 2712 in
394 2690 453 2712 loun.
473 2696 493 2712 n.
517 2690 558 2717 19,
576 2689 605 2711 de
622 2695 669 2717 quo
686 2689 740 2711 vide
757 2695 827 2717 supra
852 2695 904 2717 pag.
924 2690 984 2716 123,

136 2732 187 2750 nota
207 2729 227 2750 6.
246 2728 291 2751 Csr.
309 2730 378 2750 etiam
396 2728 425 2750 X.
443 2728 471 2750 <le
490 2728 551 2750 Trin.
571 2734 590 2750 e.
608 2729 629 2750 9.
648 2734 669 2750 ιι.
691 2728 724 2750 ¹2.
737 2739 768 2744 —
780 2728 906 2750 Necessitas
919 2735 985 2756 prae-

136 2768 221 2789 scntiae
246 2767 328 2789 obiecti
354 2768 376 2789 in
400 2767 530 2795 cognitione
547 2767 661 2794 colligitur
678 2773 703 2789 ex
722 2772 762 2793 ee,
781 2766 844 2795 quod
871 2773 923 2789 cum
949 2773 984 2789 co-

137 2808 208 2835 gnitio
225 2807 254 2828 sit
271 2807 329 2828 actio
348 2807 492 2833 immanens,
510 2805 539 2828 ad
557 2806 600 2828 hoc
616 2805 680 2834 quod
693 2805 809 2828 obiectum
823 2811 982 2834 cognoscatur,

135 2846 271 2874 requiritur,
291 2848 315 2867 ut
332 2846 409 2873 ipsum
428 2845 557 2867 fucultatem
570 2845 750 2872 cognoscitivam
768 2845 873 2867 immutet
886 2848 907 2867 et
919 2846 984 2873 quasi

136 2885 227 2907 sistatur
245 2885 266 2906 in
285 2885 335 2912 ipso
353 2887 514 2911 cognoscente.

198 2923 208 2937 ⁵
224 2923 283 2945 loon.
308 2924 311 2944 1
328 2941 332 2950 ,
355 2923 396 2944 18;
414 2922 488 2944 Deum
506 2928 575 2945 nemo
592 2922 649 2945 vidit
666 2929 786 2951 unquam;
804 2924 935 2952 unigenitus
953 2924 983 2945 Fi-

136 2962 194 2989 lius,
213 2963 252 2990 qni
270 2966 302 2983 est
321 2963 342 2983 in
360 2963 411 2983 sinu
431 2962 516 2989 Patris,
535 2963 583 2990 ipse
600 2963 721 2985 enarravit.

198 3000 207 3015 ⁶
225 3000 279 3028 Cap.
302 3001 334 3022 ll.
354 3007 374 3022 n.
394 3000 429 3022 ⁴25.

261 3050 285 3074 S.
305 3051 391 3074 Bonan.
410 3064 441 3067 —
459 3052 525 3074 Tom.
544 3052 566 3073 11.

736 203 819 232 DIST.
841 203 929 232 XXIII.
950 204 1022 233 ART.
1044 203 1073 233 11.
1096 204 1231 241 QUAEST.
1253 205 1293 233 111.

1844 209 1900 237 545

1051 282 1126 312 Deus
1141 283 1168 311 in
1185 282 1294 312 lumine
1314 292 1369 312 suo
1390 287 1417 313 et
1438 284 1464 313 in
1481 292 1510 313 se
1525 285 1599 322 ip'so;
1614 289 1641 314 et
1656 285 1695 314 sic
1709 289 1751 314 εει
1765 286 1899 323 cognitio,

1051 337 1107 367 qua
1127 329 1239 359 videtur
1265 330 1340 360 Deus
1372 331 1399 359 in
1431 331 1511 360 vultu
1534 339 1600 366 suo,
1631 332 1690 361 sive
1717 332 1786 361 facie
1807 333 1843 362 ad
1864 333 1901 362 fa-

1051 376 1137 411 ciem,
1166 380 1193 405 et
1225 377 1263 406 sic
1294 382 1336 406 est
1357 382 1462 415 aperta
1487 378 1578 413 visio,
1608 387 1680 416 quae
1712 382 1768 408 tota
1796 380 1900 409 dicitur

1052 431 1160 452 merces
1180 424 1306 453 omnium
1329 425 1503 454 meritorum.

1131 470 1270 499 Primam
1292 471 1377 508 igitur
1399 475 1426 500 et
1447 472 1584 501 ultimam
1615 481 1704 510 genus
1735 474 1899 511 cognitionis

1051 518 1135 545 statui
1158 518 1330 547 innocentiae
1346 527 1400 547 non
1415 520 1604 556 competebat:
1621 521 1761 557 primum,
1782 525 1899 559 propter

1051 563 1243 601 coynitionem
1274 565 1578 603 ctenzymcaz‘camjet
1600 571 1714 605 propter
1735 568 1800 603 hoc,
1822 569 1897 606 quod

1051 610 1170 647 cognitio
1192 610 1256 640 fidei
1278 615 1310 640 ιιι
1324 611 1478 648 plurimum
1495 616 1537 641 est
1549 622 1584 641 eac
1599 614 1721 649 audita,
1743 615 1898 644 secundum

1050 656 1125 693 quod
1148 657 1239 686 lnnuit
1260 658 1438 694 Apost(›lus’³;
1460 660 1592 689 ultimum
1615 669 1681 689 vero
1702 661 1740 690 ibi
1762 670 1823 691 esse
1843 670 1899 691 non

1050 706 1159 740 poterat
1180 707 1295 741 propter
1316 713 1465 734 sitammam
1479 706 1701 743 perfectionem,-
1715 708 1778 737 ideo
1792 709 1900 737 homini

1050 758 1105 779 non
1127 751 1332 784 exhibebatur,
1360 752 1409 781 sed
1441 754 1534 790 potius
1557 754 1583 782 in
1605 755 1764 791 praemium
1785 756 1898 793 promit-

1051 797 1170 826 tebatur.
1200 798 1296 827 Media
1324 807 1391 828 vero
1423 800 1492 834 duo,
1522 800 1626 830 scilicet
1648 801 1898 839 contemplationis·

1050 848 1077 873 et
1098 845 1315 882 apparitionis,
1338 847 1451 884 utrique
1478 848 1562 876 statui
1591 849 1752 877 communia
1771 857 1833 878 esse
1854 857 1900 886 po—

1051 895 1180 927 tuerunt,
1205 893 1327 922 maxime
1349 895 1468 931 cognitio
1490 895 1755 932 contemplationis,
1777 903 1849 933 quae
1871 896 1899 924 in

1049 942 1170 977 utroque
1193 943 1267 969 statu
1289 944 1338 969 est.
1362 941 1399 969 lbi
1419 944 1511 970 tamen
1527 942 1672 979 potissime
1698 942 1809 979 vigebat
1839 946 1896 971 turn

1049 989 1164 1023 propter
1186 987 1296 1016 animae
1316 988 1477 1024 puritatem,
1493 991 1553 1017 tum
1576 989 1659 1018 etiam
1676 993 1791 1027 propter
1806 990 1897 1018 carnis

1049 1037 1076 1062 et
1098 1033 1261 1063 inferiorum
1294 1034 1397 1063 virium
1424 1035 1638 1071 subiectionem
1660 1037 1764 1074 quibus
1786 1037 1898 1066 duobus

1049 1080 1136 1118 [ῃιιει9
1159 1084 1190 1109 ut
1220 1081 1375 1118 plurimum
1408 1082 1501 1111 anima
1533 1087 1609 1112 caret
1635 1084 1662 1112 in
1684 1087 1758 1113 statu
1782 1087 1898 1113 naturae

1049 1127 1159 1165 lapsae,
1182 1128 1244 1157 ideo
1265 1136 1319 1157 non
1341 1132 1432 1166 potest
1453 1130 1488 1158 ad
1517 1130 1598 1159 illum
1627 1131 1747 1167 gradum
1779 1135 1899 1160 contem-

1049 1174 1179 1212 plationis
1200 1175 1345 1212 attingere.
1367 1193 1405 1197 —-
1428 1177 1555 1206 Rationes
1587 1178 1672 1215 igitur
1694 1181 1897 1213 monstrantes,

1048 1222 1134 1250 Adam
1156 1222 1246 1250 Deum
1269 1231 1323 1251 non
1353 1224 1515 1260 cognovisse
1536 1232 1569 1253 eo
1597 1233 1699 1262 genere
1724 1225 1897 1262 cognitionis,

1048 1277 1133 1306 quam
1156 1272 1354 1307 exspectamus
1376 1270 1402 1299 in
1425 1271 1529 1308 gloria,
1545 1275 1611 1300 sunt
1630 1272 1839 1308 concedendae3
1861 1273 1896 1302 ad

1048 1324 1095 1345 eas
1115 1320 1226 1352 autem,
1257 1325 1329 1354 quae
1361 1318 1396 1347 ad
1429 1319 1587 1355 oppositum
1609 1319 1807 1355 adducuntur,
1830 1320 1897 1349 satis

1048 1364 1126 1393 facile
1148 1367 1189 1393 est
1212 1364 1390 1401 respondere.

1130 1412 1153 1439 l.
1177 1412 1202 1439 ἰ).
1226 1411 1251 1440 3.
1274 1412 1313 1441 Ad
1336 1412 1397 1441 illas
1427 1413 1501 1441 enim
1528 1416 1585 1442 tres
1605 1414 1786 1443 auctoritates
1806 1414 1898 1451 primo

1046 1458 1176 1487 inductas
1199 1459 1253 1487 iam
1282 1462 1357 1496 patet
1385 1460 1537 1497 responsio.
1572 1460 1675 1490 Omnes
1704 1462 1778 1490 enim
1801 1462 1898 1490 intelli-

1048 1508 1153 1541 guntur
1176 1505 1210 1534 de
1231 1506 1473 1543 contemplationis
1495 1508 1667 1544 cognitione,
1688 1517 1742 1537 non
1776 1516 1826 1545 per
1858 1517 1899 1538 re-

1048 1552 1196 1580 motionem
1221 1552 1432 1591 cuiuscumque
1445 1554 1545 1588 mcclii,
1568 1554 1617 1583 sed
1638 1562 1689 1592 per
1715 1555 1897 1584 remotionem

1048 1598 1200 1627 velaminis
1222 1603 1249 1628 et
1271 1599 1470 1634 obscuritatis,
1492 1601 1584 1638 qualis
1605 1604 1646 1630 εει
1669 1602 1695 1630 ιιι
1719 1602 1761 1631 liis
1782 1603 1830 1639 qui
1852 1602 1899 1631 ali-

1046 1654 1102 1683 quo
1117 1645 1137 1658 ¹⁰
1160 1646 1227 1674 vitio
1249 1647 1353 1684 peccati
1377 1647 1468 1676 infecti
1491 1651 1564 1676 sunt.

1125 1693 1153 1722 4.
1175 1693 1213 1722 Ad
1236 1693 1306 1723 illud
1328 1698 1421 1723 autem
1445 1695 1520 1732 quod
1542 1696 1689 1730 obiicitur,
1704 1696 1778 1734 quod
1802 1697 1896 1725 imme-

1047 1741 1120 1769 diate
1142 1740 1231 1770 Deum
1253 1741 1380 1776 amabat:
1403 1742 1563 1777 dicendum,
1579 1743 1653 1780 quod
1670 1751 1724 1772 nou
1740 1747 1782 1772 est
1797 1744 1895 1773 simile.

1046 1789 1129 1816 Amor
1150 1788 1241 1823 enim,
1264 1789 1336 1817 sicut
1357 1789 1418 1817 vult
1439 1789 1638 1824 Beruardus¹¹,
1661 1791 1748 1819 multo
1770 1790 1834 1828 plus
1867 1798 1896 1820 se

1046 1835 1172 1864 extendit
1194 1844 1278 1873 quam
1302 1836 1388 1871 visio;
1410 1845 1445 1865 cx
1467 1837 1526 1865 sola
1548 1837 1621 1865 enim
1643 1838 1835 1867 aestimatione
1857 1846 1895 1867 εε-

1046 1882 1143 1919 quitur
1165 1883 1316 1920 aliquando
1338 1883 1457 1912 dilectio.
1474 1884 1504 1913 Et
1520 1885 1578 1921 ipse
1593 1885 1676 1913 etiam
1693 1885 1759 1914 dicit
1782 1885 1808 1914 in
1824 1885 1895 1914 libro

1046 1930 1080 1958 de
1100 1930 1200 1958 Amore
1222 1929 1280 1963 Dei,
1302 1930 1377 1968 quod
1398 1930 1447 1959 ubi
1469 1930 1563 1960 delicit
1587 1932 1753 1965 intellectus,
1776 1932 1811 1961 ibi
1834 1941 1896 1970 pro-

1046 1976 1102 2005 ficit
1122 1976 1247 2006 affectus.
1272 1977 1302 2006 Et
1324 1978 1393 2006 ratio
1416 1978 1500 2007 huius
1532 1982 1588 2013 εει,
1610 1979 1676 2016 quia
1697 1979 1771 2008 cisio
1794 1983 1835 2009 est
1857 1988 1897 2009 so-

1046 2023 1190 2052 lummodo
1212 2024 1251 2052 rei
1267 2025 1438 2061 praesentis,
1454 2025 1501 2054 scd
1519 2025 1631 2054 dilectio
1647 2034 1701 2054 non
1718 2026 1895 2055 solummodo

1046 2070 1085 2098 rei
1107 2070 1278 2107 praesentis,
1300 2071 1349 2099 sed
1371 2071 1454 2100 etiam
1476 2072 1608 2101 absentis.
1628 2073 1798 2107 Praeterea,
1822 2073 1895 2101 cisio

1046 2125 1099 2146 non
1122 2117 1188 2145 dicit
1210 2117 1446 2156 qualemcumque
1479 2119 1593 2148 modum
1626 2120 1825 2157 cognoscendi,
1847 2120 1895 2149 sed

1047 2164 1163 2193 mollum
1195 2165 1378 2202 cognoscendi
1411 2166 1601 2203 conmletumg
1634 2167 1746 2195 dilectio
1776 2175 1841 2196 vero
1870 2171 1896 2196 et

1108 2299 1117 2313 ⁷
1136 2300 1191 2322 Gen.
1214 2300 1254 2327 18,
1277 2300 1294 2321 l.
1313 2305 1377 2328 seqq.
1395 2312 1425 2315 —
1443 2299 1474 2321 Dc
1500 2301 1644 2327 apparitione
1670 2301 1769 2328 Spiritus
1794 2301 1815 2322 S.
1841 2301 1895 2324 vide

1046 2338 1120 2360 Alaun.
1136 2338 1156 2365 3,
1174 2339 1206 2360 16.
1219 2341 1241 2360 ει
1253 2338 1306 2361 Luc.
1321 2338 1348 2366 3,
1363 2339 1399 2360 2³2.
1411 2351 1442 2354 —
1454 2339 1496 2360 Pro
1514 2338 1636 2368 figurabat
1653 2339 1731 2367 plures
1748 2340 1894 2366 cod<l.‚.intcr

1045 2384 1104 2406 quos
1121 2377 1137 2399 C
1147 2377 1162 2399 F
1173 2378 1178 2399 l
1189 2378 1204 2399 L
1214 2377 1232 2399 Ο
1243 2378 1257 2399 S
1267 2378 1285 2399 Τ
1296 2377 1313 2399 Y
1324 2384 1358 2405 nsi,
1375 2377 1525 2407 simiificabal
1539 2382 1578 2400 aut
1589 2377 1704 2407 signabat.
1719 2379 1787 2401 Paulo
1800 2379 1894 2401 insci-ius

1045 2423 1086 2444 pro
1104 2423 1150 2446 qna
1171 2416 1263 2440 villelm·
1281 2417 1343 2439 Deus
1361 2417 1410 2439 cod.
1430 2417 1448 2438 T
1467 2423 1513 2446 qua
1532 2417 1619 2440 {licitur
1638 2417 1712 2440 sidere?
1729 2418 1799 2440 Deus.

1106 2456 1116 2470 3
1133 2456 1199 2478 Rom.
1222 2457 1263 2483 to,
1286 2456 1318 2478 17.

1107 2495 1116 2508 s‘
1135 2495 1155 2516 ln
1177 2495 1225 2517 Vnt.
1245 2499 1266 2517 ct
1284 2494 1336 2517 cdd.
1355 2494 1376 2521 3,
1398 2494 1410 2516 li
1431 2501 1472 2517 nec
1490 2501 1534 2517 non
1559 2496 1579 2517 in
1604 2495 1719 2524 aliquibus
1737 2496 1813 2525 coda,
1836 2498 1894 2519 inter

1044 2540 1102 2563 quos
1121 2540 1154 2561 aa,
1172 2533 1316 2556 desideratur
1334 2534 1397 2563 quia.

1107 2572 1125 2587 ¹⁰
1143 2573 1247 2595 Nonnulli
1266 2572 1341 2600 codd,
1360 2576 1384 2595 ut
1400 2574 1417 2594 A
1428 2579 1453 2595 cc
1471 2579 1524 2595 cum
1542 2573 1578 2595 erl.
1599 2574 1617 2601 vl,
1635 2573 1744 2597 adiiciunt
1762 2574 1837 2598 modo.

1105 2612 1123 2625 ¹¹
1143 2612 1217 2634 Tract.
1236 2612 1265 2634 de
1282 2611 1463 2640 Contemplondo
1482 2612 1527 2634 Deo
1544 2613 1607 2637 (olim
1626 2613 1741 2635 Bernordo
1754 2614 1839 2642 triliut„
1852 2614 1893 2637 scd

1042 2653 1076 2672 est
1093 2650 1214 2678 Gultenni,
1233 2650 1323 2673 abbatis
1340 2651 1361 2672 S.
1381 2650 1533 2677 Theoderici,
1552 2652 1591 2680 qni
1609 2653 1677 2674 etiam
1695 2653 1786 2680 scripsit
1806 2652 1890 2675 librum

1042 2689 1070 2711 de
1087 2689 1170 2711 Natura
1196 2692 1218 2711 et
1245 2689 1354 2717 dignitate
1380 2690 1480 2717 ῖιιικιιιε,
1507 2696 1559 2712 mox
1585 2691 1707 2719 citatum),
1726 2697 1744 2713 c.
1764 2692 1784 2713 8.
1804 2698 1824 2714 n.
1845 2692 1890 2715 '172

1047 2737 1056 2748 «
1066 2728 1126 2750 Licet
1143 2729 1204 2750 enim
1224 2728 1299 2750 nullus
1322 2734 1402 2750 sensus
1428 2728 1551 2751 cuiuslibet
1576 2730 1665 2752 animae
1691 2731 1726 2752 vel
1750 2732 1846 2758 spiritus
1871 2736 1892 2754 te

1042 2767 1238 2795 comprehendat,
1263 2770 1337 2789 tamen
1363 2769 1435 2790 toturn
1462 2771 1498 2796 tey
1525 2772 1625 2797 quantus
1649 2775 1689 2796 es,
1716 2771 1892 2798 comprehcndit

1042 2812 1106 2828 amor
1123 2807 1235 2833 nmnntis,
1254 2807 1293 2835 qui
1305 2802 1384 2828 totum
1403 2810 1423 2828 tc
1441 2811 1517 2835 amnt,
1535 2811 1635 2836 quantus
1658 2814 1682 2830 os
1694 2816 1713 2830 ».
1731 2808 1795 2831 Ratio
1822 2810 1891 2832 liuius

1042 2848 1089 2873 est,
1108 2846 1160 2873 quia
1179 2848 1243 2867 actus
1261 2845 1416 2873 cognoscendi
1434 2845 1489 2867 (licit
1506 2850 1594 2869 motum
1612 2853 1624 2868 a
1643 2846 1712 2869 rebus
1730 2847 1759 2870 erl
1776 2849 1890 2877 animamy

1042 2887 1105 2906 actus
1123 2885 1208 2906 minoris
1226 2887 1302 2906 autem
1320 2887 1408 2906 motum
1426 2884 1455 2907 al>
1473 2886 1547 2907 anime
1574 2885 1602 2907 ud
1629 2892 1672 2908 res.
1691 2886 1735 2909 Cl‘r.
1756 2888 1770 2909 l.
1789 2887 1850 2910 Sent.
1869 2888 1890 2910 d.

1042 2924 1078 2945 32.
1097 2930 1116 2945 n.
1135 2924 1195 2951 2.(1.
1218 2924 1234 2945 1.
1254 2923 1282 2945 wil
1304 2924 1320 2945 1.
1340 2936 1369 2939 —
1387 2924 1438 2952 Suq.
1458 2927 1509 2946 text.
1528 2927 1560 2946 est
1579 2924 1606 2947 de
1624 2925 1706 2947 Natura
1733 2928 1754 2948 et
1781 2927 1891 2955 dignitate

1041 2964 1142 2991 amoris,
1160 2970 1179 2985 c.
1198 2963 1218 2984 8.
1239 2969 1259 2984 ιι.
1278 2963 1313 2984 21.

1732 3057 1761 3079 69

1913 487 2022 506 Corollaria.

1914 628 2029 647 Notandum.

1912 1420 1985 1438 Solutio
1998 1425 2030 1443 op-

1912 1448 1945 1467 pos
1949 1444 1952 1461 i
1956 1445 2023 1462 torum.

1912 1795 2025 1813 Notandum.
