2243 3425
40 1407 108 1426 nelusio
121 1407 138 1424 1.

37 1595 109 1613 inclusio
120 1595 137 1613 ⁵2.

18 1880 20 1889 1
36 1874 67 1893 ιῖὶο
86 1879 141 1897 gent-

18 1903 20 1908 *
52 1898 101 1917 ralis.

20 2208 21 2211 =
53 2197 141 2224 Rationes

20 2227 21 2231 ¹
35 2226 83 2244 uagis
100 2226 141 2245 spe-

34 2245 88 2263 :iales

734 192 816 221 DlST.
840 193 893 221 VH.
916 193 942 220 Ρ.
965 193 981 221 Ι.
1004 192 1076 221 ART.
1098 192 1116 220 1.
1139 192 1274 228 QUAEST.
1297 193 1314 220 Ι.

151 275 244 301 catum
266 271 373 308 Angeli,
395 271 444 299 etsi
467 271 555 307 magis
576 269 763 307 elongaverit,
785 279 837 299 non
857 270 996 307 elongavit

150 318 274 347 infinite:
296 326 362 355 crgo
384 317 514 351 videtur,
536 317 611 355 quod
632 317 771 354 elongavit
792 325 856 346 cum
883 317 996 353 possibi-

151 365 226 393 litate
247 365 281 393 ad
306 364 442 398 reditum,
464 366 491 392 et
512 363 549 391 ita
570 371 624 392 non
646 363 758 392 videtur
780 363 850 391 ratio
865 371 901 391 ex
918 366 996 400 parte

146 411 267 448 peceati.
284 428 321 431 —
333 411 408 444 Item,
424 410 682 447 quantulacumque
697 410 794 447 gratia,
810 409 832 438 si
852 409 996 438 adveniret

150 458 285 486 voluntati
302 457 421 491 diaboli,
437 457 591 494 expelleret
607 461 691 485 totam
707 457 819 494 culpam
840 473 880 476 ——
898 456 997 493 loquor

149 504 185 532 de
207 504 295 540 gratia
317 507 428 540 gratum
450 503 566 532 faciente
587 519 627 523 —
647 503 696 531 sed
718 503 853 536 morbus,
875 502 920 539 qui
942 510 998 530 mo-

150 551 212 579 dico
234 551 359 579 remedio
380 550 545 579 adveniente
566 553 656 587 potest
677 549 780 583 curari,
811 557 866 577 non
895 549 998 578 dicitur

151 597 186 626 de
208 605 237 626 se
264 597 441 631 incurabilis,
473 597 522 625 sed
553 600 665 634 propter
691 596 830 625 defectum
862 595 998 627 remedii,

150 643 171 672 si
195 643 265 672 illud
288 652 342 672 000
363 643 450 672 adsit:
467 651 533 680 ergo
548 642 756 680 impossibilitas
771 642 975 671 rectificationis
989 642 996 654 ¹

151 690 178 718 in
200 691 342 719 voluntate
363 690 457 727 Angeli
479 698 532 718 non
556 693 597 718 est
618 689 724 718 ratione
746 689 849 726 culpae
862 689 1000 726 principa-

151 737 221 766 liter.
243 754 282 758 —-
304 738 382 771 ltem,
405 737 488 774 culpa
510 745 564 765 non
597 737 703 765 inducit
734 736 926 765 necessitatem
955 744 999 764 vo-

150 784 265 819 luntati,
287 785 352 821 quia
373 787 414 813 est
436 784 463 812 in
485 784 643 817 voluntate,
665 783 821 812 secundum
847 783 922 820 quod
954 791 999 811 vo—

151 832 243 861 luntas
265 835 324 866 est,
346 835 373 860 et
394 832 431 860 ita
453 831 608 860 secundum
631 831 705 868 quod
729 830 817 859 libera
837 834 864 859 et
889 830 999 859 vertibi-

151 879 201 908 lis:
224 887 290 915 ergo
312 878 333 907 si
356 886 409 906 non
432 878 539 906 inducit
561 877 771 910 necessitatem,
793 885 860 914 ergo
882 885 931 905 nec
952 885 999 905 au-

150 926 204 954 fert
224 925 436 962 possibilitatem
459 925 494 953 ad
516 925 692 962 oppositum,
714 927 741 953 et
762 925 799 952 ita
825 924 860 953 ad
889 924 1000 953 rectitu-

150 972 259 1001 dinem:
282 980 348 1009 ergo
370 979 424 1000 non
447 972 522 1000 venit
544 972 591 1000 illa
612 971 820 1008 impossibilitas
851 979 888 1000 ex
919 974 998 1008 parte

147 1019 269 1057 peccati,
291 1027 358 1056 ergo
381 1018 459 1047 nullo
481 1019 572 1047 modo.

464 1120 677 1141 CONCLUSIO.

151 1206 334 1235 Daemonum
356 1205 502 1234 obstinata
523 1205 659 1234 voluntas
686 1214 744 1234 uon
773 1209 865 1242 potest
897 1204 1000 1244 rectifi-

228 1253 305 1286 cari,
327 1253 398 1291 quia
419 1256 460 1281 est
480 1256 565 1281 extra.
585 1256 696 1281 Statum
719 1252 782 1280 viae
803 1256 829 1280 et
848 1252 954 1280 meriti.

229 1347 409 1375 1105601106οε
431 1346 601 1381 Dicendum,
617 1347 689 1384 quod
707 1347 778 1375 sicut
793 1347 884 1375 Sancti
903 1347 1000 1375 dicunt

151 1397 179 1423 et
199 1394 393 1427 auctoritates,
416 1393 545 1422 voluntas
567 1393 670 1422 diaboli
692 1393 770 1421 nullo
799 1393 882 1422 modo
910 1396 1000 1430 potest

152 1441 314 1475 rectificari,
336 1440 492 1469 secundum
514 1440 588 1477 quod
612 1440 663 1468 1106
685 1440 803 1468 verbum
816 1443 909 1477 potest
923 1447 1000 1476 prae-

151 1488 225 1517 dicat
256 1487 406 1524 potentiam
423 1486 431 1500 ²
459 1487 607 1515 habentem
629 1487 751 1524 aliquam
784 1486 999 1515 ordinationem

151 1534 192 1563 ad
212 1538 320 1562 accam.
342 1534 409 1562 Nam
431 1533 453 1562 si
476 1534 647 1570 intelligatur
666 1533 700 1562 de
715 1533 838 1570 potentia
852 1533 999 1571 efficientis

152 1581 297 1615 absolute,
329 1581 434 1618 absque
466 1581 553 1609 dubio
584 1584 682 1617 potens
712 1583 753 1609 est
780 1581 858 1608 Deus
888 1580 999 1609 diabolo

151 1629 300 1658 restituere
322 1628 423 1656 bonam
445 1627 636 1661 voluntatem;
658 1631 748 1656 tamen
771 1635 807 1656 ex
830 1631 908 1664 parte
938 1628 1000 1655 clia-

151 1675 208 1704 bolt‘
227 1684 281 1704 non
303 1678 345 1704 est
365 1674 503 1703 ordinatio
524 1674 618 1711 aliqua
650 1674 685 1703 ad
707 1674 777 1709 1106,
811 1674 896 1702 immo
928 1675 999 1703 facta

151 1725 193 1751 est
214 1722 343 1750 voluntas
365 1721 425 1750 eius
448 1721 643 1758 impossibilis,
670 1724 701 1749 ut
732 1721 822 1749 Sancti
855 1721 952 1750 dicunt
973 1725 999 1750 et

151 1768 271 1797 rationes
293 1768 451 1796 ostendunt.

232 1816 257 1843 Si
279 1819 373 1844 autem
402 1818 555 1852 quaeratur
586 1823 680 1843 causa
712 1815 942 1852 impossibilitatis
963 1815 999 1843 ad

154 1863 369 1896 rectitudinem,
398 1862 610 1898 intelligendum
642 1865 684 1890 est
711 1862 746 1890 ad
778 1862 845 1896 hoc,
867 1862 943 1899 quod
964 1861 999 1890 ad

153 1909 347 1938 rectitudinem
365 1908 530 1942 voluntatis,
546 1916 595 1945 per
611 1909 720 1937 actuale
735 1912 880 1945 peccatum
897 1909 999 1946 lapsae,

152 1956 209 1985 duo
230 1958 415 1989 concurrunt,
437 1954 542 1983 scilicet
563 1963 599 1983 ex
621 1958 699 1992 parte
722 1955 881 1983 voluntatis
909 1955 1000 1992 poeni-

152 2003 246 2037 tentia,
269 2010 305 2031 ex
327 2005 405 2039 parte
436 2002 489 2030 Dei
525 2003 612 2039 gratia
645 2010 754 2031 sanans.
788 2003 818 2030 Et
846 2005 999 2039 utrumque

153 2050 231 2079 deest
252 2049 380 2083 diabolo,
402 2052 429 2078 et
451 2049 513 2078 ideo
534 2050 647 2078 omnino
670 2049 748 2078 deest
769 2049 793 2078 ei
826 2050 871 2077 via
902 2049 1001 2078 rectili-

153 2096 276 2125 cationis.

233 2142 267 2171 St
293 2151 422 2180 quaeras
452 2142 590 2176 suaseritis,
623 2142 691 2179 quid
723 2142 824 2170 horum
857 2145 899 2170 est
930 2142 1000 2170 ratio

155 2189 280 2218 desectus
301 2189 431 2223 alterius;
453 2189 620 2223 dicendum,
646 2189 721 2226 quod
754 2188 881 2226 defectus
905 2189 1001 2226 poeni-

155 2237 258 2265 tentiae
278 2240 321 2265 est
343 2236 428 2270 ratio,
443 2244 530 2273 quare
546 2236 639 2264 delicit
653 2236 742 2272 gratia
757 2239 868 2272 gratum
884 2236 1000 2271 faciens,

154 2284 219 2321 quia
231 2284 266 2312 ad
279 2283 353 2312 illam
367 2283 489 2320 disponit
499 2283 668 2319 poenitentia
680 2282 813 2311 informis.
823 2283 999 2317 —thrsus,

154 2331 176 2359 si
199 2334 367 2367 quaeratur,
389 2337 477 2367 quare
499 2330 591 2358 deficit
609 2329 811 2366 poem'tentt'a?
833 2329 1000 2364 dicendum,

154 2377 229 2414 quod
251 2377 344 2405 deficit
364 2376 453 2413 gratia
474 2377 560 2413 gratis
582 2376 658 2410 data,
681 2384 753 2413 quae
782 2376 926 2413 praevenit
957 2385 1002 2405 vo-

154 2424 306 2458 luntatem,
327 2427 359 2451 ut
380 2424 533 2460 poeniteat,
555 2427 582 2451 et
603 2423 662 2451 sine
683 2431 738 2459 qua
767 2430 848 2451 nemo
876 2431 1000 2459 unquam

154 2478 184 2499 se
206 2474 355 2507 praeparat
375 2470 410 2498 ad
433 2470 566 2507 gratiam,
588 2470 659 2498 sicut
674 2469 729 2498 iam
745 2469 846 2498 melius
861 2469 966 2506 patebit
982 2469 1001 2497 ³.

1846 194 1899 222 175

1053 287 1091 291 -—
1112 270 1138 298 Si
1161 273 1333 307 quaeratur,
1354 270 1430 299 unde
1452 270 1543 299 veniat
1558 270 1683 299 desectus
1698 270 1802 307 gratiae
1815 271 1901 308 gratis

1053 317 1148 348 datae,
1170 317 1214 345 vel
1246 325 1318 354 qnae
1339 317 1374 345 sit
1402 317 1488 351 ratio3
1520 317 1626 354 absque
1659 317 1745 346 dubio
1773 318 1898 347 desectus

1054 372 1108 392 non
1129 367 1219 400 potest
1241 364 1344 392 habere
1366 364 1418 392 nisi
1441 372 1553 393 causam
1582 364 1776 397 deficientem;
1805 368 1832 393 ct
1865 365 1902 393 ita

1054 418 1104 439 nec
1129 411 1207 439 Deus
1238 418 1288 439 nec
1319 414 1432 439 notiora
1464 411 1569 448 Aozyeti
1600 414 1689 448 potest
1720 419 1780 440 esse
1811 411 1902 448 prima

1054 465 1157 491 causa;
1179 457 1227 485 sed
1249 458 1437 486 necessarium
1460 462 1517 489 est,
1538 459 1613 495 quod
1629 458 1689 495 ipsa
1703 458 1790 495 culpa
1805 459 1813 473 ⁴
1826 467 1900 496 ,qua
1913 463 2012 482 Conclusio
2028 461 2048 480 ³›

1055 503 1184 532 diabolus
1206 504 1242 532 ita
1264 504 1418 540 aegrotavit
1438 508 1466 533 et
1490 508 1630 542 aegrotat,
1662 509 1693 534 ut
1724 513 1778 533 non
1810 508 1903 542 pateat

1054 550 1148 579 aditus
1169 551 1282 587 gratiae.
1312 551 1341 579 Et
1372 551 1400 579 in
1432 551 1484 580 hoc
1512 553 1688 580 consentiunt
1716 552 1902 581 communiter

1055 605 1169 630 omnes,
1191 597 1237 634 qui
1261 600 1335 625 recte
1357 597 1468 634 sapiunt
1490 597 1563 626 circa
1585 599 1730 626 materiam
1752 599 1842 627 istam.

1134 643 1187 671 Sed
1208 643 1284 671 unde
1306 643 1407 672 habeat
1429 644 1516 681 culpa
1537 645 1639 673 diaboli
1656 645 1727 674 lianc
1743 645 1902 674 irremedia—

1056 691 1209 724 bilitatem,
1232 690 1410 719 diversificati
1433 695 1499 719 sunt
1520 692 1596 720 varie
1617 693 1770 729 opinantes.

1134 738 1253 774 Quidam
1275 738 1349 766 60101
1371 742 1534 767 sumserunt
1556 739 1690 768 rationem
1709 748 1745 768 ex
1761 748 1903 777 compara·
1915 741 2014 765 06111101-

1056 785 1128 813 tione
1150 784 1249 821 culpae
1270 784 1305 813 ad
1326 785 1507 813 severitatem
1529 785 1721 814 ίιιιῖ160711105.
1744 786 1813 822 Quia
1828 787 1902 815 enim

1055 832 1184 860 diabolus
1205 835 1232 860 et
1256 832 1346 869 angeli
1369 832 1430 861 eius
1450 832 1615 869 gravissime
1636 836 1838 869 peccaverunt,
1854 834 1903 861 Do—

1056 879 1149 907 minus
1170 887 1286 908 severus
1308 879 1394 907 iudex
1417 879 1509 907 statim
1532 879 1728 907 condemnavit
1750 887 1797 908 eos
1810 891 1816 913 ;
1831 880 1903 909 sicut

1056 926 1141 954 iudex
1166 933 1297 963 magnum
1321 925 1473 960 latronem,
1496 926 1523 954 in
1546 926 1620 963 turpi
1643 926 1787 955 latrocinio
1808 928 1904 964 depre-

1056 972 1191 1002 hensum,
1227 972 1318 1001 statim
1352 972 1416 1001 facit
1447 972 1596 1009 suspendi,
1633 974 1763 1010 quamvis
1795 974 1904 1002 differat

1056 1018 1239 1055 suspendium
1262 1019 1346 1047 unius
1368 1019 1447 1056 parvi
1469 1019 1600 1052 latronis,
1622 1020 1670 1056 qui
1692 1020 1781 1057 potuit
1800 1021 1904 1050 habere

1056 1065 1179 1102 aliquam
1201 1066 1420 1094 excusationem.
1442 1083 1480 1086 —
1501 1066 1553 1094 Sed
1576 1067 1644 1095 11066
1664 1067 1734 1095 ratio
1749 1068 1904 1104 congruita-
1918 1069 2046 1088 NOsssufficit-

1057 1113 1091 1141 tis
1112 1115 1172 1141 est:
1194 1112 1277 1149 quia,
1299 1116 1358 1140 esto
1380 1112 1455 1149 quod
1477 1112 1606 1140 diabolus
1629 1113 1721 1141 minus
1747 1118 1902 1150 peccasset.

1057 1162 1123 1188 tunc
1145 1159 1288 1187 videretur
1310 1166 1390 1196 posse
1413 1159 1524 1193 redire;
1545 1163 1573 1187 et
1594 1167 1643 1188 nos
1665 1160 1810 1195 videmus,
1830 1162 1904 1199 quod

1056 1206 1131 1234 Deus
1164 1206 1227 1234 tacit
1259 1206 1480 1234 misericordiam
1512 1214 1576 1235 cum
1608 1206 1830 1236 sceleratissimis
1855 1209 1906 1237 fre-

1056 1256 1189 1290 quenter,
1211 1256 1238 1281 et
1259 1253 1367 1290 aliquos
1395 1253 1562 1290 aliquando,
1594 1253 1641 1290 qui
1672 1254 1812 1283 modicum
1845 1263 1906 1292 pec-

1056 1302 1199 1330 caverunt,
1222 1299 1359 1336 demergit
1381 1297 1407 1327 in
1431 1299 1570 1328 infernum
1583 1310 1590 1334 3
1612 1303 1639 1328 et
1662 1300 1722 1329 ideo
1744 1302 1905 1338 congruitas

1056 1349 1164 1375 tantum
1186 1349 1236 1375 est.

1134 1394 1183 1421 Alii
1203 1396 1366 1422 sumserunt
1382 1393 1516 1422 rationem
1532 1401 1567 1422 ex
1583 1395 1789 1431 comparatione
1804 1395 1903 1433 culpae
1916 1395 1984 1419 095010
1997 1395 2016 1413 ²·

1056 1440 1090 1468 ad
1113 1444 1256 1468 0111111010
1275 1440 1440 1476 peccantis,
1462 1441 1528 1478 quia
1549 1449 1668 1477 peccans
1693 1442 1745 1470 suit
1777 1442 1905 1470 substan-

1056 1487 1093 1515 tia
1114 1486 1292 1523 spiritualis,
1308 1487 1420 1515 omnino
1442 1495 1496 1515 non
1519 1488 1624 1516 liabens
1646 1488 1757 1525 pondus
1772 1489 1863 1518 carnis
1879 1489 1902 1523 ‘³3

1056 1538 1082 1562 et
1103 1534 1169 1570 quia
1195 1533 1350 1562 substantia
1382 1534 1536 1570 spiritualis
1568 1538 1609 1563 est
1639 1543 1751 1572 semper
1773 1536 1803 1563 in
1835 1540 1904 1564 actu

1056 1588 1122 1615 suo,
1144 1580 1219 1609 unde
1240 1589 1294 1608 non
1317 1580 1455 1615 lassatur,
1478 1581 1563 1609 immo
1584 1582 1713 1610 continue
1729 1582 1813 1611 habet
1835 1583 1906 1611 inor-

1056 1628 1179 1656 dinatam
1202 1628 1373 1656 voluntatem
1396 1631 1423 1656 et
1445 1628 1574 1656 continue
1597 1628 1713 1664 gratiam
1747 1629 1903 1666 impugnat:

1056 1674 1118 1703 ideo
1140 1683 1193 1702 non
1215 1674 1333 1703 offertur
1354 1674 1407 1703 sibi
1429 1675 1518 1711 gratia
1529 1676 1546 1703 ⁷.
1559 1675 1662 1704 —Sed
1685 1675 1752 1704 istae
1770 1683 1824 1703 non
1840 1679 1906 1704 sunt
1920 1682 2046 1701 Nonsuffieit.

1056 1722 1178 1750 rationes
1200 1722 1390 1755 necessitatis3
1413 1726 1474 1750 cum
1497 1722 1562 1759 quia
1595 1722 1705 1759 pondus
1737 1723 1829 1751 carnis
1851 1731 1905 1751 non

1056 1768 1207 1797 inclinabat
1229 1769 1369 1797 hominem
1392 1769 1516 1806 primum
1538 1770 1573 1798 ad
1596 1773 1757 1806 peccatum,
1779 1770 1841 1798 ideo
1856 1778 1906 1799 066

1056 1816 1126 1844 adeo
1147 1816 1318 1850 excusabat,
1346 1820 1377 1844 ut
1408 1820 1552 1853 peccatum
1585 1817 1646 1846 eius
1677 1820 1788 1854 caperet
1820 1825 1907 1846 reme-

1057 1863 1135 1892 dium
1159 1863 1352 1897 rectitudinis3
1375 1871 1424 1892 066
1446 1867 1559 1892 econtra
1580 1864 1703 1892 carentia
1725 1864 1816 1892 carnis
1836 1864 1906 1892 adeo

1057 1910 1191 1947 Angelum
1211 1910 1389 1947 impediebat.
1412 1910 1553 1939 Similiter
1574 1919 1625 1939 nec
1653 1911 1708 1939 alia
1730 1913 1818 1941 ratio.
1841 1911 1907 1948 quia

1058 1957 1132 1986 Deus
1153 1958 1271 1994 gratiam
1294 1957 1380 1994 gratis
1406 1958 1498 1986 datam
1528 1958 1690 1995 frequenter
1721 1959 1769 1987 dat
1801 1958 1905 1986 homini

1057 2004 1185 2032 existenti
1209 2004 1236 2031 in
1258 2004 1359 2032 actuali
1382 2004 1524 2033 voluntate
1551 2005 1699 2041 peccandh
1732 2005 1800 2033 haec
1832 2005 1905 2033 enim

1057 2050 1142 2079 simul
1164 2054 1217 2079 stat
1239 2059 1303 2079 cum
1326 2051 1417 2088 culpa.
1440 2051 1469 2079 Et
1491 2051 1577 2080 huius
1598 2052 1761 2088 exemplum
1784 2054 1859 2089 patet
1879 2051 1906 2079 in

1058 2097 1157 2129 Paulo,
1180 2097 1228 2134 qui
1244 2105 1397 2126 conversus
1412 2101 1453 2126 est
1468 2101 1495 2126 et
1509 2098 1701 2127 circumdatus
1717 2099 1778 2127 luce
1794 2099 1820 2126 in
1843 2101 1907 2127 actu

1058 2143 1259 2180 persecutionis
1276 2144 1294 2171 ⁸.
1306 2161 1344 2164 -
1356 2144 1426 2172 Sunt
1448 2148 1540 2173 tamen
1556 2145 1744 2181 congruitates
1765 2145 1904 2181 quaedam
1919 2149 2034 2168 Notandum-

1058 2197 1074 2217 a
1096 2189 1191 2218 latere.

1137 2236 1186 2264 Alii
1209 2240 1373 2265 sumserunt
1393 2237 1528 2266 rationem
1551 2246 1587 2266 ex
1610 2242 1688 2275 parte
1709 2238 1808 2275 culpae
1838 2238 1905 2266 1610-
1918 2243 1986 2266 Opinio
2000 2243 2018 2261 3·

1059 2287 1102 2312 tae
1123 2284 1158 2312 ad
1179 2284 1299 2312 modam
1318 2284 1462 2321 peccandi
1482 2292 1532 2321 per
1554 2285 1712 2321 oppositum
1744 2285 1779 2313 ad
1812 2292 1907 2321 pecca-

1060 2334 1119 2359 tum
1141 2331 1280 2365 hominis3
1301 2331 1367 2368 quia
1389 2331 1461 2359 enim
1486 2332 1568 2359 110010
1590 2331 1643 2359 0110
1658 2334 1824 2367 suggerente
1846 2339 1906 2368 pec-

1059 2380 1188 2411 caverat,
1212 2377 1273 2405 ideo
1296 2377 1412 2414 dignum
1439 2377 1491 2405 suit
1522 2377 1576 2406 alio
1608 2377 1735 2406 relevari.
1769 2378 1905 2411 Rursus,

1059 2424 1124 2460 quia
1147 2426 1235 2452 totum
1261 2431 1349 2460 genus
1380 2424 1536 2452 humanum
1568 2424 1719 2458 ceciderat,
1751 2432 1785 2452 ne
1817 2427 1905 2453 totum

1060 2470 1179 2507 periret,
1205 2478 1360 2506 congruum
1376 2471 1428 2499 suit
1443 2470 1538 2499 reduci
1550 2471 1586 2499 ad
1602 2471 1806 2500 rectitudinem.
1824 2472 1908 2500 Econ-

219 2591 226 2606 ¹
245 2592 348 2614 Nonnulli
366 2591 434 2614 codd.
452 2590 604 2614 rectitudinis.

219 2631 228 2645 ²
247 2631 268 2653 10
287 2631 392 2659 plurimis
410 2637 464 2653 mss.
482 2633 503 2652 et
521 2631 601 2658 primis
618 2630 671 2652 edd.
690 2631 726 2652 liic
743 2631 819 2652 11110115
845 2636 947 2658 congrue
967 2630 1004 2652 ad-

156 2670 218 2692 ditur
235 2669 355 2699 aliquam,
375 2669 439 2698 quod
457 2673 532 2692 tamon
550 2669 601 2691 cod.
619 2669 651 2691 bb
668 2670 750 2691 omittit
775 2672 797 2691 et
815 2675 857 2697 pro
883 2675 929 2698 quo
952 2669 1003 2691 Vat.

157 2709 222 2736 ponit
238 2708 366 2738 quandum.

220 2746 230 2761 ³
247 2747 288 2769 llic
312 2747 342 2769 ad
371 2748 388 2768 1.
414 2750 435 2769 ct
461 2747 516 2769 infra
544 2747 565 2769 d.
593 2747 629 2768 25³.
655 2753 674 2769 a.
701 2747 722 2768 2.
740 2753 762 2775 q.
788 2747 806 2768 1.
828 2759 858 2763 —
875 2746 944 2768 Paulo
967 2752 1005 2768 su-

159 2786 237 2814 perius
255 2785 305 2807 cod.
324 2792 349 2807 cc
366 2788 387 2807 61
405 2785 440 2807 cd.
462 2786 467 2807 1
490 2792 550 2815 quae
566 2786 697 2814 praeparat
714 2792 756 2813 pro
774 2791 834 2814 quae
848 2784 977 2813 praevenit.

222 2823 231 2838 ⁴
249 2824 347 2851 Supple:
365 2825 399 2846 sit.
417 2836 449 2840 —
465 2824 519 2846 Cod.
538 2830 564 2846 cc
581 2830 634 2846 cum
652 2824 687 2846 ed.
707 2824 715 2845 1
737 2823 778 2846 sed
794 2822 854 2846 ηίΙιὶί
870 2824 904 2845 est
919 2822 1002 2851 aliud,

158 2869 232 2893 quam
250 2863 300 2892 ipsa
316 2862 400 2892 culpa,
419 2864 458 2891 qui
475 2864 543 2885 611001
561 2869 614 2885 cum
632 2862 683 2885 cod.
700 2869 726 2885 aa
744 2862 813 2891 paulo
831 2863 924 2884 inferius
941 2863 1005 2885 omit-

160 2903 185 2925 tit
202 2902 365 2925 communiter.

222 2941 232 2955 5
249 2940 293 2963 Csr.
310 2941 418 2968 Grcgor.,
438 2940 529 2962 XXXll.
548 2941 623 2962 Moral.
642 2947 661 2963 c.
680 2941 716 2963 23.
735 2947 755 2962 n.
775 2940 810 2962 47.
828 2943 850 2962 et
868 2940 903 2968 49,
921 2941 1005 2963 Alanus

160 2979 189 3002 de
207 2980 300 3008 insulis,
319 2980 342 3002 11.
360 2980 388 3002 de
406 2980 451 3001 Art.
470 2980 527 3001 catii.
547 2979 612 3007 111161,
631 2986 698 3008 prop.
717 2980 752 3002 «ll.

1123 2592 1133 2606 ⁶
1151 2592 1211 2614 llaec
1230 2593 1285 2614 ratio
1303 2593 1430 2614 insinuatur
1442 2591 1471 2614 ab
1490 2591 1588 2619 Isidoro,
1609 2592 1623 2613 1.
1641 2592 1669 2614 di:
1682 2592 1778 2614 Summo
1791 2592 1853 2614 Bono
1865 2598 1905 2614 seu

1062 2631 1121 2652 Sent.
1146 2637 1164 2653 6.
1188 2631 1220 2653 10.
1239 2637 1260 2653 0.
1283 2631 1322 2658 11;
1341 2631 1452 2658 Gregorn,
1472 2630 1507 2652 lV.
1526 2630 1602 2652 Moral.
1621 2637 1639 2653 c.
1659 2631 1679 2652 3.
1698 2637 1719 2652 n.
1737 2631 1765 2658 8,
1784 2633 1805 2653 et
1824 2631 1860 2653 ix.
1887 2637 1906 2653 c.

1062 2669 1099 2691 50.
1117 2676 1138 2691 n.
1156 2669 1193 2691 76.

1123 2708 1133 2723 ⁷
1150 2708 1195 2731 Csr.
1213 2709 1270 2731 liber
1287 2709 1316 2731 116
1333 2708 1387 2731 Fide
1404 2709 1433 2730 ad
1451 2709 1555 2736 Petrum,
1573 2714 1591 2731 6.
1611 2709 1631 2731 3.
1650 2715 1671 2731 0.
1690 2709 1731 2737 33,
1752 2708 1791 2731 ubi
1810 2709 1907 2737 dicitur,

1062 2747 1125 2776 qnod
1144 2755 1155 2768 11
1170 2748 1230 2770 Deus
1247 2748 1268 2769 in
1287 2750 1379 2770 aeterno
1396 2748 1429 2769 sic
1446 2749 1515 2769 totam
1535 2747 1641 2775 (partem)
1660 2748 1777 2775 praecepit
1788 2753 1908 2770 remanere

1062 2787 1188 2814 supplicio,
1207 2790 1232 2809 ut
1248 2787 1316 2809 611001
1339 2787 1417 2814 ignem
1440 2787 1461 2808 ei
1486 2788 1603 2808 aeternum
1629 2789 1731 2814 pararet,
1759 2787 1780 2808 in
1806 2793 1852 2815 quo
1878 2787 1908 2808 illi

1062 2831 1142 2847 omns-s
1160 2826 1355 2853 praevaricatores.
1373 2825 1452 2852 Angcli
1470 2831 1512 2847 nec
1540 2825 1599 2847 mala
1626 2825 1742 2847 voluntate
1759 2826 1847 2853 possint
1869 2832 1909 2848 110-

1063 2870 1133 2892 quam
1150 2870 1228 2886 carere
1247 2870 1287 2886 nec
1305 2870 1394 2892 poena,
1412 2864 1453 2886 sed
1471 2866 1619 2892 permanente
1638 2865 1659 2885 in
1678 2864 1710 2885 615
1727 2864 1823 2886 iniustae
1845 2870 1909 2887 aver·

1062 2903 1132 2925 sionis
1144 2903 1217 2929 malo,
1231 2904 1364 2930 permaneat
1375 2902 1443 2924 611001
1456 2902 1528 2924 iustae
1544 2901 1699 2924 retributionis
1710 2905 1801 2924 aeterna
1814 2902 1909 2925 damna-

1063 2942 1093 2963 tio
1107 2950 1127 2963 n.
1145 2942 1229 2963 Similia
1247 2940 1314 2962 docet
1330 2940 1416 2968 lsidor.,
1435 2940 1464 2963 de
1481 2940 1565 2962 Ordine
1583 2944 1752 2968 creaturarum,
1771 2947 1790 2963 c.
1808 2942 1829 2963 8.
1848 2947 1868 2963 n⁴
1888 2940 1908 2963 4.

1125 2980 1135 2994 ⁸
1152 2980 1199 3002 Art.
1218 2980 1243 3007 9,
1265 2980 1282 3001 1.
1301 2985 1365 3008 seqq.
