2243 3425
202 1279 290 1304 Quaestio
298 1284 334 1297 ma-

210 1304 238 1327 gis
247 1302 335 1322 determi-

210 1329 270 1345 natur⁴

235 1888 276 1906 Duo
289 1889 332 1905 sunt

216 1912 235 1930 in
256 1913 332 1934 peccato

215 1934 284 1953 actuali
291 1936 310 1952 et
314 1940 331 1953 o-

216 1958 295 1981 riginali.

341 215 396 242 722

340 291 443 320 inflicta
459 294 572 327 propter
587 289 710 326 primum
727 291 888 325 peccatum,
905 287 1033 316 videlicet
1048 287 1188 324 iqnoran·

342 339 393 371 tia,
417 337 588 373 infirmitas,
605 335 721 363 matitia
735 338 762 363 et
777 337 926 372 quartum,
948 342 984 362 ex
1007 334 1050 362 his
1071 332 1190 362 conflata

341 383 596 420 coueapiseentia;
618 382 666 411 sed
689 381 763 418 quod
786 384 828 409 est
850 380 985 409 inflictum
1001 388 1052 417 pro
1068 383 1189 416 peccato,

341 439 394 459 non
416 434 457 459 est
479 431 570 466 ipsum
594 432 757 466 peccatum:
781 436 847 464 ergo
863 428 884 456 si
902 428 970 456 haec
991 428 1089 455 merito
1111 426 1190 463 origi-

341 478 411 506 nalis
435 476 536 513 peccati
561 479 625 505 sunt
647 475 727 503 nobis
749 474 866 505 inflicta,
889 474 1044 502 secuudum
1062 473 1136 510 quod
1153 473 1191 501 di-

341 525 377 554 cit
400 524 490 553 Beda:
513 531 580 560 ergo
602 526 652 551 etc.

420 571 445 599 3.
470 571 552 603 ltem,
575 569 801 606 concupiscentia
824 571 917 597 manet
938 575 1001 596 cum
1019 568 1109 604 gratia
1117 578 1124 601 3
1139 567 1192 595 ori-

341 619 431 655 ginale
453 620 599 654 peccatum
621 624 675 644 non
692 618 781 653 potest
797 622 910 643 manere
925 622 990 643 cum
1005 614 1108 651 gratia:
1124 621 1191 650 ergo

340 664 474 701 originale
497 667 640 700 peccatum
663 670 716 691 non
740 665 781 691 est
803 661 1034 699 concupiscentia.
1051 661 1084 689 Si
1099 664 1130 688 ta
1152 660 1192 688 di-

341 721 408 745 cas,
432 711 506 749 quod
523 710 747 748 concupiscentia
762 712 856 738 manet
871 717 935 738 cum
951 709 1049 745 gratia,
1065 709 1091 736 in
1107 716 1192 745 quan-

341 764 399 788 tum
423 762 464 788 est
486 758 622 791 remissa,
644 761 671 786 et
693 757 731 785 sic.
753 760 794 786 θεῖ
815 764 921 794 poena,
945 756 970 784 in
988 758 1123 793 quantum
1146 763 1192 783 au-

342 810 397 835 tem
419 809 460 834 est
484 805 608 838 intensa,
631 812 684 832 non
709 806 816 837 manet,
832 806 859 831 et
881 803 920 831 sic
935 806 976 831 est
992 802 1110 839 culpa¹;
1126 810 1193 829 corn-

343 857 406 881 tra:
424 852 512 889 magis
534 855 560 880 et
582 851 675 879 minus
698 859 752 879 non
768 849 958 879 diversificant
973 849 1109 886 speciem:
1126 855 1192 884 ergo

342 901 365 929 si
387 899 611 936 concupiscentia
631 897 757 926 remissa
780 905 832 926 non
853 900 895 926 est
917 896 1015 932 culpa,
1031 896 1079 924 sed
1095 902 1193 932 poena,

342 947 402 984 pari
418 946 524 974 ratione
546 945 666 978 videtur,
687 944 762 982 quod
786 951 835 973 nec
857 943 1081 980 concupiscentia
1106 942 1193 969 inten-

343 1002 386 1022 sa.
411 1010 446 1014 -
469 993 551 1023 item,
573 992 811 1028 concupiscentia.
832 994 980 1028 postquam
997 989 1122 1017 remissa
1137 992 1192 1022 est,

343 1040 454 1068 intendi
475 1043 565 1076 potest
586 1043 613 1068 et
635 1039 661 1067 in
685 1038 835 1075 pristinum
864 1037 1020 1066 dominium
1048 1037 1191 1070 revocari,

343 1088 415 1116 sicut
437 1087 630 1123 experimento
651 1089 743 1122 patet:
761 1085 782 1113 si
799 1084 884 1121 igitur
899 1084 1033 1121 originale
1048 1086 1193 1120 peccatum

343 1136 415 1163 esset
428 1133 436 1146 ²
459 1133 602 1167 iterabile,
625 1136 690 1161 tunc
713 1135 740 1160 et
762 1132 934 1168 baptismus3
950 1131 1025 1168 quod
1042 1133 1083 1159 est
1098 1133 1194 1159 contra

344 1180 544 1209 institutionem
568 1179 712 1208 Ecclesiae.

424 1228 468 1256 Est
490 1227 574 1264 igitur
596 1226 737 1264 quaestio,
759 1225 827 1262 quid
850 1225 885 1253 sit
900 1224 1033 1261 originale
1048 1227 1194 1261 peccatum

344 1282 394 1312 per
415 1274 571 1303 essentiam.
596 1273 626 1302 Et
647 1281 711 1301 cum
734 1281 750 1301 a
772 1272 901 1309 Magistro
924 1272 1033 1300 dicatur
1049 1275 1075 1300 et
1094 1271 1129 1300 ab
1145 1274 1195 1299 Au-

345 1322 456 1359 gustino
478 1329 539 1350 esse
561 1320 810 1357 concupiscentia,
834 1320 906 1348 sicut
927 1322 1002 1356 patet
1022 1319 1047 1347 in
1071 1318 1194 1349 littera³‚

344 1369 380 1397 ab
402 1368 529 1397 Anselmo
551 1371 645 1396 autem
668 1367 693 1395 in
718 1366 789 1394 libro
805 1366 839 1395 de
855 1365 995 1402 Conceptu
1012 1365 1140 1402 virginali
1157 1365 1195 1393 di-

344 1418 423 1444 catur
445 1422 506 1443 esse
528 1414 638 1442 debitae
660 1413 790 1441 iastitiae
811 1413 946 1441 carentia
959 1435 966 1446 ,
989 1412 1115 1449 quaestio
1136 1415 1194 1446 est,

344 1462 485 1499 quomodo
507 1462 559 1490 ista
580 1461 637 1490 duo
658 1460 744 1489 verba
767 1460 873 1497 possint
895 1467 955 1488 esse
970 1459 1054 1488 simul
1070 1467 1152 1492 vera,
1168 1462 1195 1487 et

346 1509 371 1537 in
393 1517 449 1545 quo
471 1509 572 1536 horum
596 1507 747 1536 verborum
772 1507 859 1544 magis
881 1506 1053 1543 explicatur,
1077 1505 1144 1543 quid
1160 1505 1195 1534 sit

345 1556 487 1593 originalis
509 1556 600 1592 culpa.

662 1640 874 1662 CONCLUSIO.

366 1713 523 1741 Peccatmn
546 1711 690 1748 originale
705 1716 745 1738 est
767 1710 1013 1747 concupiscentia,
1032 1714 1123 1747 prout
1145 1710 1174 1737 iii

449 1769 479 1787 se
500 1759 612 1787 claudit
633 1758 744 1786 debitae
766 1757 897 1785 iustitiae
918 1757 1091 1785 ecorentiam.

425 1839 598 1866 Reseounsso:
622 1837 789 1870 Dicendum,
815 1836 890 1874 quod
913 1837 984 1865 sicut
1005 1835 1121 1864 actuale
1137 1843 1195 1872 pec-

346 1888 438 1914 catum
461 1893 514 1913 non
537 1884 604 1913 dicit
629 1883 818 1912 omnimodam
842 1883 1043 1920 privationem,
1066 1890 1098 1911 eo
1120 1882 1195 1919 quod

345 1940 399 1960 non
422 1935 529 1960 tantum
553 1931 619 1959 dicit
641 1930 832 1963 aversionem,
854 1930 939 1958 immo
954 1929 1037 1958 etiam
1053 1929 1195 1966 quandam

346 1979 571 2011 conversionem,
593 1985 647 2006 non
668 1977 751 2005 etiam
774 1977 840 2006 dicit
855 1976 1044 2005 omnimodam
1062 1976 1129 2004 boni
1142 1976 1196 2013 pri—

346 2026 500 2059 vationem,
529 2025 615 2053 immo
644 2024 777 2061 relinquit
803 2024 988 2061 aptitudinem
1018 2027 1045 2051 et
1071 2023 1194 2060 aliquem

345 2076 455 2107 actum,
477 2072 613 2110 privando
642 2071 882 2101 circumstantiam
904 2079 971 2107 erga
996 2071 1127 2107 ipsum⁴z
1158 2071 1196 2099 sie

345 2121 427 2149 etiam
451 2121 477 2148 in
500 2119 643 2157 oriyinati
656 2127 707 2147 suo
723 2118 806 2147 modo
822 2118 1033 2155 intelligendum
1049 2121 1098 2147 est.
1120 2117 1196 2146 Unde

346 2168 417 2197 sicut
438 2176 491 2195 non
508 2167 611 2195 dicitur
626 2169 770 2203 peccatum
787 2165 903 2194 actuale
918 2172 979 2193 esse
1002 2165 1027 2193 in
1050 2165 1144 2201 aliquo
1159 2172 1195 2193 ex

346 2214 397 2242 hoc
420 2214 487 2247 solo,
510 2213 584 2251 quod
607 2216 700 2242 careat
722 2212 827 2240 iustitia
843 2229 881 2232 —
903 2212 969 2248 quia
985 2215 1050 2240 tunc
1072 2211 1143 2248 lapis
1158 2211 1196 2239 di-

346 2264 457 2290 ceretur
479 2264 625 2298 peccatum
648 2260 753 2288 habere
776 2276 813 2280 ——
835 2259 883 2288 sed
906 2267 941 2287 ex
966 2259 1028 2292 hoo,
1052 2258 1127 2296 quod
1149 2258 1195 2286 ali-

349 2316 432 2345 quam
456 2307 662 2336 inclinationem
686 2307 769 2335 habet
791 2306 824 2335 ad
849 2306 965 2343 aliquid,
982 2306 1007 2334 in
1024 2306 1107 2343 quasi.
1130 2313 1193 2334 cum

346 2355 460 2384 deberet
481 2362 542 2383 esse
564 2354 677 2388 iustitia,
700 2362 755 2382 non
777 2353 932 2390 reperitur:
950 2353 988 2381 sic.
1004 2353 1086 2381 etiam
1109 2352 1196 2389 origyi-

344 2402 410 2430 'nate
437 2404 583 2439 peccatum
612 2401 715 2430 dicitur
743 2408 803 2429 esse
834 2400 859 2428 in
890 2399 983 2437 aliquo
1010 2407 1063 2427 non
1087 2399 1195 2433 solum,

410 2543 415 2556 ¹
435 2542 479 2565 cfr.
498 2543 555 2565 infru
574 2542 595 2564 d.
615 2541 706 2564 XXXll.
731 2542 760 2563 lit.
780 2542 890 2570 Magistri,
909 2548 927 2563 θ.
950 2542 966 2563 l.
991 2545 1011 2563 ct
1029 2541 1156 2564 Comment.
1175 2548 1194 2563 u.

350 2582 366 2603 l.
386 2589 407 2610 q.
431 2583 447 2603 Ι.
461 2594 490 2597 —-
504 2582 534 2604 De
553 2587 618 2609 prop.
632 2587 679 2609 seq.
698 2581 751 2602 vide
763 2587 833 2608 supra
852 2587 904 2608 pag.
925 2581 980 2604 358,
995 2584 1045 2602 nota
1064 2581 1084 2602 2.
1104 2582 1125 2602 in
1139 2580 1194 2607 fine,

347 2624 367 2643 et
385 2628 438 2649 pag.
457 2621 515 2648 659,
534 2624 586 2643 nota
603 2621 624 2642 7Δ

409 2660 419 2674 2
435 2660 522 2688 Supplo
540 2666 592 2682 cum
612 2659 662 2681 cod.
681 2659 699 2681 Υ
717 2658 919 2688 concupiscentia,
940 2658 1032 2681 valerav-
1049 2658 1113 2688 qaod
1127 2657 1196 2681 habe-

350 2700 384 2721 ret
401 2699 497 2726 iterari,
517 2700 539 2721 et
554 2699 575 2722 si
591 2699 714 2728 peccalum
732 2697 848 2727 oriyz‘nale
866 2699 930 2720 esset.

410 2738 419 2752 3
437 2738 476 2760 Hic
499 2744 517 2760 c,
537 2739 556 2759 8.
575 2744 648 2766 seqq,
666 2737 706 2759 ubi
722 2740 742 2759 el
761 2738 881 2765 Augustini
900 2736 971 2759 verba
990 2736 1132 2759 exhibentur⁴
1154 2737 1195 2757 An-

349 2777 434 2799 selmus
452 2778 492 2799 loe
512 2778 548 2799 cit,
563 2783 581 2799 c.
601 2777 620 2799 3.
641 2778 673 2799 sic
690 2778 732 2799 ait:
745 2777 793 2798 Non
806 2780 840 2799 est
857 2776 919 2798 aliud
940 2776 1050 2803 originale
1076 2777 1195 2803 peccatum

349 2821 418 2843 quam
437 2817 549 2837 iniustitia.
563 2816 629 2844 Quod
642 2817 659 2838 si
678 2817 706 2838 itu
724 2818 768 2843 est,
785 2818 806 2837 el
822 2816 928 2837 iniustitia
948 2821 992 2837 non
1005 2818 1039 2837 est
1050 2814 1112 2837 aliud
1124 2820 1195 2843 quam

350 2853 450 2875 absentia
468 2854 558 2876 debitae
576 2855 684 2882 iustitiae,
704 2861 747 2876 non
760 2856 821 2876 enim
834 2854 925 2876 videtui·
938 2860 988 2876 esse
1001 2854 1106 2876 iniustitia
1120 2853 1161 2875 nisi
1174 2853 1195 2874 in

350 2894 440 2919 natura,
459 2899 528 2920 quae,
547 2899 599 2915 eum
618 2893 686 2915 debet
704 2893 799 2921 habere,
819 2894 926 2916 iustitiam
951 2899 995 2915 non
1013 2892 1094 2915 habet:
1118 2892 1197 2919 utique

350 2930 459 2957 originale
478 2935 597 2958 peccatum
615 2932 728 2954 clauditur
750 2932 794 2955 sub
812 2932 893 2954 cadem
920 2932 1050 2954 delinitione
1068 2931 1195 2953 iniustitiae.

352 2980 380 2982 —
397 2968 465 2990 Paulo
489 2970 581 2991 inferius
605 2974 655 2996 post
677 2970 750 2993 simul
772 2971 822 2993 Vat.
846 2976 900 2993 cum
925 2970 977 2992 edd.
1001 2972 1027 2998 2,
1047 2971 1071 2997 3,
1096 2969 1108 2991 [ι
1133 2969 1195 2991 addit

351 3007 372 3028 et
387 3006 465 3029 semel,

1222 2258 1226 2431 l

1020 208 1271 237 SENTENTIARUM
1296 208 1354 236 LlB.
1377 208 1405 235 ll.

1245 286 1310 322 quia
1332 288 1407 314 caret
1429 285 1534 314 iustitia
1556 284 1700 321 originali,
1716 284 1764 313 sed
1780 284 1872 315 etiam,
1895 284 1961 320 quia
1976 283 2094 311 curvita-

1245 336 1301 361 tem
1323 332 1406 361 habet
1421 334 1448 361 et
1462 332 1655 360 necessitatem
1671 331 1894 368 concupiscendi.
1910 330 1987 359 Unde
2002 338 2096 366 quem-
2108 330 2213 361 Exemplmss

1246 379 1399 408 admodum
1422 379 1551 408 videmus
1573 379 1600 407 in
1626 378 1801 415 aegritudine
1823 378 1973 414 corporali,
1999 381 2096 414 utpote
2212 370 2213 373 ¹

1247 426 1273 454 in
1296 426 1433 463 paralysi,
1455 426 1529 462 quod
1553 425 1614 453 talis
1637 424 1754 453 morbus
1770 424 1839 453 inest
1854 432 1890 453 ex
1906 424 2027 460 quadam
2044 423 2097 451 dis—

1247 472 1385 501 solutione
1407 472 1534 503 virtutis,
1558 473 1594 500 ita
1617 475 1722 504 tamen,-
1741 471 1816 508 quod
1839 478 1893 499 non
1909 471 2022 498 omnino
2044 470 2097 506 pri-

1248 522 1329 548 vatur
1356 519 1446 548 virtus
1476 519 1593 552 motiva,
1626 518 1697 547 sicut
1728 518 1753 546 in
1785 521 1910 551 mortuo,
1933 517 1981 545 sed
2003 517 2097 554 aliquo

1248 566 1330 595 modo
1357 569 1465 600 manet,
1495 574 1547 594 non
1576 569 1675 602 potens
1696 565 1855 593 membrum
1879 572 1990 601 regere3
2013 567 2040 593 et
2062 564 2098 592 ita

1248 613 1375 650 sequitur
1403 613 1505 649 partim
1535 620 1571 641 ex
1599 612 1757 649 positione,
1788 611 1890 648 partim
1919 619 1955 640 ex
1986 609 2099 647 defectu

1248 668 1349 689 manus
1364 660 1536 689 tremulatio:
1550 660 1588 688 sic
1601 659 1813 696 intelligendum
1828 662 1870 687 est
1884 662 1940 687 tam
1958 659 1983 686 in
1999 661 2100 686 aetua-

1249 707 1270 735 li
1298 708 1381 744 quam
1413 708 1439 735 in
1468 707 1611 744 originali
1641 709 1762 743 peccato.
1786 705 2030 742 Quemadmodum
2053 704 2100 742 igi-

1249 758 1304 789 tur,
1327 755 1348 783 si
1372 754 1434 791 quis
1455 757 1617 791 quaereret,
1637 754 1704 790 quid
1728 756 1801 782 esset
1823 756 1969 790 peccatum
1992 752 2098 786 carnis,

1249 801 1399 838 dupliciter
1422 804 1514 838 posset
1536 801 1559 828 ei
1584 800 1733 834 notificari,
1749 800 1878 829 videlicet
1894 800 2000 828 ratione
2021 798 2101 827 incli-

1249 847 1380 875 nationis
1402 847 1609 880 deordinatae,
1632 851 1664 875 ut
1685 847 1794 875 dicatur
1816 854 1877 875 esse
1898 846 2101 875 immoderatus

1250 895 1390 932 appetitus
1412 895 1451 923 rei
1475 894 1629 923 tractabilis
1655 894 1811 922 secundum
1841 894 1989 925 carnen]⁶;
2011 896 2037 922 et
2059 901 2101 921 ra-

1250 942 1323 969 tione
1344 941 1522 977 privationis
1544 941 1627 975 boni,
1650 944 1681 969 ut
1702 941 1811 969 dicatur
1838 948 1898 969 esse
1919 941 2039 977 privatio
2060 948 2102 969 ca-

1251 988 1350 1017 stitatis
1372 992 1399 1016 et
1420 988 1617 1022 continentiae,
1632 991 1659 1016 et
1674 991 1795 1024 utroque
1811 987 1893 1017 modo
1914 987 2101 1024 respondetur

1250 1035 1317 1063 satis
1333 1035 1544 1063 convenienter:
1561 1034 1609 1068 sic,
1625 1042 1690 1063 cum
1711 1034 1866 1071 quaeritur,
1882 1033 1951 1071 quid
1965 1034 2001 1062 sit
2021 1034 2102 1071 origi-

1251 1082 1313 1111 nale
1334 1085 1494 1119 peccatum,
1516 1084 1591 1110 recte
1613 1081 1812 1118 respondetur,
1835 1080 1909 1118 quod
1939 1081 1974 1109 sit
2002 1089 2103 1109 conca·
2117 1085 2220 1112 conclusio;

1250 1129 1394 1166 piscentia
1427 1128 1646 1161 inmuoderatcm
1678 1131 1751 1157 recte
1783 1128 1864 1156 etiam
1899 1127 2101 1164 respondetur,

1252 1177 1327 1214 quod
1349 1177 1384 1205 sit
1407 1176 1517 1204 debitae
1539 1176 1669 1204 iustitiae
1691 1175 1843 1209 carentia,-
1865 1178 1892 1204 et
1913 1175 1940 1203 in
1964 1183 2019 1203 una
2042 1175 2104 1204 ista-

1252 1231 1317 1252 rum
1340 1224 1552 1260 responsionum
1576 1222 1718 1251 clauditur
1741 1222 1837 1256 altera,
1854 1222 1916 1251 licet
1938 1230 1994 1250 una
2016 1221 2104 1250 notifi-

1252 1274 1294 1299 cet
1316 1271 1409 1308 ipsum
1442 1270 1576 1307 originale
1605 1270 1711 1298 ratione
1734 1270 1794 1298 eius
1823 1269 1897 1306 quod
1931 1273 1971 1298 est
1995 1270 2021 1297 in
2044 1269 2103 1306 ipso

1252 1318 1359 1346 habens
1382 1317 1495 1346 modum
1525 1317 1738 1350 conversionis,
1767 1317 1855 1345 altera
1884 1324 1964 1349 vero,
1997 1316 2103 1345 ratione

1250 1364 1438 1401 privationis.

1331 1410 1546 1439 Concedendum
1559 1413 1600 1439 est
1612 1410 1705 1447 igitur,
1721 1410 1793 1438 sicut
1807 1410 1928 1439 rationes
1944 1410 2103 1444 ostendunt,

1253 1462 1279 1487 et
1300 1458 1429 1495 Magister
1451 1457 1517 1486 dicit
1540 1458 1566 1486 in
1589 1457 1694 1492 littera,
1711 1456 1785 1494 quod
1808 1457 1942 1493 originale
1957 1459 2103 1494 peccatum
2220 1487 2222 1492 ,

1252 1509 1292 1534 θεῖ
1315 1505 1565 1542 coucupiscentia,
1594 1508 1620 1533 et
1650 1505 1717 1533 haec
1747 1512 1800 1532 non
1823 1511 2031 1540 quaecumque,
2053 1503 2102 1532 sed
2115 1507 2223 1535 C⁰n0¹¹1⁵101

1251 1552 1488 1589 concupiscentia,
1514 1554 1598 1588 prout
1620 1551 1725 1580 claudit
1751 1552 1777 1579 in
1800 1558 1828 1579 se
1850 1550 1959 1579 debitae
1982 1551 2103 1579 iustitiae

1252 1598 1412 1627 carentiam.
1444 1598 1512 1626 Haec
1541 1601 1635 1626 autem
1657 1601 1699 1626 est
1723 1597 1948 1634 concupiscentia
1970 1597 2105 1626 immode-

1251 1649 1322 1673 rata
1337 1648 1364 1673 et
1386 1645 1511 1678 intensa,
1527 1645 1597 1674 adeo
1619 1648 1650 1673 ut
1672 1645 1707 1674 sit
1722 1645 1813 1673 carnis
1828 1645 1863 1673 ad
1880 1644 2011 1682 spiritum
2027 1652 2105 1681 prae-

1252 1693 1433 1726 dominantia,
1451 1696 1478 1721 et
1494 1692 1556 1721 talis
1577 1700 1688 1729 semper
1710 1695 1751 1720 est
1773 1693 1865 1721 iuncta
1889 1692 2038 1721 carentiae
2061 1692 2103 1720 de-

1253 1740 1328 1768 bitae
1351 1739 1498 1772 iastiliae,
1527 1742 1554 1768 et
1583 1739 1740 1768 secundum
1771 1739 1846 1776 quod
1876 1740 1946 1768 inest
1968 1739 2048 1768 nobis
2069 1739 2105 1768 ab

1252 1787 1367 1824 origine,
1390 1786 1493 1815 dicitur
1512 1790 1665 1823 peecataiiz
1689 1786 1842 1824 originale.
1860 1786 1890 1815 Et
1906 1787 1958 1815 hoc
1972 1789 2013 1815 est
2028 1786 2104 1823 quod

1253 1834 1319 1863 dicit
1340 1833 1436 1862 Glossa
1457 1841 1543 1870 super
1564 1833 1669 1862 illud⁷:
1697 1833 1790 1866 Beati,
1814 1841 1942 1871 qaortmn
1962 1833 2105 1861 remissae

1251 1885 1321 1909 ,sunt
1342 1880 1529 1919 iniquitate&
1552 1880 1659 1909 Glossa:
1689 1881 1902 1918 «Iniquitatem
1935 1880 2001 1909 dicit
2029 1880 2106 1909 fomi-

1252 1931 1321 1961 tem,
1344 1928 1391 1964 qui
1414 1931 1477 1956 ante
1493 1927 1664 1964 baptismum
1681 1935 1734 1955 non
1752 1930 1860 1956 tantum
1873 1935 1968 1964 poena
1989 1930 2039 1961 est,
2055 1927 2105 1956 sed

1252 1976 1360 2012 culpem
1382 1979 1444 2013 post
1466 1975 1637 2012 baptismum
1667 1982 1733 2003 vero
1751 1983 1846 2011 poena
1868 1978 1976 2004 tantum
1999 1977 2056 2008 est,
2078 1977 2105 2003 et

1252 2031 1306 2051 non
1340 2022 1435 2060 eulpa.
1462 2022 1531 2051 Cum
1559 2022 1632 2051 enim
1663 2021 1773 2050 deletur
1801 2021 1952 2059 originale,
1983 2029 2038 2050 non
2060 2021 2105 2050 de-

1253 2070 1336 2104 letur,
1358 2073 1388 2098 ut
1410 2069 1522 2097 omnino
1544 2077 1598 2097 non
1620 2069 1668 2103 sit,
1684 2068 1732 2097 sed
1749 2072 1848 2097 utnon
1869 2069 1904 2097 sit
1919 2072 2103 2105 peccatum».

1253 2134 1290 2138 —
1312 2116 1510 2146 Concedendae
1533 2119 1597 2145 sunt
1612 2116 1697 2153 igitur
1714 2116 1844 2147 rationes,
1860 2123 1932 2153 quae
1948 2116 2000 2144 hoc
2015 2119 2104 2144 osteu-

1253 2164 1330 2192 dunt.
1353 2163 1392 2192 Ad
1414 2163 1535 2192 rationes
1557 2166 1650 2192 autem
1673 2163 1708 2191 ad
1723 2163 1881 2200 oppositum
1899 2163 1965 2191 satis
1987 2163 2102 2199 planum

1252 2214 1291 2239 est
1315 2210 1486 2247 respondere
1508 2218 1558 2247 per
1580 2218 1612 2238 ea
1634 2217 1705 2247 quae
1728 2210 1801 2238 dicta
1823 2214 1896 2239 sunt.

1333 2259 1357 2285 l.
1380 2257 1416 2285 Ad
1440 2257 1510 2285 illud
1539 2257 1614 2285 enim
1640 2257 1715 2294 quod
1745 2257 1835 2294 primo
1857 2257 2000 2290 obiicitur,
2027 2256 2103 2294 quod
2117 2261 2218 2303 sgssssssssussff

1252 2307 1397 2342 peccatum
1412 2307 1545 2341 operatur
1561 2304 1828 2341 concupiscentiani3
1844 2303 2010 2335 dicendum,
2027 2304 2102 2340 quod
2116 2290 2128 2308 Ρ

1252 2351 1323 2380 illud
1336 2350 1499 2388 intelligitur
1512 2351 1546 2379 de
1558 2351 1782 2387 concupiscentia
1795 2354 1931 2387 quantum
1943 2350 1979 2379 ad
1994 2354 2103 2384 actum,

1252 2397 1357 2435 quam*3
1379 2397 1481 2427 dicitur
1503 2397 1624 2434 operari
1644 2397 1837 2431 mandatum,
1860 2398 1925 2434 quia
1947 2397 2104 2426 occasiona-

1317 2541 1325 2555 ⁴¹
1343 2540 1387 2563 Csr.
1411 2540 1466 2562 infra
1491 2540 1511 2562 d.
1532 2539 1567 2562 34.
1591 2546 1610 2561 a.
1630 2541 1650 2562 2.
1669 2546 1690 2568 q.
1709 2540 1733 2567 -2,

1253 2580 1318 2603 circa
1336 2579 1421 2609 ipsum.

1317 2618 1327 2634 ⁵
1343 2618 1414 2641 Codd.
1433 2620 1450 2640 Α
1463 2618 1479 2639 L
1497 2624 1550 2647 (luo.

1316 2658 1325 2672 ⁶
1343 2657 1386 2680 Csr.
1405 2658 1503 2685 Ariston,
1523 2657 1566 2679 Vll,
1590 2657 1659 2679 Ethic.
1683 2657 1707 2684 43
1727 2657 1748 2678 ll.
1774 2657 1874 2685 Mag-nor.
1893 2657 1969 2679 Moral.
1989 2663 2007 2679 c.
2026 2657 2047 2678 7.
2067 2657 2102 2684 (c.

1254 2698 1293 2725 6.>.
1305 2709 1336 2713 —
1349 2697 1417 2719 Paulo
1436 2696 1529 2718 interius
1546 2702 1588 2724 pro
1606 2695 1664 2718 satis
1681 2695 1854 2723 convenienter,
1875 2695 1939 2724 quod
1956 2702 1982 2718 ex
2000 2695 2068 2718 codd.
2083 2696 2102 2717 K

1254 2737 1272 2758 M
1288 2737 1306 2764 Q
1319 2742 1344 2758 aa
1357 2735 1389 2758 bb
1405 2742 1431 2758 ee
1453 2736 1644 2761 restauravinms,
1664 2735 1713 2757 Vat.
1731 2734 1764 2757 sic
1786 2734 1959 2762 convenienter,
1982 2734 2048 2757 codd.
2069 2734 2103 2756 ΡΙ

1254 2778 1276 2797 et
1293 2775 1328 2798 ed.
1352 2777 1356 2797 1
1379 2774 1543 2798 convenienter
1560 2777 1655 2797 tantum.

1316 2815 1325 2828 ⁷
1344 2814 1424 2837 Psalm.
1444 2814 1480 2841 31,
1503 2815 1520 2836 l.
1535 2827 1563 2829 —
1575 2814 1661 2842 Glossa,
1681 2820 1739 2842 quae
1757 2816 1789 2835 est
1811 2813 1939 2835 secundum
1963 2814 2070 2841 August.,
2089 2813 2103 2834 l.

1255 2853 1283 2875 de
1301 2853 1389 2881 Nuptiis
1401 2854 1433 2875 isc
1444 2853 1575 2880 concupisc.
1594 2859 1612 2875 c,
1626 2853 1662 2874 25.
1677 2859 1697 2874 n.
1711 2853 1747 2880 28,
1767 2852 1863 2874 liabetur
1875 2851 1938 2880 apud
1956 2851 2063 2874 strabum
2082 2855 2104 2874 et

1255 2892 1378 2919 Lyranum.
1397 2891 1441 2914 Cfr.
1460 2892 1516 2913 insi-a
1535 2891 1556 2913 d.
1575 2891 1667 2913 XXXII.
1686 2891 1716 2913 lit.
1736 2891 1842 2918 Magistri,
1861 2896 1879 2913 c.
1894 2891 1913 2917 ’1,
1933 2889 1973 2912 uhi
1986 2891 2061 2918 agitur
2074 2890 2102 2912 de

1256 2930 1338 2958 modo,
1356 2937 1402 2959 quo
1420 2933 1540 2958 peccatum
1558 2930 1669 2958 originale
1686 2929 1801 2958 baptismo
1815 2929 1908 2952 deletur.

1319 2969 1328 2984 S
1348 2970 1396 2992 Vat.
1414 2975 1467 2992 cum
1485 2969 1538 2991 edd.
1557 2969 1581 2996 3,
1600 2968 1612 2990 4
1631 2974 1707 2997 quem.

1754 2539 1775 2561 d.
1794 2539 1830 2561 35.
1854 2545 1896 2566 per
1917 2542 1993 2562 totam*
2011 2552 2037 2554 —
2051 2539 2101 2561 Vat.
