2243 3425
374 210 428 237 726
1054 205 1304 234 SENTENTIARUM
1326 204 1385 233 LIB.
1408 205 1436 233 Il.

373 286 513 315 notificant
534 286 625 322 ipsum
641 285 783 321 originale,
799 283 955 313 seeundum
971 283 1046 320 quod
1062 286 1103 312 est
1117 282 1214 319 eulpa,

371 336 398 361 et
420 332 481 361 ideo
506 332 704 369 praedicantur
732 330 766 358 de
793 330 852 367 ipso
878 329 1084 366 praedicatione
1103 337 1157 366 pei¹
1179 338 1216 357 es-

369 379 501 407 sentiam.
531 377 686 414 Ignorantia
714 379 806 405 autem
836 376 959 405 notificat
989 376 1094 413 magis,
1122 384 1216 405 566110-

370 425 436 454 dum
460 425 534 462 quod
557 427 598 453 est
618 423 717 452 vitium
740 423 918 460 copititiuctin
939 423 1122 458 deordinans;
1142 423 1216 451 unde

370 472 458 509 magis
486 471 664 508 praedicatur
693 470 727 498 de
755 473 870 519 116666101
896 470 1037 507 originali,
1059 470 1215 499 secundum

369 518 441 555 quod
462 518 521 554 ipsa
536 517 691 554 ignorantia
712 520 856 554 peecatum
879 520 929 550 est,
946 516 1151 553 praedieatione
1162 525 1216 553 per

369 573 493 593 eausam
518 572 601 601 quam
620 573 673 601 per
692 563 855 592 essentiam.
872 563 903 592 Et
918 563 970 592 1106
986 563 1108 592 insinuat
1123 563 1215 600 ipsum

368 612 486 640 verbum
518 611 660 648 Hugonis,
678 619 742 640 cum
769 611 851 644 dicit,
880 611 972 648 11151101
999 610 1133 647 originale
1156 619 1216 640 esse

374 658 506 692 «vitium,
528 658 602 695 quod
625 657 818 686 contraximus
844 665 895 693 per
917 658 1140 694 ignorantiam».
1163 657 1216 685 1106

1273 283 1355 311 etiam
1378 282 1501 311 declarat
1522 283 1581 319 ipse
1609 282 1755 311 Anselmus
1777 283 1803 311 in
1826 283 1897 311 libro
1924 283 1959 312 de
1980 283 2120 321 Conoeptu

1273 329 1401 366 virginali
1416 329 1433 363 ¹,
1462 329 1509 357 ubi
1531 329 1606 363 dicit,
1628 329 1702 366 quod
1725 337 1807 358 omne
1822 332 1967 366 peceatum
1989 333 2031 358 est
2053 330 2121 358 iniu-

1273 376 1361 411 stitia,
1384 380 1410 404 et
1432 376 1522 405 omnis
1543 376 1648 405 iustitia
1663 379 1690 405 et
1704 376 1839 405 iniustitia
1854 377 1880 405 in
1903 376 2046 405 voluntate
2061 385 2122 406 oon-
2225 405 2227 408 ⁴

1274 423 1352 452 sistit.
1374 440 1413 449 —-.
1435 423 1465 451 Et
1487 423 1525 452 sic
1547 426 1639 460 patet,
1660 423 1727 460 quid
1756 422 1791 451 sit
1819 423 1953 460 originale
1975 427 2119 460 peccatum
2133 430 2228 454 Epiloznst

1273 478 1323 507 per
1344 471 1501 499 essentiam.
1524 470 1653 507 quoniam
1677 473 1718 499 est
1746 470 1980 507 eoncupiscentia
2001 474 2028 499 et
2049 470 2121 499 debi-

1274 522 1319 546 tae
1340 517 1470 546 institiae
1491 517 1640 550 carentum
1662 520 1736 554 patet
1757 517 1857 551 etiam,
1879 517 2019 554 quomodo
2041 518 2121 555 origi-

1273 564 1335 593 nale
1356 568 1501 601 peecatum
1524 564 1559 592 ab
1581 564 1694 600 Hugone
1721 563 1822 593 dicitur
1851 572 1912 593 esse
1934 564 2120 602 ignorantia,

1273 614 1300 639 et
1321 618 1371 648 per
1393 618 1566 648 consequens
1580 618 1613 639 ea
1627 618 1699 647 quae
1714 610 1749 639 ad
1764 614 1915 648 utramque
1929 614 2035 648 partem
2057 614 2122 640 sunt

1273 657 1402 686 adducta.

1113 759 1375 795 SCHOLION.

432 862 444 883 1.
463 862 503 883 Alii
522 863 624 889 magistri
645 861 673 884 de
691 862 733 883 hac
756 864 843 890 quaest.
861 861 965 889 explicite
989 867 1032 883 non
1051 864 1157 889 tractant,
1175 861 1216 884 sed

368 908 419 924 eam
431 902 568 930 plerumque
586 904 682 930 tangunt
694 902 714 923 in
729 902 890 929 praecedente,
903 905 924 923 et
942 901 1032 928 volunt,
1046 900 1108 929 quod
1120 901 1216 930 proprie

369 940 483 971 loque-viclo
501 941 628 968 ignorantia
642 946 685 962 non
699 941 727 962 sit
739 943 858 968 peccatum
877 940 999 968 originale⁷
1014 945 1067 962 cum
1085 945 1153 962 omne
1166 946 1216 968 pee-

368 984 445 1003 catum
462 981 574 1008 pertineat
597 979 624 1002 ad
643 980 772 1002 facultatem
796 980 952 1007 appetitivam.
979 979 1006 1000 lta
1031 979 1131 1008 loquitur
1148 980 1215 1001 etiam

369 1020 390 1041 S.
409 1019 491 1041 Thom.
510 1020 559 1047 (liic
577 1025 598 1047 q.
621 1020 637 1041 1.
656 1025 674 1041 a.
695 1019 714 1040 3.
733 1019 762 1041 ad
780 1018 819 1046 5.),
838 1018 876 1040 ubi
895 1017 970 1040 addit:
985 1027 994 1037 a
1007 1018 1032 1040 Et
1052 1019 1070 1040 si
1087 1019 1217 1040 inveniatur

1273 862 1400 889 ignorantia
1419 861 1528 889 originale
1546 860 1666 889 peecatum
1689 861 1745 889 dici,
1769 862 1941 890 intelligendum
1959 866 1993 885 est
2015 863 2043 885 de
2060 864 2122 891 igno-

1273 901 1343 923 rantia
1366 901 1471 928 111-11111116
1493 899 1561 923 illum
1583 900 1719 928 scientiam,
1745 907 1805 929 quae
1827 901 1950 924 includitur
1972 902 1992 924 in
2017 902 2122 930 originali

1273 940 1354 961 iustitia
1369 948 1378 959 1)
1401 939 1453 967 (cir.
1472 939 1533 961 idern
1546 940 1568 961 S.
1581 939 1595 961 1.
1614 939 1636 961 11,
1651 946 1672 968 (1.
1691 940 1727 961 817..
1740 945 1759 962 a.
1779 939 1799 961 3.
1813 939 1841 962 ad
1855 940 1892 968 3.).
1906 953 1936 956 —
1948 941 2032 963 Similia
2046 941 2123 964 dieunt

1273 978 1330 1001 Petr.
1349 984 1360 1000 a
1379 978 1431 1000 Tar.
1456 979 1511 1004 (loc.
1530 979 1575 1006 cit.)
1594 982 1615 1001 et
1639 978 1744 1001 menard.
1763 985 1775 1001 a
1793 978 1850 1001 Med.
1869 979 1919 1006 (1116
1936 986 1955 1002 a.
1975 979 1995 1002 4.
2014 986 2036 1008 q.
2055 980 2074 1002 1.
2093 980 2122 1002 ad

1274 1018 1313 1046 4.).
1332 1019 1353 1040 ln
1371 1018 1471 1040 eundem
1484 1020 1560 1040 autem
1577 1024 1670 1040 sensum
1683 1017 1742 1040 redit
1758 1019 1867 1040 sententia
1886 1018 1906 1040 S.
1925 1018 2105 1042 Bonaventurae.

1085 1120 1321 1155 ARTICULUS
1347 1121 1398 1154 111.

991 1227 1029 1255 De
1052 1227 1171 1255 veritate
1193 1226 1342 1255 humanae
1363 1231 1498 1255 naturae.

446 1326 653 1364 Consequenter
675 1327 749 1355 circa
770 1327 884 1355 tertium
900 1326 1052 1354 articulum
1069 1325 1215 1362 quaeritur

368 1374 402 1403 de
425 1374 540 1403 veritate
562 1374 702 1402 humanae
730 1376 856 1402 naturae.
881 1373 910 1401 Et
932 1381 995 1402 cum
1025 1373 1081 1402 duo
1103 1380 1217 1401 coneur-

367 1425 430 1450 rant
451 1421 487 1450 ad
506 1421 566 1455 1106,
582 1420 657 1458 quod
679 1420 785 1458 aliquid
807 1420 917 1449 dicatur
933 1420 967 1449 de
983 1419 1099 1449 veritate
1120 1420 1217 1448 huma-

367 1477 419 1498 nae
440 1472 571 1502 naturae,
593 1467 720 1496 materici
742 1467 871 1496 videlieet
893 1470 919 1496 et
939 1465 1056 1503 forma,
1078 1466 1113 1495 ad
1135 1474 1216 1503 quar-

368 1518 427 1544 tum
450 1514 574 1543 1111111111ἵ
595 1517 702 1552 spectat
723 1514 816 1543 dicere
831 1514 865 1543 de
884 1514 1001 1542 veritate
1017 1513 1157 1542 humanae
1172 1521 1217 1541 na-

367 1566 447 1591 turae
469 1570 504 1591 ex
526 1565 605 1599 parte
625 1560 751 1598 formae,
774 1561 822 1590 11111
837 1561 930 1598 agitur
946 1561 981 1589 de
996 1561 1217 1595 resurrectione,

367 1609 403 1637 ad
425 1609 500 1638 1111116
528 1616 595 1638 vero
623 1608 716 1637 locum
745 1611 850 1648 spectat
880 1608 1021 1645 inquirere
1043 1607 1078 1636 de
1100 1607 1217 1636 veritate

368 1656 508 1685 humanae
529 1659 646 1684 naturae
675 1663 710 1684 ex
740 1658 818 1692 parte
837 1655 1008 1689 1116161166,
1030 1654 1079 1683 11111
1101 1654 1217 1692 inquirit

1274 1325 1402 1362 Magister
1416 1325 1442 1359 ³,
1465 1328 1561 1354 utrum
1584 1325 1690 1364 aliquid
1712 1327 1903 1355 extrinsecum
1925 1326 1952 1355 in
1975 1327 2121 1357 veritatem

1274 1372 1414 1401 humanae
1441 1376 1558 1401 naturae
1584 1373 1671 1410 possit
1697 1373 1824 1402 transire.
1851 1373 1929 1402 Circa
1958 1374 2010 1403 1106
2038 1375 2123 1412 igitur

1274 1418 1331 1448 duo
1352 1419 1514 1456 quaerenda
1536 1423 1609 1449 sunt.

1354 1466 1445 1494 Primo
1467 1466 1622 1503 quaeritur,
1643 1469 1740 1495 utrum
1762 1466 1868 1504 aliquid
1888 1470 2010 1497 transeat
2031 1469 2057 1497 in
2082 1476 2124 1498 ve-

1274 1513 1385 1541 ritatem
1409 1513 1548 1542 humanae
1570 1517 1687 1543 naturae
1709 1522 1759 1551 per
1782 1518 1874 1544 aetum
1898 1516 2082 1553 generativae.

1353 1560 1480 1589 Secundo
1509 1561 1670 1598 quaeritur,
1700 1564 1796 1590 utrum
1822 1562 1928 1600 aliquid
1950 1566 2073 1592 transeat
2095 1563 2121 1592 in

1275 1607 1419 1636 veritatem
1443 1608 1583 1637 humanae
1606 1611 1722 1638 naturae
1745 1617 1794 1646 per
1816 1617 1886 1646 opus
1908 1610 2068 1639 nutritivae.

1146 1752 1308 1789 QUAESTIO
1330 1753 1347 1780 1.

576 1839 679 1867 Utrum
701 1839 817 1877 aliquid
838 1842 970 1868 transeat
992 1840 1023 1867 in
1044 1840 1196 1868 veritatem
1218 1838 1366 1869 humanae
1389 1844 1516 1868 naturae
1533 1849 1587 1877 per
1607 1844 1707 1869 ctetnin
1726 1841 1920 1878 gyenercttivcte.

447 1936 525 1966 Circa
539 1937 663 1974 primum
679 1938 717 1966 sic
730 1937 892 1974 proceditur
905 1941 932 1966 et
947 1938 1101 1974 quaeritur,
1117 1941 1214 1966 utrum

367 1984 473 2021 aliquid
495 1987 618 2013 transeat
640 1985 667 2013 in
689 1984 835 2013 veritatem
864 1985 1004 2013 humanae
1027 1988 1143 2013 naturae
1166 1993 1215 2021 per

368 2034 461 2060 aetum
481 2031 676 2069 genet-attone.
701 2031 731 2060 Et
752 2032 826 2068 quod
849 2039 920 2065 non,
943 2031 1072 2060 videtur:

449 2080 472 2107 1.
496 2079 587 2107 Primo
609 2079 775 2108 auctoritate
802 2079 948 2108 doctorum
975 2079 1215 2113 authenticorum,

238 2133 267 2152 Ad
280 2134 355 2157 01111051-
368 2126 497 2155 videlicet
519 2127 640 2163 Magistri
663 2126 869 2155 Sententiarum
885 2129 912 2155 et
935 2126 1063 2163 Hugonis.
1087 2126 1127 2154 Ait
1142 2126 1215 2154 enim

275 2159 318 2175 [um.

367 2173 496 2211 Magister
518 2173 546 2202 in
575 2173 686 2202 littera⁴
713 2173 767 2201 sie:
800 2172 913 2202 «Omne
938 2173 1012 2210 quod
1035 2173 1061 2201 in
1084 2172 1216 2201 humanis

367 2220 532 2257 corporibus
554 2220 719 2249 naturaliter
733 2223 784 2254 est,
799 2219 943 2249 descendit
957 2228 974 2248 a
988 2220 1079 2257 primo
1101 2222 1216 2256 parente

368 2267 428 2305 lege
448 2267 655 2305 propagationis
676 2270 703 2296 et
724 2267 751 2295 in
774 2274 803 2296 se
824 2269 939 2295 auctum
956 2269 983 2295 et
998 2265 1215 2303 multiplicatum

367 2318 416 2349 est,
437 2314 515 2344 nulla
536 2314 668 2344 exteriori
684 2314 840 2343 substantia
862 2314 889 2342 in
906 2314 933 2343 id
956 2316 1154 2342 transeunte».
1178 2313 1215 2345 Si-

367 2361 470 2391 militer
491 2362 623 2399 magister
643 2361 720 2399 Hugo
741 2362 776 2390 de
798 2364 892 2390 saneto
908 2361 1018 2390 Victore
1043 2361 1071 2389 in
1086 2360 1141 2389 fine
1157 2368 1217 2389 sex-

367 2412 410 2438 tae
438 2409 567 2446 partis⁵z
595 2409 668 2438 «De
694 2409 849 2438 substantia
878 2412 985 2443 costae,
1008 2408 1035 2436 in
1064 2415 1093 2436 se
1122 2407 1217 2436 divina

367 2456 470 2485 virtute
490 2456 597 2493 absque
622 2456 781 2485 extrinseco
802 2455 993 2484 additamento
1015 2454 1214 2491 multiplicata,

367 2511 470 2540 eorpus
491 2503 619 2533 mulieris
640 2503 744 2532 factum
766 2506 823 2537 est,
852 2502 1091 2540 quemadmodum
1121 2504 1217 2539 postea

367 2553 497 2578 naturam
526 2551 695 2585 humanam,
723 2559 739 2579 a
768 2551 866 2587 primis
888 2550 1052 2587 parentibus
1074 2550 1100 2578 in
1124 2549 1217 2578 subse-

367 2600 498 2633 quentem
520 2598 727 2634 generationem
749 2598 930 2632 seminatam,
953 2606 968 2625 a
990 2596 1099 2626 modico
1118 2596 1172 2624 iam
1190 2595 1216 2623 in

431 2729 436 2743 ¹
458 2729 511 2758 Cap.
525 2731 545 2752 3.
560 2743 588 2746 —
601 2731 670 2753 Paulo
683 2734 733 2753 ante
752 2732 773 2753 in
787 2734 847 2753 textu
866 2730 969 2759 Hugonis
981 2730 1031 2753 cod.
1045 2731 1063 2753 T
1077 2731 1103 2758 (a
1116 2730 1217 2753 secunda

370 2769 452 2795 manu)
472 2768 636 2792 contrahimus
654 2775 696 2798 pro
715 2769 887 2793 continemus.

432 2806 440 2820 ²
458 2806 511 2829 Dist.
531 2807 567 2830 44.
585 2814 607 2836 p.
625 2809 642 2830 1,
659 2815 678 2830 a.
700 2809 717 2830 1.
736 2812 758 2831 et
775 2809 796 2830 2.

432 2844 441 2859 ³
458 2845 498 2868 Hic
515 2852 533 2868 6.
557 2846 589 2869 14.
608 2853 655 2876 seq.

433 2882 441 2896 4
459 2883 499 2905 llic
514 2890 532 2906 c.
553 2884 585 2906 tt

434 2921 443 2935 5
459 2921 519 2944 Libr.
538 2923 551 2944 1.
570 2929 589 2945 6.
608 2923 643 2945 37.
662 2924 684 2946 ln
702 2927 762 2947 textu
781 2925 846 2947 allato
869 2928 920 2953 post
936 2924 1027 2953 factum
1050 2925 1084 2947 est
1101 2930 1113 2946 a
1131 2924 1216 2946 Bonav.

372 2960 450 2987 plures
461 2962 630 2988 propositiones
642 2963 739 2985 omissae
757 2968 819 2991 sunt,
838 2970 897 2992 quae
914 2965 935 2985 in
953 2964 1056 2991 originali
1074 2963 1217 2992 exhibentur,

373 2997 411 3019 ubi
429 3000 450 3019 et
467 3004 509 3025 pro
526 3004 556 3021 ez
573 3005 598 3021 eo
617 3001 710 3026 (versus
728 3001 796 3023 tinem
814 3001 879 3024 verb.
898 3003 952 3030 citt.)
972 3003 1054 3031 legitur
1072 3008 1102 3027 ea:
1119 3009 1153 3026 eu.

1274 1942 1382 1967 tantum
1405 1939 1617 1976 multiplicatam
1641 1940 1797 1973 cernimus,
1820 1944 1851 1968 111
1873 1940 1961 1969 multa
1976 1940 2122 1969 hominum

1273 1985 1360 2013 millia
1380 1994 1416 2014 ex
1439 1993 1471 2014 eo
1493 1986 1546 2014 iam
1570 1986 1731 2015 excrevisse
1753 1986 1900 2016 videamus
1914 1998 1942 2015 ».

1353 2033 1378 2060 ⁹2.
1401 2032 1483 2067 item,
1507 2033 1558 2061 1106
1579 2033 1672 2070 ipsum
1694 2033 1851 2062 ostenditur
1867 2033 1990 2063 secundo
2005 2035 2123 2063 auotori-

1273 2081 1329 2107 tate
1350 2079 1523 2108 Sanctorum.
1540 2079 1612 2108 Dicit
1626 2080 1699 2108 enim
1715 2080 1862 2109 Anselmus
1877 2080 1903 2108 in
1920 2080 1992 2109 libro
2007 2081 2042 2110 de
2057 2081 2124 2110 Con—

1274 2130 1356 2163 6611111
1379 2126 1522 2163 virginali,
1545 2127 1667 2163 capitulo
1689 2127 1847 2161 seeundo⁶‚
1874 2127 1991 2165 loquens
2014 2128 2049 2157 de
2070 2130 2124 2166 pri-

1274 2173 1327 2201 mis
1349 2173 1529 2210 parentibus:
1558 2173 1657 2209 «Quia
1678 2176 1735 2201 tota
1757 2173 1881 2202 humana
1903 2177 2004 2203 natura
2025 2174 2052 2203 in
2068 2174 2123 2204 illis

1274 2223 1349 2253 erat,
1371 2223 1397 2248 et
1419 2219 1488 2248 nihil
1510 2223 1592 2248 extra
1614 2220 1688 2257 ipsos
1710 2223 1785 2254 erat,
1808 2223 1864 2249 tota
1886 2220 2026 2250 infirmata
2041 2225 2083 2250 est
2097 2225 2124 2251 61

1274 2270 1447 2304 corrupta».
1470 2267 1501 2295 Et
1522 2267 1597 2304 quod
1620 2267 1711 2296 maius
1733 2270 1789 2301 651,
1818 2267 1989 2305 Augustinus
2016 2268 2124 2297 decimo

1274 2321 1359 2350 super
1382 2313 1509 2342 Genesim
1530 2313 1565 2342 ad
1588 2313 1709 2343 litteram
1723 2314 1732 2326 ⁷
1755 2314 1837 2345 dicit,
1857 2315 1931 2352 quod
1947 2322 1997 2344 nos
2018 2315 2124 2345 fuimus

1275 2361 1301 2389 in
1324 2360 1409 2389 Adam
1432 2360 1587 2390 secundum
1610 2361 1755 2390 rationem
1777 2361 1947 2390 seminalem
1976 2366 2003 2391 et
2029 2370 2124 2392 566110-

1275 2407 1343 2436 (11110
1366 2407 1566 2445 corpulentam
1587 2407 1807 2441 sufflationem
1836 2416 1901 2437 oaro
1926 2412 2019 2438 autem
2048 2409 2125 2438 Chri-

1275 2455 1308 2483 sti
1331 2454 1383 2483 fuit
1404 2454 1495 2483 solum
1518 2455 1673 2484 seeundum
1696 2455 1899 2492 corpulentam
1916 2455 2123 2485 substantiam.

1275 2501 1378 2538 Quodsi
1402 2501 1470 2531 haec
1492 2509 1559 2531 vera
1580 2505 1661 2537 sunt,
1687 2502 1762 2540 quod
1785 2505 1841 2531 tota
1863 2511 1928 2532 earo
1949 2507 1976 2532 et
1997 2504 2122 2533 omnium

1274 2552 1451 2585 posterorum
1475 2557 1540 2577 earo
1561 2549 1613 2577 fuit
1634 2549 1660 2577 in
1683 2549 1786 2578 Adam:
1810 2558 1876 2587 ergo
1898 2549 1966 2578 nihil
1989 2550 2124 2580 extrinse-

1275 2602 1339 2624 cum
1361 2602 1411 2632 per
1434 2595 1566 2624 virtutem
1588 2596 1778 2632 generativam
1802 2596 1900 2625 transit
1922 2597 1948 2625 in
1971 2597 2068 2634 ipsam.

1338 2729 1347 2744 ⁶
1366 2730 1408 2752 l’ro
1420 2730 1441 2752 et
1453 2728 1513 2752 nihil
1526 2730 1597 2752 extra
1605 2728 1668 2758 ipsos
1681 2730 1733 2751 erat
1747 2731 1820 2751 textus
1830 2729 1946 2757 originalis
1957 2730 1979 2752 et
1987 2730 2059 2753 extra
2070 2729 2123 2753 illos

1275 2768 1302 2791 de
1319 2767 1361 2791 illa
1378 2767 1439 2791 izilu'l
1454 2769 1512 2791 erat.

1337 2807 1346 2821 ⁷
1363 2806 1418 2835 Cap.
1441 2807 1515 2830 19-21.
1533 2805 1605 2829 Codd.
1628 2810 1650 2830 et
1667 2808 1804 2830 vetustiores
1825 2806 1877 2829 edd.
1897 2807 1932 2829 1116
1951 2813 1995 2829 non
2017 2810 2078 2830 recte
2096 2808 2123 2830 si-

1275 2850 1346 2875 gnant
1363 2847 1446 2869 librum
1463 2852 1566 2875 nonum,
1586 2847 1607 2869 in
1626 2853 1672 2876 quo
1691 2847 1723 2875 (c.
1747 2846 1779 2868 16.
1798 2853 1818 2869 n.
1844 2847 1879 2869 30.
1898 2849 1919 2869 et
1941 2853 1960 2869 6.
1981 2847 2016 2869 Ἰ18.
2034 2853 2056 2869 n.
2075 2846 2122 2875 34.)

1275 2892 1348 2914 pauca
1367 2888 1454 2908 tantum
1466 2887 1602 2914 occurrunt,
1620 2892 1680 2914 quae
1697 2885 1726 2908 ad
1745 2891 1793 2908 rem
1806 2886 1931 2914 pertinent3
1949 2885 1989 2908 sed
2007 2888 2086 2913 postea
2099 2886 2120 2908 in

1275 2930 1337 2952 corp.
1352 2925 1491 2953 quaestionis
1503 2925 1546 2952 ipsi
1559 2930 1653 2953 quoque
1666 2925 1764 2953 allegant
1777 2924 1860 2947 librum
1877 2923 2000 2948 decimum.
2010 2936 2041 2941 —
2051 2924 2120 2947 Paulo

1275 2964 1369 2986 inferius
1387 2963 1464 2986 verbis
1482 2964 1529 2986 tota
1547 2969 1604 2987 caro
1622 2963 1689 2986 codd.
1708 2964 1724 2985 L
1737 2963 1754 2986 Ο
1772 2963 1859 2986 addunt
1871 2963 1989 2991 humana,
2009 2964 2063 2985 etin
2077 2962 2120 2986 fine

1275 3009 1323 3031 arg.
1342 3010 1384 3031 pro
1403 3003 1476 3032 ipsam
1496 3003 1546 3026 Vat.
1564 3003 1680 3026 substituit
1697 3003 1782 3032 ipsunt.
