2243 3425
15 575 16 582 l

15 589 17 601 t

42 619 158 643 Comparatio

33 644 50 662 3.
60 643 159 662 0100110111-

33 667 59 686 sio
72 667 90 685 2.

0 867 1 870 .
14 861 15 866 ¹
52 854 158 873 Restrictio.

36 1282 133 1301 Conclusio
144 1281 161 1299 3,

51 1760 121 1786 5010110
135 1765 166 1783 op-

52 1785 134 1807 positoru
138 1789 160 1801 01,

54 1853 80 1872 No
84 1854 165 1872 laudun..

792 207 873 235 DIST.
897 207 958 235 XLI.
980 206 1052 235 ART.
1075 206 1092 234 1.
1115 206 1251 243 QUAEST.
1275 207 1303 235 lt.

171 284 278 321 gnoscit
304 288 439 319 matrem,
461 285 505 313 vel
527 293 591 313 cuin
615 285 698 313 homo
721 284 898 321 blasphemat
920 285 1018 313 Deum.

173 331 248 360 Unde
271 332 343 360 sicut
363 332 588 369 inseparabiliter
617 331 752 360 adhaeret
770 332 899 368 propria
917 331 1019 368 passio

171 378 308 413 subiecto,
331 379 370 407 sic
391 379 616 415 inseparabiliter
644 378 779 407 adhaeret
808 378 925 406 nictlz‘tt'a
954 378 1020 407 huic

171 425 280 453 actioni.
302 425 358 453 Non
381 429 422 454 est
444 429 536 454 autem
553 425 659 453 malitia
670 425 798 461 propria
816 425 918 461 passio
935 425 1020 453 1111105

171 473 295 507 actionis,
318 476 377 501 tum
394 474 460 510 qnia
475 481 528 500 non
545 472 648 501 dicitur
664 472 698 500 de
714 479 746 500 ea
761 471 986 500 convertibiliter
999 473 1019 505 1,

172 523 231 548 tum
253 521 319 557 quia
340 528 395 549 000
418 520 485 549 dicit
504 519 694 556 posicionem,
717 519 766 547 sed
786 519 993 555 privationem.

250 567 275 595 Si
299 575 366 595 vero
387 570 567 603 comparetur
583 565 688 594 malitia
706 565 741 593 ad
757 565 903 599 actionem,
925 573 1021 594 secun-

173 614 239 643 dum
262 614 337 651 quod
354 613 421 642 tatis
436 613 512 642 actio
528 616 581 647 est,
598 613 636 641 sic
651 615 742 649 potest
758 612 862 640 habere
884 612 1020 640 rationem

172 661 344 690 differentiae
366 659 537 689 essentialis.
559 660 635 688 Sicut
656 659 729 688 enim
752 658 853 687 albedo
868 661 910 687 est
931 666 1023 687 05500-

173 709 245 738 tialis
266 708 371 737 homini
394 707 466 739 albo.
488 707 644 736 secundum
660 706 735 743 0000
758 710 799 734 051
814 705 904 739 albus,
927 713 1023 742 quam-

174 757 214 784 vis
236 764 290 784 non
315 755 350 784 sit
371 754 545 788 essentialis,
568 754 723 783 secundum
747 753 843 790 000οἿ
865 752 961 785 11010ος
984 751 1023 781 510

174 803 278 831 malitia
299 806 341 831 est
362 801 523 830 essentialis
545 801 644 829 actioni
662 800 759 834 malae,
775 799 931 828 secundum
947 798 1022 836 quod

174 849 440 885 [nala—Quamvis
454 852 547 877 autem
561 848 655 885 aliquo
667 847 750 876 modo
766 847 876 875 dicatur
888 846 1023 874 essentia-

174 897 226 930 lis,
249 905 303 925 000
325 899 417 925 tamen
435 896 537 924 dicitur
558 894 734 928 essentialis,
750 894 816 931 quia
838 894 912 922 dicat
927 901 1021 922 veram

174 944 332 978 essentiam,
355 943 402 972 sed
425 946 562 980 quantum
584 942 619 971 ad
650 941 764 970 modum
788 949 817 969 se
839 940 970 969 habendi.
993 940 1024 968 Et

174 992 305 1028 quoniam
336 990 475 1028 quaedam
501 993 566 1018 sunt
594 988 723 1023 nomina,
745 996 818 1025 quae
840 988 1024 1024 imponuntur

174 1039 346 1071 actionibus,
367 1046 422 1066 000
453 1037 610 1066 secundnm
639 1036 714 1073 quod
737 1039 802 1065 sunt
823 1036 946 1064 actiones
968 1038 1025 1063 tan-

175 1089 243 1120 tum,
267 1085 315 1114 sed
337 1084 492 1114 secundum
515 1084 591 1121 01100
613 1087 678 1113 sunt
705 1083 858 1116 deformes,
882 1083 946 1111 hinc
967 1086 1024 1117 est,

174 1133 249 1170 quod
271 1132 337 1161 talia
363 1139 454 1160 «mox
477 1131 618 1159 nominata
640 1130 787 1159 coniuncta
809 1133 873 1158 sunt
892 1129 1024 1163 malo³»;

175 1183 202 1209 et
222 1180 294 1208 sicut
315 1179 427 1208 castitas
450 1179 563 1215 ponitur
578 1178 605 1206 in
628 1185 730 1214 genere
747 1177 810 1206 boni
826 1176 1024 1210 essentialiter,

176 1228 215 1256 sic
236 1227 408 1256 adulterium
432 1230 459 1254 et
475 1225 653 1254 mendacium
669 1226 783 1262 ponitur
800 1225 826 1253 in
842 1232 944 1261 genere
961 1223 1026 1252 mali

176 1274 368 1303 essentialiter.
386 1274 413 1301 ln
428 1273 481 1302 hoc
497 1273 570 1301 enim
586 1281 640 1301 non
659 1272 842 1309 significatur,
865 1271 940 1308 quod
956 1270 1028 1299 defe-

178 1326 238 1350 ctus
260 1322 295 1350 sit
316 1320 472 1350 essentialis
494 1320 618 1354 coctioni,
635 1319 683 1348 sed
707 1319 781 1356 quod
798 1319 923 1347 detectus
938 1325 1028 1346 essen-

179 1368 251 1397 tialis
272 1367 448 1399 0510011001Ἶ
479 1367 635 1396 secundum
664 1366 739 1403 quod
769 1364 920 1402 defectiva.
947 1363 1027 1401 Quod

178 1419 272 1444 autem
295 1415 400 1443 dictum
423 1417 465 1442 est
493 1414 527 1442 de
550 1414 655 1442 malitia
678 1413 779 1441 moris.
802 1413 854 1441 hoc
875 1412 969 1449 ipsum
992 1411 1029 1439 in-

178 1462 361 1499 telligendum
383 1465 424 1490 est
445 1465 472 1490 et
498 1461 532 1489 de
561 1461 692 1489 bonitate.
714 1477 752 1480 —
774 1460 819 1488 His
840 1460 921 1493 visis,
946 1459 1029 1496 plana

179 1514 220 1539 est
241 1510 386 1547 responsio
419 1509 454 1537 ad
486 1508 678 1545 quaestionem
701 1511 727 1536 et
749 1508 832 1536 etiam
854 1507 888 1535 ad
912 1506 1027 1535 obiecta.

179 1557 305 1586 Concedo
334 1557 424 1588 00101.
447 1556 521 1593 0000
554 1556 623 1584 haec
652 1555 752 1583 divisio
774 1554 889 1583 actionis
911 1562 966 1582 000
988 1557 1029 1582 051

180 1613 229 1642 per
244 1604 415 1633 differentias
437 1603 599 1632 essentiales
615 1607 641 1632 et
657 1603 831 1631 intrinsecas.
848 1603 879 1631 Et
894 1602 1028 1636 rationes,

178 1660 250 1690 quae
271 1652 323 1680 1100
345 1651 504 1683 ostendunt.
528 1650 722 1679 concedendae
744 1653 816 1679 sunt.

260 1701 283 1728 1.
307 1699 345 1728 Ad
368 1699 437 1727 illud
461 1698 536 1735 01100
559 1698 708 1732 obiicitur,
731 1698 804 1735 0000
828 1697 956 1726 accidens
984 1704 1030 1734 po—

180 1750 232 1776 test
254 1746 435 1775 transmutari
458 1746 531 1774 circa
566 1745 737 1775 subiectum:
767 1744 931 1778 dicendum,
953 1743 1029 1781 quod

181 1794 249 1822 illud
282 1802 337 1822 non
368 1793 453 1822 habet
482 1793 629 1821 veritatem
651 1793 678 1821 in
701 1792 776 1820 01001
809 1791 951 1820 accidente
979 1799 1029 1819 nec

181 1844 309 1878 respectu
331 1841 537 1877 cuiuscumque
559 1839 686 1874 subiecti,
703 1839 751 1868 sed
768 1842 897 1875 respectu
913 1838 1029 1867 subiecti

178 1888 379 1926 permanentis
400 1892 425 1916 et
445 1887 507 1924 firi.
530 1887 647 1923 Quando
669 1886 742 1915 enim
772 1886 900 1914 accidens
922 1893 1032 1922 compa-

182 1938 260 1963 ratur
287 1935 323 1963 ad
344 1934 459 1971 aliquod
480 1933 693 1967 successivum,
715 1933 767 1961 hoc
789 1933 865 1969 ipso,
888 1932 963 1969 quod
985 1931 1032 1960 ad-

183 1982 279 2011 haeret
300 1982 334 2016 ei,
356 1981 579 2018 inseparabiliter
594 1980 742 2013 adhaeret;
758 1980 824 2017 qnia
845 1979 915 2008 illud
938 1979 1030 2008 statim

183 2029 281 2058 transit
302 2029 330 2057 in
362 2028 545 2065 praeteritum
578 2031 605 2056 et
626 2027 747 2056 efficitur
770 2025 1031 2060 intransmutabile,

182 2080 209 2105 et
230 2077 352 2114 amplius
374 2076 447 2106 idem
470 2083 589 2104 numero
608 2075 713 2104 resumi
735 2082 790 2103 non
814 2077 901 2111 potest
914 2074 934 2101 ⁴.
950 2074 1032 2102 Actus

182 2124 255 2153 enim
277 2127 445 2152 numeratur
466 2122 593 2151 subiecto
615 2126 642 2151 et
665 2126 790 2159 tempore
811 2125 838 2150 et
858 2121 951 2158 specie
973 2121 1031 2149 sive

184 2171 316 2205 termino,
338 2174 364 2199 et
380 2170 454 2203 Ideo,
470 2171 542 2198 sicut
556 2174 598 2199 est
612 2170 685 2198 alius
700 2173 787 2203 actus,
803 2169 884 2197 cuius
899 2173 940 2197 est
955 2168 1031 2197 aliud

183 2218 351 2254 principium
384 2221 411 2246 et
442 2217 514 2245 alius
547 2217 698 2249 terminus;
721 2217 759 2245 sic
781 2220 822 2245 est
843 2216 915 2244 alius
937 2219 1032 2246 actus.

183 2265 264 2293 cuius
285 2268 327 2293 est
349 2272 482 2292 mensura
510 2264 587 2292 aliud
617 2267 643 2292 et
674 2263 750 2291 aliud
781 2267 903 2299 tempus,
926 2263 1034 2291 interci-

184 2312 260 2340 sione
281 2315 308 2339 et
323 2311 503 2339 renovatione
518 2310 590 2339 facta
605 2310 632 2338 in
648 2310 708 2347 ipso
723 2313 798 2338 actu:
815 2313 842 2338 et
862 2310 923 2338 ideo
939 2317 1034 2346 quam-

185 2359 226 2387 vis
249 2357 336 2386 motui
359 2357 466 2386 accidat
489 2357 568 2385 velow
590 2360 617 2385 et
639 2357 777 2389 cardina,
802 2359 892 2384 lamen
925 2359 1033 2389 motus,

184 2406 231 2443 qui
260 2408 302 2434 est
333 2404 431 2437 velox,
465 2404 621 2432 secundum
643 2411 703 2431 eam
727 2405 853 2439 partem.
877 2402 1033 2430 secundum

186 2460 271 2490 quam
294 2456 335 2481 est
355 2451 453 2483 velox,
484 2458 630 2487 nunquam
658 2453 747 2486 potest
769 2457 830 2477 esse
853 2449 967 2476 lardus.
991 2447 1033 2476 Sic

184 2503 211 2528 et
232 2499 259 2527 in
281 2499 423 2536 proposito
445 2501 486 2526 est
509 2497 729 2534 intelligendum.

1871 208 1923 236 941

1156 286 1181 313 ⁹2.
1205 285 1243 313 Ad
1267 285 1336 314 illud
1358 285 1433 322 0000
1449 285 1587 320 obiicitur,
1603 285 1678 322 0000
1694 285 1847 315 accidentia
1862 289 1928 315 sunt

1077 331 1175 361 saltem
1197 332 1365 369 separabilia
1386 333 1529 361 intellectu
1542 332 1565 366 ⁵3
1588 333 1748 368 dicendum,
1769 333 1844 370 quod
1860 342 1929 362 nun-
1941 339 2056 358 Notandum·

1077 387 1161 415 quain
1185 379 1290 407 malitia
1311 379 1350 408 sic
1371 379 1505 408 adhaeret
1526 380 1608 408 alicui
1625 380 1734 414 actioni,
1750 380 1815 417 quin
1839 389 1929 409 essen-

1078 426 1120 454 tia
1143 426 1218 454 illius
1234 427 1350 455 actionis
1364 427 1452 463 possit
1466 431 1577 464 praeter
1596 427 1728 456 malitiam
1745 428 1926 457 considerari.

1077 472 1146 500 Cum
1169 474 1243 501 enim
1266 473 1328 501 dico
1350 473 1493 501 actionem
1508 474 1631 507 malam,
1647 477 1674 503 et
1689 474 1750 503 dico
1773 475 1926 509 actionem,

1077 522 1104 547 et
1125 519 1187 547 dico
1210 519 1368 556 defectum;
1388 524 1414 549 et
1436 524 1590 558 utrumque
1612 529 1662 558 per
1684 529 1713 550 se
1735 522 1845 550 divisim
1868 530 1928 560 pos-

1078 573 1141 594 sum
1163 567 1351 596 considerare.
1373 567 1521 599 Similiter,
1543 576 1608 596 cum
1631 569 1692 598 dico
1714 570 1857 598 actionem
1879 569 1929 598 ltu-

1078 613 1220 647 iusmodi,
1243 617 1270 642 et
1291 614 1435 642 actionem
1457 614 1546 649 lianc,
1563 615 1619 644 duo
1634 616 1708 650 dico,
1725 617 1790 653 quia
1811 620 1838 645 et
1853 625 1929 646 mon-

1080 663 1137 688 stro
1160 660 1248 697 ipsam
1277 660 1476 689 substantiam
1504 665 1532 690 et
1562 663 1645 691 etiam
1673 663 1851 698 accidentia,
1873 664 1928 693 sub

1080 706 1184 743 quibus
1206 707 1363 736 substantia
1384 708 1444 744 ipsa
1466 709 1554 737 oculis
1580 709 1672 738 carnis
1694 710 1738 738 vel
1760 711 1861 739 mentis
1883 711 1929 739 ha-

1080 753 1126 782 bet
1148 761 1208 782 esse
1231 754 1394 791 (00511100οι
1416 758 1442 783 01
1463 764 1551 783 110001
1568 759 1659 792 potest
1673 761 1784 793 praeter
1806 758 1927 787 alterum

1080 800 1252 828 considerari
1274 805 1300 829 et
1323 801 1447 838 intelligi.
1471 802 1574 829 Malitia
1601 807 1695 831 autem
1718 811 1772 831 non
1793 804 1929 833 adhaeret

1081 847 1305 883 inseparabiliter
1337 849 1437 876 actioni
1469 849 1555 877 huius
1587 850 1759 878 substantiae
1789 851 1832 879 vel
1853 851 1929 880 illius

1081 893 1188 922 ratione
1210 894 1394 923 substantiae
1418 894 1603 929 substratae,
1630 896 1679 924 sed
1708 897 1801 932 potius
1823 898 1929 926 ratione

1073 941 1272 977 proprietatis
1300 941 1344 969 vel
1370 941 1524 979 qualitatis
1551 943 1776 980 superadditam
1805 947 1832 972 et
1859 945 1931 973 sicut

1082 987 1239 1017 substantia
1260 988 1308 1017 illa
1328 993 1438 1026 poterat
1460 990 1573 1026 intelligi
1598 990 1657 1018 sine
1679 990 1726 1018 illa
1749 991 1928 1027 proprietate,

1082 1035 1120 1063 sic
1142 1038 1169 1063 et
1190 1035 1261 1064 actio
1284 1035 1342 1064 sine
1363 1036 1477 1064 malitia.

1162 1082 1187 1110 3.
1210 1083 1249 1111 Ad
1271 1083 1342 1111 illud
1364 1084 1438 1120 quod
1468 1084 1614 1119 obiicitur,
1636 1085 1712 1122 quod
1733 1085 1835 1122 aliquis
1857 1085 1933 1113 habi-

1083 1132 1128 1158 tus
1149 1133 1191 1159 est
1212 1130 1398 1159 essentialiter
1421 1131 1524 1165 bonus,
1547 1135 1573 1160 et
1595 1132 1718 1169 aliquisS
1738 1136 1780 1160 est
1801 1132 1931 1160 essentia-

1083 1177 1146 1206 liter
1169 1178 1275 1212 malus,
1309 1178 1469 1213 dicendum,
1502 1179 1576 1215 quod
1610 1180 1658 1208 etsi
1693 1179 1804 1208 concedi
1828 1180 1930 1216 possit,

1083 1224 1205 1262 aliquem
1228 1224 1356 1253 habitum
1382 1225 1567 1254 essentialiter
1589 1234 1649 1254 esse
1672 1226 1798 1259 boumn,-
1818 1234 1872 1254 non
1895 1229 1932 1255 ta·
1945 1237 2060 1256 Notandum.

1084 1279 1148 1300 men
1171 1272 1284 1300 concedi
1313 1271 1410 1306 debet,
1442 1272 1563 1309 aliquem
1594 1273 1721 1301 habitum
1747 1273 1931 1302 essentialiter

1084 1327 1145 1348 esse
1165 1319 1289 1353 mettum,
1312 1319 1467 1348 secundum
1490 1320 1565 1356 01100
1587 1324 1628 1349 051
1650 1320 1771 1349 habitus.
1793 1320 1860 1348 Nam
1884 1319 1933 1349 lict-

1086 1366 1178 1400 bitus,
1201 1366 1356 1395 secundum
1379 1366 1455 1403 quod
1478 1367 1598 1401 habitus,
1620 1367 1686 1396 dicit
1707 1375 1756 1396 ens
1777 1370 1804 1396 et
1818 1367 1932 1395 bonum.

1085 1414 1165 1450 Quod
1188 1422 1254 1450 ergo
1276 1414 1335 1451 ipse
1356 1413 1450 1442 obiicit
1471 1414 1506 1443 de
1528 1414 1644 1442 avaritia
1676 1419 1702 1443 et
1735 1414 1856 1447 lascivia,
1878 1422 1932 1443 non

1086 1461 1174 1493 valet,
1197 1462 1262 1498 quia
1284 1461 1445 1489 huiusmodi
1469 1469 1523 1489 non
1552 1464 1617 1489 sunt
1644 1462 1756 1489 nomina
1785 1461 1933 1489 habituum

1085 1509 1207 1540 animae,
1223 1508 1378 1537 secundum
1395 1508 1469 1545 quod
1485 1512 1551 1536 sunt
1566 1507 1696 1541 habitus,
1713 1508 1762 1537 sed
1778 1508 1933 1536 secundum

1086 1556 1161 1593 quod
1184 1560 1249 1584 sunt
1270 1554 1415 1591 deformes
1430 1559 1457 1584 et
1472 1554 1613 1592 defectivi.
1631 1555 1703 1583 Licet
1718 1558 1812 1583 autem
1829 1555 1935 1583 malitia

1085 1611 1140 1631 000
1163 1602 1198 1631 511
1219 1602 1374 1631 essentialis
1388 1602 1496 1630 habitui
1509 1625 1515 1636 ‚
1531 1602 1687 1630 secundum
1709 1602 1784 1639 quod
1799 1605 1841 1630 est
1856 1601 1936 1630 liabi-

1087 1654 1146 1683 103,
1163 1652 1254 1687 potest
1267 1652 1360 1678 tamen
1375 1649 1398 1678 ei
1415 1657 1476 1678 esse
1491 1649 1658 1683 essentialis,
1684 1649 1839 1678 secundum
1860 1649 1936 1686 0000

1086 1697 1253 1734 defectivus.
1283 1697 1321 1725 lta
1342 1697 1425 1726 etiam
1448 1697 1581 1733 contingit
1602 1697 1727 1733 reperire
1743 1696 1816 1725 circa
1830 1699 1935 1725 actum.

1166 1745 1193 1773 li.
1215 1744 1253 1773 Ad
1276 1744 1346 1773 illud
1369 1743 1444 1781 0000
1466 1743 1615 1778 obiicitur,
1645 1743 1720 1780 0000
1750 1743 1823 1771 11000
1845 1743 1872 1771 10
1894 1750 1937 1779 ge-

1086 1799 1153 1820 nere
1174 1791 1326 1828 respondet
1348 1790 1452 1819 honum
1476 1791 1503 1818 in
1526 1790 1626 1827 specie,
1648 1794 1675 1818 et
1690 1789 1764 1818 malo
1785 1789 1812 1817 in
1836 1797 1937 1826 genere

1087 1839 1228 1869 similiter:
1251 1838 1410 1872 dicendum,
1433 1838 1506 1875 quod
1531 1837 1636 1866 malum
1652 1838 1679 1865 in
1696 1845 1797 1874 genere
1820 1837 1877 1866 sive
1893 1837 1938 1865 110-

1088 1894 1155 1914 011111
1178 1893 1231 1913 000
1255 1885 1357 1914 01011οΓ
1376 1885 1515 1922 proprie,
1531 1885 1606 1922 quod
1622 1885 1657 1913 sit
1679 1892 1782 1921 genus.
1805 1885 1854 1913 sed
1877 1892 1938 1921 pro-

1088 1936 1150 1969 pter
1181 1932 1322 1969 quandam
1355 1930 1608 1968 conformitatem,
1642 1939 1728 1969 quam
1756 1932 1839 1960 habet
1872 1938 1937 1959 cum

1088 1988 1189 2016 genere
1212 1980 1239 2007 in
1260 1980 1328 2014 hoc,
1357 1979 1432 2016 0000
1462 1979 1529 2008 01011
1551 1979 1691 2016 quandam
1721 1978 1870 2015 potentiam
1900 1978 1938 2006 in-

1089 2027 1262 2056 differentem
1285 2027 1320 2055 ad
1343 2027 1410 2061 hoc,
1432 2027 1505 2064 quod
1528 2026 1577 2055 fiat
1593 2026 1733 2055 meritorie
1756 2025 1799 2053 vel
1821 2025 1937 2053 demeri-

1089 2075 1174 2107 torie;
1196 2077 1223 2103 et
1252 2074 1320 2102 dum
1342 2082 1392 2111 per
1421 2073 1645 2102 circumstantias
1674 2072 1871 2109 superadditas
1894 2072 1938 2100 de-

1089 2122 1265 2156 terminatur,
1288 2121 1409 2158 quodam
1433 2121 1516 2149 01000
1530 2120 1717 2157 specificatur
1731 2120 1749 2147 ⁷.
1765 2119 1822 2147 Non
1845 2123 1937 2147 tamen

1090 2169 1206 2199 malum.
1228 2168 1383 2197 secundum
1406 2168 1480 2204 quod
1505 2167 1620 2201 malum,
1643 2167 1727 2195 habel.
1747 2166 1854 2203 spectes
1871 2173 2066 2202 pro-notandum.

1087 2216 1189 2252 prius,
1212 2224 1262 2251 pro
1285 2223 1317 2243 eo
1340 2214 1414 2251 quod
1438 2214 1608 2251 privationes
1629 2221 1683 2242 000
1706 2213 1811 2242 suntin
1836 2220 1938 2249 genere

1090 2263 1140 2291 nisi
1166 2271 1215 2298 per
1237 2262 1379 2299 quandam
1400 2261 1606 2289 reductionem.
1630 2260 1707 2289 Unde
1729 2259 1897 2296 specificatio
1912 2262 1939 2288 et

1090 2310 1230 2337 distinctio
1252 2308 1390 2336 malorum
1416 2311 1464 2336 aut
1479 2308 1632 2336 attenditur
1652 2307 1758 2335 ratione
1774 2306 1846 2339 boni,
1862 2306 1938 2342 0000

1091 2356 1219 2392 privatur
1242 2362 1291 2391 per
1313 2354 1435 2388 malum,
1450 2356 1498 2381 aut
1514 2353 1620 2382 ratione
1635 2353 1708 2386 boni,
1724 2353 1759 2381 ad
1781 2352 1853 2389 quod
1872 2351 1937 2388 0015

1091 2401 1263 2430 convertitur
1286 2401 1312 2429 in
1344 2404 1408 2429 actu
1440 2400 1553 2437 peccati.
1578 2400 1608 2428 Et
1629 2400 1714 2428 huius
1746 2400 1857 2436 signnm
1879 2402 1936 2433 est,

1091 2448 1164 2484 quod
1188 2451 1300 2484 peccata
1321 2455 1375 2475 non
1405 2447 1617 2483 distinguuntur
1639 2454 1724 2483 penes
1746 2446 1940 2480 aversionem,

1092 2495 1139 2523 sed
1163 2502 1248 2531 penes
1269 2494 1509 2523 conversionem&

251 2656 257 2669 1
276 2656 374 2680 Aristot,
392 2656 406 2677 l.
425 2656 505 2683 Topic.
524 2661 544 2677 c.
563 2654 583 2676 4.
610 2655 651 2677 ait:
674 2654 795 2682 Proprium
818 2657 894 2675 11111001
918 2656 950 2675 est
972 2653 1036 2681 quod

187 2702 230 2717 non
249 2695 333 2717 indicat
349 2694 407 2724 quid
422 2696 455 2717 est
472 2700 520 2717 esse.
539 2693 701 2722 [essentiain],
719 2693 760 2715 soli
783 2695 859 2715 autem
877 2693 935 2714 inest
951 2695 1035 2714 01000-

187 2735 272 2756 versim
290 2734 436 2762 praedicatur
454 2734 481 2755 de
499 2740 531 2755 re.

249 2774 258 2787 ‘³
277 2773 349 2796 Codd.
368 2773 385 2794 T
399 2773 430 2794 bb
449 2777 470 2794 et
488 2772 590 2794 nonnulli
608 2772 644 2793 alii
662 2772 698 2793 hic
715 2771 818 2793 inserunt
835 2771 874 2792 est.

251 2811 260 2826 3
278 2813 377 2836 AriStot..
396 2812 418 2833 ll.
436 2812 506 2832 Ethic.
525 2817 543 2832 c.
562 2811 587 2837 6;
605 2810 659 2832 vide
677 2812 731 2832 toni.
749 2810 763 2831 1.
782 2816 835 2837 pag.
852 2809 880 2830 32
892 2827 897 2836 ,
916 2813 967 2831 nota
984 2809 1003 2830 6.

252 2851 260 2865 ⁴
279 2850 323 2873 Csr.
343 2851 356 2872 l.
374 2851 435 2872 Sent.
454 2850 474 2871 d.
499 2849 534 2871 4⁶2.
553 2856 574 2877 q.
598 2850 618 2871 3.
637 2850 658 2871 in
676 2855 740 2876 corp.
759 2852 780 2871 et
801 2848 823 2870 (1.
843 2847 878 2870 44.
898 2854 917 2870 a.
936 2848 956 2870 2.
975 2854 996 2876 q.
1020 2849 1036 2870 l.

192 2891 252 2918 Tria,
271 2896 330 2918 quae
342 2890 492 2918 requiruntur
503 2888 531 2910 ad
545 2889 653 2910 unitatem
666 2890 755 2914 motus,
775 2887 886 2909 docentur
898 2888 925 2908 ah
938 2888 1036 2914 Aristot„

191 2931 218 2951 Y.
236 2930 302 2957 phys.
321 2933 372 2951 text.
392 2928 428 2950 31.
447 2934 511 2956 seqq.
530 2927 558 2955 (c.
578 2927 616 2954 4.).
628 2939 660 2943 -
673 2927 741 2949 Paulo
759 2926 852 2948 inferius
870 2932 911 2954 pro
924 2927 957 2949 est
973 2932 1038 2949 men-

189 2975 248 2992 sura
261 2967 328 2991 aliud
342 2969 363 2990 et
374 2966 441 2990 alind
458 2968 549 2995 tenipus
561 2966 622 2993 edd.⁷
635 2968 728 2994 excepta
746 2966 763 2993 ly
780 2967 815 2988 est
825 2971 939 2988 mensura
957 2965 1006 2988 αίὶα
1017 2966 1038 2988 et

190 3007 258 3030 alliis!
270 3009 372 3036 tempus,
390 3006 456 3028 codd.
476 3006 493 3027 T
504 3012 530 3028 00
548 3010 567 3027 vt
582 3006 617 3027 ulii
636 3006 669 3028 est
686 3011 799 3027 mensura
817 3008 837 3027 et
855 3004 922 3027 alim]
939 3006 1037 3034 tempus.

1155 2652 1165 2666 ⁵
1183 2652 1238 2674 Cod.
1257 2652 1274 2673 T
1298 2650 1429 2674 secundnm
1451 2650 1606 2678 intellectum,
1631 2651 1680 2673 Vat.
1704 2650 1728 2673 iot
1750 2650 1875 2673 intellectu.
1899 2651 1942 2672 Pro

1093 2693 1150 2714 sunt
1172 2691 1239 2713 codd.
1262 2691 1306 2713 VZ
1328 2693 1349 2712 et
1371 2690 1407 2712 ed.
1432 2691 1444 2712 2
1468 2689 1554 2713 liabent
1576 2696 1636 2718 esse,
1660 2690 1696 2712 ed.
1721 2690 1733 2712 3
1756 2691 1856 2719 possunt
1878 2695 1940 2718 esse,
1979 2706 1985 2712 .

1095 2731 1144 2752 Vnt.
1168 2730 1282 2753 ‹licuntur-
1304 2735 1359 2752 essc.
1378 2742 1399 2745 —
1425 2729 1456 2751 De
1480 2729 1591 2752 solutione
1614 2730 1683 2752 liuius
1706 2729 1787 2752 obieci.
1811 2730 1851 2751 cfr.
1869 2736 1940 2757 supra

1095 2770 1116 2791 d.
1135 2769 1171 2791 34..
1196 2777 1215 2791 a.
1234 2770 1254 2791 2.
1273 2776 1294 2797 q.
1314 2770 1337 2794 2:
1360 2768 1383 2791 d.
1402 2769 1438 2791 35.
1457 2775 1476 2790 a.
1496 2769 1515 2790 l.
1534 2776 1556 2797 q.
1575 2769 1599 2796 Ἰς
1622 2769 1644 2791 d.
1663 2769 1698 2791 37.
1718 2775 1737 2791 a.
1764 2770 1780 2791 l.
1799 2776 1821 2798 q.
1843 2770 1860 2791 l.
1883 2773 1905 2792 et
1922 2775 1942 2792 a.

1095 2810 1115 2831 2.
1134 2815 1155 2837 (1.
1178 2810 1194 2830 1.

1156 2848 1165 2862 6
1185 2849 1205 2870 10
1224 2848 1329 2875 plurimis
1352 2847 1419 2870 codd.
1438 2851 1460 2870 et
1476 2847 1511 2869 ed.
1532 2849 1540 2869 Ἰ
1563 2847 1626 2870 deest
1643 2847 1745 2877 aliquis‚·
1768 2848 1790 2869 in
1808 2847 1861 2870 edd.
1880 2848 1905 2875 2,
1929 2848 1942 2870 3

1096 2887 1238 2909 desideratur
1255 2888 1290 2909 cst
1305 2886 1459 2909 essentialiter
1477 2886 1559 2914 bonus,
1579 2887 1601 2909 et
1617 2886 1711 2916 aliquis.

1157 2926 1166 2940 ⁷
1184 2925 1228 2948 Cir.
1246 2932 1316 2953 supra
1335 2925 1358 2947 d.
1375 2925 1411 2947 36.
1430 2925 1486 2947 dub.
1504 2925 1525 2947 5.
1547 2925 1579 2948 De
1597 2931 1661 2954 seqq.
1679 2926 1719 2947 cfr.
1737 2932 1807 2953 supra
1826 2925 1848 2947 0.
1867 2924 1904 2947 34.
1922 2931 1942 2947 a.

1096 2966 1116 2987 2.
1135 2972 1157 2994 q.
1176 2965 1196 2987 3.
1214 2964 1244 2987 ad
1261 2965 1282 2986 2.
1295 2963 1400 2987 —Circa
1419 2964 1487 2986 finem
1506 2964 1572 2986 solut.
1591 2964 1640 2986 Vat.
1660 2968 1682 2987 et
1697 2964 1749 2987 edd.
1769 2964 1793 2992 3,
1812 2964 1825 2986 4
1838 2965 1944 2986 omittunt

1093 3005 1197 3033 peccata.
1388 3003 1398 3018 8
1416 3003 1474 3025 Vide
1492 3004 1595 3025 scholion
1613 3003 1642 3025 ad
1659 3003 1836 3031 praecedentem
1854 3006 1942 3032 quaest.
