2243 3425
716 184 799 212 DIST.
822 184 874 212 XX.
898 184 969 213 ΛΒΤ.
994 184 1109 213 UNICUS
1130 185 1264 221 QUAEST.
1288 185 1304 213 l.

1830 187 1889 214 477

440 327 879 376 COMMENTARIUS
915 327 976 375 [N
1009 327 1450 376 DISTINCTIONEM
1484 328 1577 377 XX.

753 462 798 494 De
824 463 1032 506 procreatione
1058 463 1254 507 posteritatis.

554 579 623 607 Post
645 578 714 607 staec
736 579 894 607 indendam
916 583 973 612 est,
996 579 1122 617 qualiter
1141 580 1236 616 primi
1253 584 1391 617 parentes
1414 585 1464 610 etc.

867 677 990 706 DtVlsto
1011 678 1149 707 TEXTUS.

209 788 300 825 Supra
321 788 376 825 egit
391 787 520 824 Magister
535 788 570 816 de
585 788 732 817 duratione
748 788 978 821 immortalitatis3

130 836 158 864 in
179 836 232 864 hac
254 838 332 872 parte
353 835 409 872 agit
441 835 475 863 de
504 835 696 872 procreatione
724 835 907 872 posteritatis:
936 835 979 863 vel

128 883 220 917 aliter,
249 886 276 911 et
306 883 333 910 in
366 882 440 910 idem
473 882 561 916 redit,
594 890 681 919 supra
702 882 756 919 egit
779 882 813 911 de
835 890 980 911 conserva-

129 929 204 958 tione
235 929 386 963 individui3
419 929 463 957 bic
491 929 548 966 agit
570 929 604 957 de
626 929 835 957 conservatione
858 928 978 966 speciei,

129 984 202 1014 qnae
223 976 338 1014 quidem
360 979 401 1005 est
422 984 473 1013 per
504 976 627 1004 filiorum
651 976 881 1013 procreationem.
907 975 980 1004 Divi-

131 1024 207 1052 ditur
223 1026 316 1052 autem
334 1031 398 1060 pars
420 1023 473 1052 ista
487 1023 515 1051 in
532 1027 625 1060 partes
647 1026 712 1051 tres.
735 1023 762 1051 ln
779 1023 870 1060 prima
892 1023 981 1051 deter-

129 1071 232 1105 minat,
255 1070 375 1108 qualiter
396 1070 478 1106 primi
502 1073 630 1106 parentes
646 1070 717 1099 filios
733 1073 935 1107 procreassent.
951 1070 978 1098 ln

131 1117 255 1146 secunda
277 1117 459 1151 determinat,
481 1117 578 1154 quales
595 1117 643 1145 filii
659 1121 850 1151 nascerentur,
873 1117 924 1145 ibi:
948 1117 981 1146 Si·

130 1173 198 1193 vero
220 1164 386 1202 quaeritur,
408 1164 524 1202 quales,
546 1164 574 1192 si
593 1173 652 1192 non
674 1168 841 1201 peccassent
870 1167 921 1193 etc.
952 1165 977 1193 ln

131 1212 212 1240 tertia
229 1212 350 1240 breviter
365 1211 494 1248 epilogat,
516 1220 587 1248 qnae
603 1212 857 1248 praedeterininata
871 1212 879 1227 ¹
902 1216 980 1246 sunt,

130 1260 184 1289 ibi:
214 1259 293 1288 Talis
324 1263 388 1288 erat
414 1258 540 1288 lionzz'nts
568 1259 710 1287 institutio
732 1263 799 1288 (tute
818 1264 980 1297 peceatum.
1009 1280 1011 1293 ι

1116 787 1209 816 Prima
1231 796 1296 824 pars
1317 788 1402 816 habet
1428 788 1507 817 duas.
1541 788 1568 818 ln
1599 789 1689 826 prima
1721 790 1890 819 determinat

1037 835 1071 864 de
1094 835 1176 863 modo
1199 835 1394 872 generationis.
1416 835 1445 863 In
1468 835 1591 864 secunda
1613 836 1647 865 de
1664 840 1788 873 tempore
1804 841 1891 866 trans-

1038 882 1160 916 lationis,
1182 882 1231 910 ibi:
1257 882 1296 910 De
1312 882 1434 910 termino
1452 891 1517 910 nero
1541 883 1695 919 temporis,
1717 892 1772 921 qno
1797 887 1892 912 trans-

1036 928 1188 966 ferrentur
1220 932 1270 958 etc.
1303 929 1436 958 Similiter
1468 929 1592 958 secunda
1625 937 1691 967 pars
1728 930 1891 967 principalis

1038 976 1121 1004 habet
1147 976 1225 1004 duas.
1249 976 1277 1004 In
1300 976 1391 1013 prima
1414 976 1595 1011 determinat,
1625 977 1722 1014 quales
1748 985 1892 1006 nasceren-

1038 1027 1083 1051 tur
1106 1023 1153 1051 filii
1187 1026 1323 1060 quantum
1355 1022 1390 1051 ad
1424 1031 1534 1060 corpus.
1557 1023 1586 1051 ln
1620 1024 1760 1059 secunda,
1794 1024 1891 1062 quales

1037 1074 1220 1099 nascerentur
1252 1073 1386 1107 qnantum
1417 1070 1453 1099 ad
1475 1070 1610 1105 animam,
1634 1070 1686 1099 ibi:
1711 1072 1745 1099 Et
1767 1080 1835 1099 eum
1858 1071 1891 1100 (Ze

1039 1126 1160 1155 corpore
1191 1117 1321 1146 humano
1350 1126 1408 1146 non
1429 1118 1468 1146 δίε
1498 1118 1665 1146 absurdum
1691 1122 1741 1147 etc.
1765 1118 1889 1147 Aliarum

1038 1165 1161 1202 partium
1185 1165 1390 1194 subdivisiones
1409 1169 1436 1194 et
1451 1166 1620 1194 continentia
1636 1165 1781 1195 manifesta
1794 1166 1803 1179 ²
1827 1169 1892 1195 sunt

1041 1213 1066 1241 in
1091 1213 1191 1241 littera.

785 1358 973 1386 TRACTATIO
994 1358 1238 1394 QUAESTIONUM.

211 1455 249 1483 Ad
272 1455 482 1491 intelligentiam
505 1458 599 1484 autem
623 1455 708 1484 buius
730 1456 827 1492 partis,
850 1464 922 1493 quae
940 1459 982 1485 est

130 1503 167 1532 de
188 1502 380 1540 procreatione
397 1502 549 1530 liberorum
574 1503 598 1530 in
615 1505 688 1531 statu
705 1502 886 1537 innocentiae,
901 1511 983 1540 qnae-

133 1550 197 1578 dam
221 1549 348 1578 incidunt
369 1549 542 1578 dubitabilia.

213 1597 243 1625 Et
265 1597 356 1634 primo
389 1597 550 1633 quaeritur,
584 1601 681 1625 utrum
711 1597 737 1625 in
759 1600 834 1625 statu
858 1598 983 1626 innocen-

132 1645 186 1673 tiae
207 1644 306 1673 fuisset
328 1651 450 1672 sexuum
473 1644 645 1672 commixtio.

211 1691 353 1725 Secundo,
376 1694 472 1719 utrum
495 1691 522 1719 in
546 1691 592 1719 illa
620 1691 818 1720 commixtione
841 1695 913 1720 esset
945 1700 984 1720 se-

133 1739 240 1767 minum
263 1738 375 1767 decisio.

212 1786 319 1819 Tertio,
341 1789 438 1814 utrum
463 1786 487 1813 in
521 1786 568 1814 illa
601 1786 715 1814 seminis
743 1786 881 1815 decisione
911 1789 983 1815 esset

1040 1456 1230 1485 delectationis
1250 1457 1378 1486 intensio.

1119 1504 1224 1540 Quarto
1246 1505 1408 1541 quaeritur,
1441 1508 1537 1533 utrum
1572 1505 1598 1533 in
1625 1505 1672 1533 illa
1694 1506 1893 1534 commixtione

1040 1554 1113 1578 esset
1134 1550 1300 1587 integritatis
1322 1551 1474 1588 corruptio.

1120 1597 1222 1633 Quinto
1244 1598 1405 1634 quaeritur,
1434 1601 1530 1626 utinm
1564 1598 1590 1626 in
1622 1599 1696 1626 omni
1725 1598 1799 1627 coitu
1822 1602 1895 1627 esset

1042 1644 1128 1681 prolis
1150 1644 1299 1681 generatio.

1120 1691 1204 1720 Sexto
1226 1692 1387 1729 quaeritur,
1411 1696 1507 1720 utrum
1531 1692 1655 1729 aequalis
1685 1694 1756 1721 esset
1780 1700 1828 1729 per
1851 1700 1894 1729 ge-

1042 1738 1215 1767 nerationem
1238 1739 1429 1768 masculorum
1452 1743 1479 1767 et
1500 1739 1668 1768 feminarum
1690 1739 1894 1776 multiplic-atio.

802 1894 1036 1927 ARTICULUs
1062 1893 1223 1927 UNICUS.

608 1988 647 2015 De
666 1987 873 2024 procreatione
895 1987 1053 2015 liberemini
1078 1987 1108 2015 in.
1127 1991 1208 2015 ,stunt
1232 1987 1420 2015 introcentt'ae.

912 2097 1078 2134 QUAESTIO
1100 2098 1117 2125 1.

545 2185 650 2213 Utrum.
672 2184 703 2213 in
724 2188 804 2213 statu
828 2184 1008 2213 innocentiae
1028 2183 1134 2221 fnisset
1155 2193 1281 2212 vscaritunz
1304 2184 1481 2213 commixtio.

164 2317 166 2319 v
213 2283 291 2312 Circa
306 2283 431 2319 primum
445 2282 484 2311 sic
496 2282 660 2319 proceditur
675 2286 701 2311 et
716 2282 883 2316 ostenditur,
898 2282 983 2318 qnod.

134 2330 157 2359 si
179 2330 263 2358 homo
284 2330 417 2363 stetisset,
442 2330 512 2358 tacta
533 2333 606 2358 esset
629 2337 750 2357 sexuum
775 2329 950 2356 commixtio:

217 2378 242 2404 l.
266 2377 356 2405 Primo
371 2385 421 2414 per
444 2380 552 2405 textum
569 2377 682 2405 Genesis
700 2375 823 2404 secundo
836 2375 857 2402 ³:
882 2375 986 2403 Facta-

0 2432 203 2452 runciamenmmm
225 2424 252 2451 ei
272 2424 458 2452 [alduterium
478 2423 572 2451 sinzile
600 2423 664 2450 sthi.
687 2422 740 2450 Sed
764 2422 805 2449 vir
836 2430 888 2449 non
918 2421 985 2449 indi—
1013 2440 1015 2454 2

135 2472 217 2508 gebat
245 2471 385 2499 adiutorio
417 2470 542 2499 mulieris
576 2470 627 2498 nisi
660 2472 797 2506 quantum
829 2469 983 2497 adactum

137 2518 332 2555 generationis.
355 2526 405 2546 nec
427 2521 555 2554 poterant
577 2517 661 2546 simul
690 2516 811 2552 aliquem
836 2522 985 2551 generare,

136 2565 187 2593 nisi
212 2565 295 2593 siinnl
318 2565 582 2593 ‹·Otltti]iscereritttt·:
606 2572 672 2600 ergo
693 2567 743 2591 etc.

216 2614 241 2639 ζ).
265 2612 347 2643 ltem,
371 2612 540 2648 Augustinus
563 2611 671 2639 decimo
693 2613 793 2647 qtnirto
815 2609 849 2637 ile
871 2609 986 2637 Civitate

136 2658 221 2687 Dei⁴2
248 2659 407 2696 «Quisquis
429 2658 510 2693 dicit,
533 2666 586 2686 non
619 2658 756 2687 coituros,
788 2664 842 2684 nou
875 2664 987 2692 genera-

138 2709 215 2734 turos
248 2706 389 2739 homines,
424 2705 474 2734 nisi
509 2708 685 2742 peccassent,
715 2703 783 2740 quid
806 2702 880 2731 alind
905 2703 985 2737 dicit,

138 2753 189 2780 nisi
213 2755 327 2788 propter
350 2752 579 2780 numerositatem
602 2752 766 2779 Sanctorum
795 2750 984 2778 necessarium

1042 2281 1127 2310 fuisse
1150 2284 1337 2318 peccatum»?
1362 2282 1431 2318 Ergo
1453 2282 1473 2310 si
1498 2283 1549 2311 boc
1564 2287 1606 2311 est
1630 2282 1829 2311 inconveniens
1852 2290 1897 2318 po-

1044 2336 1125 2362 nere,
1156 2329 1263 2357 etiamsi
1292 2329 1374 2356 bomo
1405 2337 1457 2357 non
1490 2333 1644 2366 peccasset,
1674 2330 1716 2357 vir
1746 2334 1772 2358 et
1794 2329 1896 2358 mulier

1043 2383 1093 2412 per
1114 2376 1344 2404 commixtionem
1368 2384 1490 2405 sexuum
1513 2380 1690 2413 generarent.

1123 2422 1148 2449 3
1171 2422 1250 2453 Item.
1274 2423 1413 2451 distinctio
1435 2431 1557 2451 sexuum
1582 2432 1634 2451 non
1656 2427 1698 2452 est
1713 2423 1763 2451 nisi
1781 2427 1909 2460 propter,

1044 2469 1264 2505 generationem
1297 2470 1346 2498 sed
1376 2470 1403 2498 in
1431 2470 1567 2506 primaria
1599 2471 1640 2498 sui
1669 2471 1826 2499 conditione
1859 2471 1898 2499 di-

1045 2515 1155 2544 stinctio
1178 2516 1229 2543 snit
1252 2516 1277 2544 in
1311 2517 1431 2544 bumana
1457 2517 1563 2553 specie.
1587 2517 1659 2545 sieut
1681 2517 1708 2545 in
1730 2517 1806 2545 aliis:
1829 2525 1896 2554 ergo

1045 2563 1065 2590 si
1083 2570 1169 2591 sexus
1185 2563 1306 2591 distincti
1329 2564 1364 2592 ad
1382 2572 1468 2591 unuin
1486 2564 1616 2592 effectum
1633 2572 1685 2592 non
1709 2568 1895 2598 concurrunt,

1045 2609 1095 2637 nisi
1119 2610 1365 2641 connnisreantnr,
1390 2611 1516 2644 videtur,
1539 2611 1613 2647 qnod
1631 2611 1652 2639 si
1669 2611 1751 2639 homo
1767 2611 1897 2645 stetisset,

1046 2656 1087 2684 vir
1110 2660 1136 2685 et
1159 2657 1260 2685 mulier
1282 2657 1427 2686 commixti
1451 2661 1552 2686 essent.

1122 2704 1149 2731 li.
1174 2704 1255 2737 item,
1278 2704 1320 2732 vir
1343 2705 1442 2733 habuit
1466 2705 1519 2732 vim
1543 2706 1747 2742 generativam
1769 2705 1817 2734 sed
1840 2705 1897 2742 pla-

1045 2757 1112 2777 num
1135 2753 1189 2784 est,
1212 2751 1287 2787 quod
1310 2752 1418 2788 prolem
1442 2752 1513 2780 intra
1535 2760 1565 2780 se
1579 2753 1725 2789 concipere
1748 2761 1802 2780 non
1824 2756 1896 2789 pote-

202 2909 207 2923 1
228 2910 277 2931 Vnt.
294 2909 373 2939 primo
391 2908 554 2931 delei-inimica.

201 2949 209 2962 2
227 2949 274 2970 Non
294 2949 361 2976 pauci
380 2948 447 2970 codd.
466 2952 488 2970 ‹Jt
504 2948 539 2969 cil.
563 2949 567 2969 1
592 2947 750 2976 immisi‘slula.

202 2987 211 3001 ³
230 2988 292 3009 Vcrs.
317 2988 347 3013 [8.

1110 2908 1117 2922 ⁴
1136 2908 1189 2936 Cap.
1210 2909 1245 2930 ’23Δ
1266 2915 1286 2930 n.
1310 2909 1331 2933 l,
1350 2908 1389 2930 nbi
1408 2909 1428 2930 in
1449 2911 1509 2931 textu
1528 2909 1585 2936 orig.
1599 2912 1651 2936 post
1662 2910 1820 2937 ymzeraturos
1833 2909 1898 2931 omit-

1047 2949 1100 2969 titur
1118 2954 1160 2969 xox
1184 2947 1301 2975 homiues,
1329 2951 1351 2969 ct
1373 2948 1425 2969 dein
1452 2952 1504 2975 post
1529 2947 1690 2970 necessarium
1713 2948 1834 2970 subiicitur
1859 2947 1899 2970 lto·

1046 2992 1123 3009 muns.
