2243 3425
1 519 121 538 undamenm.

3 2355 70 2380 Opinio
85 2355 101 2372 1.

3 2732 69 2756 opinio
83 2731 99 2749 2.

706 197 788 225 DlST.
812 198 865 226 XX.
888 198 960 226 ART.
984 198 1004 227 U

128 281 194 310 ergo
227 273 285 310 pari
306 274 413 303 ratione
446 275 472 303 in
495 279 579 311 gustu
611 278 638 304 et
660 279 752 310 tactu,
774 277 901 313 apposito
923 277 974 305 sibi

128 321 312 355 convenienti,
335 321 423 350 multo
442 322 505 359 plus
521 323 637 351 haberet
658 323 805 352 delectari:
829 332 896 360 ergo
911 331 974 352 cum

128 368 301 404 cognovisset
323 376 458 401 uxorem.
481 369 524 397 vel
546 378 609 397 cum
633 370 811 405 comedisset,
840 370 974 399 maiorem

128 415 338 443 delectationem
362 415 514 444 habuisset.

207 463 259 490 SED
281 470 403 491 CONTRA:
440 464 462 491 1.
495 463 666 499 Augustinus
697 463 762 491 dioit
794 463 828 491 de
860 464 975 492 Civitate

127 509 176 537 Dei
191 509 212 544 ¹,
235 510 309 546 quod
325 510 346 538 si
364 510 447 538 homo
468 518 521 537 non
538 513 691 546 peccasset,
707 510 745 538 sio
762 510 888 538 membra
904 512 976 547 geni-

127 555 192 583 talia,
213 556 422 592 applicarentur
444 556 477 584 ad
502 556 636 584 invicem.
659 556 730 584 sieut
753 556 835 584 modo
856 557 975 593 applica-

126 606 172 631 tur
195 611 294 631 [nanus
315 603 373 637 ori;
402 603 449 631 sed
480 603 506 631 in
538 603 723 640 applicatione
755 611 855 631 manus
880 603 915 631 ad
944 612 975 632 os

125 652 174 677 aut
195 649 272 677 nulla
294 653 342 677 aut
364 650 472 678 modica
495 649 615 678 habetur
640 650 801 678 delectatio:
825 658 891 686 ergo
913 651 972 687 pari

126 696 231 724 ratione
256 696 380 726 videtur.
403 697 478 733 quod
494 704 544 725 nee
567 697 592 724 in
609 700 738 725 contactu
760 697 873 725 illorum
891 705 974 725 mem-

124 744 250 772 brorum.

204 790 337 823 ⁶2.lte1u.
370 790 391 818 si
425 794 499 818 tanta
528 794 600 819 esset
632 791 823 819 delectationis
856 791 974 819 intensio

123 840 205 871 tuno,
235 841 338 874 quanta
360 841 401 866 est
423 845 512 871 nunc,
544 845 607 866 cum
631 838 714 866 modo
736 838 770 866 sit
798 838 973 866 deordinatio

124 885 150 913 in
173 888 235 912 actu
258 885 407 921 generandi
431 888 545 922 propter
561 885 742 914 intensionem
766 885 972 920 delectationisg

124 936 188 960 tunc
211 932 309 960 fuisset
336 932 495 968 generativa
525 932 705 961 deordinata:
728 940 795 969 ergo
824 941 876 960 non
899 936 972 961 esset

123 979 283 1015 generativa
305 979 446 1009 instituta.
467 979 516 1007 sed
539 979 680 1007 destituta.

202 1026 227 1054 3.
252 1026 333 1058 [tem.
362 1026 383 1054 si
409 1027 433 1054 in
464 1029 526 1054 actu
549 1026 611 1060 illo,
640 1030 741 1054 natura
763 1029 868 1061 stante,
900 1030 973 1055 esset

122 1072 312 1101 delectationis
341 1073 474 1105 intensio,
497 1081 577 1107 cum,
606 1073 752 1101 fortificata
774 1081 829 1101 nna
853 1074 971 1108 virtute,

122 1120 277 1148 minoretur
299 1128 368 1149 usus
389 1119 543 1151 alterius2.
565 1120 691 1153 videtur,
713 1120 788 1157 quod
811 1120 883 1149 sicut
898 1128 972 1149 nune

121 1167 147 1195 in
171 1167 217 1195 illo
239 1175 322 1204 opere
337 1167 505 1195 absorbetur
528 1175 596 1196 usus
622 1168 752 1202 rationis.
776 1168 812 1196 ita
843 1170 870 1196 et
894 1171 971 1201 tunc;

121 1214 168 1243 sed
192 1214 244 1242 hoc
266 1222 319 1242 non
342 1217 433 1251 potest
453 1222 513 1243 esse
535 1215 594 1243 sine
617 1214 737 1243 hominis
770 1215 970 1243 subversione:

120 1269 186 1298 ergo
208 1269 263 1289 non
285 1265 358 1290 esset
385 1265 486 1290 natura
515 1261 658 1295 ordinata,
688 1261 735 1290 sed
766 1262 923 1290 inordinata
945 1265 972 1291 et

121 1309 266 1337 subversa.

199 1356 226 1384 li.
249 1356 332 1390 item,
354 1355 375 1384 si
399 1359 475 1384 tanta
496 1359 568 1385 esset
591 1360 656 1384 tune
678 1356 824 1385 delectatio
845 1357 870 1385 in
894 1365 971 1393 prae-

121 1404 208 1432 sentia
237 1407 264 1432 et
291 1404 484 1432 coniunctione
513 1411 651 1438 sexuum,
681 1408 785 1440 quanta
814 1407 855 1432 est
877 1412 970 1438 nunc,

120 1458 186 1487 ergo
217 1450 345 1479 similiter
367 1454 461 1479 tantus
492 1454 564 1479 esset
597 1451 737 1487 appetitus
771 1451 796 1479 in
826 1451 969 1486 absentia,

119 1501 241 1535 quantus
262 1502 304 1526 est
325 1506 418 1531 nuno;
448 1497 496 1525 sed
520 1498 695 1526 vehementia
724 1498 854 1527 desiderii
878 1503 904 1527 et
925 1507 971 1536 ap-

119 1544 245 1581 petitus³
269 1545 372 1573 excitat
395 1545 552 1580 pruritum,
584 1548 611 1573 et
641 1546 770 1582 pruritus
793 1546 969 1574 vehementia

119 1592 183 1620 facit
206 1591 329 1620 membra
354 1591 398 1619 illa
423 1591 608 1619 inobedientia
636 1592 734 1620 rationi
757 1596 783 1620 et
812 1600 967 1629 repugnan-

119 1640 170 1668 tia:
194 1647 260 1676 ergo
282 1639 307 1667 in
331 1642 403 1667 statu
426 1643 489 1667 ante
512 1639 620 1676 lapsum
644 1643 716 1668 esset
738 1648 832 1676 pugna
860 1644 886 1668 et
908 1648 969 1668 eon·

118 1687 271 1719 troversia;
292 1686 366 1723 quod
390 1690 431 1715 est
453 1690 549 1714 contra
571 1694 667 1715 omnes
689 1687 802 1714 Sanctos
824 1690 850 1715 et
872 1691 968 1715 contra

118 1733 202 1762 fidem
225 1734 372 1762 sinceram.
396 1734 486 1762 Restat
508 1741 590 1770 ergo,
612 1733 685 1770 quod
704 1736 828 1770 tempore
851 1738 967 1762 naturae

118 1781 260 1810 institutae
276 1781 301 1809 in
318 1789 439 1809 sexuum
456 1780 655 1809 commixtione
671 1789 725 1808 non
740 1784 798 1808 erat
822 1781 968 1809 delectatio

118 1829 233 1858 intensa.

432 1932 447 1953 c
456 1932 523 1953 oivc
533 1932 573 1953 Lo
583 1932 646 1953 sto.

119 2019 152 2047 Ῑη
181 2022 260 2047 statu
293 2018 474 2046 innocentiae
505 2026 563 2046 uon
593 2016 699 2054 fuisset
721 2022 804 2046 tanta
836 2019 867 2046 iu
898 2023 966 2047 actu

206 2064 406 2103 generationis
441 2064 638 2092 delectationis
675 2065 817 2098 intensio,
854 2069 966 2103 qztttntct

208 2120 287 2140 tutuo
308 2116 356 2140 esc.

195 2207 374 2235 Ruseoxnsso:
409 2205 620 2242 intelligendum
655 2209 715 2240 est,
748 2205 792 2234 hio
824 2206 965 2243 duplicem

116 2253 230 2282 modum
254 2261 313 2282 esse
336 2252 454 2281 dicendi.

194 2300 313 2337 Quidam
336 2300 409 2328 enim
426 2299 518 2328 dicere
541 2299 707 2333 voluerunt,
730 2300 804 2337 quod
822 2304 905 2328 tauta
922 2301 963 2328 vel

117 2348 205 2376 maior
233 2350 293 2375 erat
321 2346 467 2375 delectatio
488 2350 553 2375 tunc
583 2354 668 2383 quam
697 2355 787 2381 nuucg
817 2351 842 2375 et
873 2351 964 2376 tamen

116 2403 169 2423 non
193 2397 252 2423 erat
274 2394 487 2422 immoderata..-
511 2397 594 2421 tanta
617 2396 677 2421 erat
692 2398 806 2430 propter
829 2395 965 2422 naturalis
993 2406 994 2412 ¹

115 2442 228 2470 virtutis
250 2441 463 2478 perfectionem,
486 2440 681 2468 immoderata
697 2448 749 2468 non
773 2444 833 2468 eratv
851 2445 965 2477 propter

116 2488 280 2517 inferiorum
304 2488 440 2516 virtutum
464 2487 672 2515 subiectionem.
696 2488 772 2515 Ratio
791 2488 863 2516 enim
881 2488 966 2516 domi-

116 2535 236 2564 nabatur
258 2535 296 2563 illi
319 2534 492 2563 delectationi
526 2537 552 2562 et
584 2542 644 2562 eam
668 2534 810 2562 deferebat
832 2535 858 2562 in
881 2543 964 2563 suum

116 2583 217 2616 finem;
239 2586 265 2611 et
288 2582 349 2610 ideo
372 2590 424 2609 non
453 2581 673 2613 absorbebatur,
696 2589 746 2609 nec
774 2585 834 2610 erat
863 2582 898 2610 ibi
922 2590 965 2611 re-

116 2630 277 2667 pugnantia.
301 2629 331 2657 Et
352 2637 402 2666 per
423 2628 474 2656 hoc
498 2628 594 2655 volunt
616 2628 724 2656 solvere
746 2628 860 2656 obiecta.

195 2676 239 2705 Est
261 2680 288 2704 et
309 2676 381 2704 alius
403 2676 503 2704 modus
526 2675 651 2709 dicendi,
674 2675 720 2711 qui
744 2676 832 2712 magis
855 2683 965 2704 concor-

1005 198 1100 227 NICUS
1121 199 1257 235 QUAEST.
1281 200 1320 228 lll.

116 2723 163 2752 dat
185 2723 279 2752 verbis
296 2722 441 2760 Augustini
458 2726 484 2751 et
506 2722 694 2759 probabilitati
711 2722 838 2756 rationis,
861 2722 965 2751 scilicet

1826 202 1878 231 481

1033 277 1107 314 quod
1131 277 1157 306 in
1181 278 1319 307 decisione
1335 279 1473 307 seminum
1496 282 1523 307 et
1543 280 1742 308 commixtione
1758 288 1880 309 sexuum

1034 327 1159 361 tempore
1181 328 1297 353 naturae
1320 325 1462 354 institutae
1483 326 1577 363 aliqua
1599 326 1696 355 fuisset
1721 327 1882 363 delectatio,

1035 371 1178 399 moderata
1200 375 1291 400 tamen
1314 376 1339 400 et
1363 377 1537 406 mensurata,
1557 374 1711 402 seeundum
1736 375 1809 411 quod
1826 375 1883 403 exi-

1034 418 1115 454 gebat
1132 418 1251 447 hominis
1267 420 1420 448 rectitudo.
1442 423 1469 448 et
1491 421 1645 449 seeundum
1668 421 1743 457 quod
1762 429 1822 450 eam
1839 429 1883 450 vo-

1034 464 1107 492 lebat
1140 468 1296 502 temperare
1328 466 1448 495 hominis
1471 468 1556 500 ratio;
1588 471 1614 496 et
1643 468 1704 497 ideo
1737 477 1791 497 non
1823 473 1883 498 erat

1034 515 1124 545 tauta,
1156 516 1259 548 quanta
1291 517 1332 541 est
1356 514 1444 542 modo.
1478 514 1555 542 Nunc
1583 515 1673 549 enim7
1705 516 1771 552 quia
1793 516 1882 545 virtus

1034 558 1078 586 illa
1114 559 1236 587 maxime
1268 560 1354 588 exivit
1377 561 1491 589 rationis
1524 562 1689 598 imperium,
1711 563 1778 591 dum
1811 564 1882 593 ratio

1032 606 1125 634 amisit
1146 606 1289 642 originalis
1311 607 1431 636 iustitiae
1454 608 1596 637 vinculum
1629 613 1656 637 et
1678 611 1881 646 retinaculum,

1033 660 1082 689 per
1104 653 1179 688 quod
1202 653 1358 689 imperabat
1386 655 1494 683 viribus
1517 656 1710 690 inferiorit›us;
1741 657 1815 692 ideo,
1845 658 1882 687 la—

1032 698 1105 727 xatis
1128 699 1178 727 sibi
1202 699 1334 734 habenis,
1358 704 1412 728 toto
1435 701 1539 737 impetu
1556 705 1583 730 et
1604 706 1703 731 conatu
1727 712 1755 732 se
1778 705 1881 741 praeei-

1032 745 1100 781 pitat
1123 745 1148 773 in
1171 746 1334 774 ‹ssleleetabile
1351 746 1401 774 sibi
1424 747 1566 782 oblatum,
1589 757 1643 777 uon
1660 754 1773 787 propter
1796 752 1881 780 inten-

1032 792 1136 821 sionem
1160 793 1272 821 virtutis
1295 795 1444 825 moventis,
1466 795 1512 823 sed
1538 799 1651 832 propter
1673 797 1811 826 defectum
1830 799 1882 826 vir-

1032 840 1098 868 tutis
1121 840 1297 868 retardantis.
1321 840 1397 869 Unde
1426 841 1497 869 siout
1518 850 1609 879 equus
1632 843 1767 879 lascivus,
1797 848 1880 881 rupto

1030 887 1124 918 freno.
1156 887 1279 915 velocius
1307 888 1396 916 currit
1424 892 1451 916 et
1483 888 1682 925 impetuosius,
1709 899 1793 927 quam
1816 899 1880 920 cum

1032 933 1186 962 infrenatur
1215 938 1240 962 et
1273 934 1414 963 detinetur
1446 943 1461 963 a
1494 944 1545 964 suo
1573 944 1700 971 sessore,
1734 937 1795 966 licet
1826 946 1881 967 non

1030 981 1287 1009 tiatieatmaiorem
1311 982 1457 1016 virtutem;
1480 983 1518 1011 sic
1540 986 1567 1011 et
1589 983 1614 1011 in
1638 985 1781 1021 proposito
1804 985 1880 1014 intel-

1030 1027 1172 1064 ligendum
1205 1032 1246 1056 est
1278 1036 1307 1057 se
1340 1029 1452 1057 habere.
1486 1030 1516 1057 Et
1548 1030 1600 1059 hoc
1632 1034 1673 1059 est
1705 1031 1779 1068 quod
1814 1032 1880 1061 dicit

1030 1075 1200 1111 Augustinus
1222 1075 1256 1104 de
1278 1076 1393 1104 Civitate
1416 1076 1462 1105 Dei
1477 1077 1495 1105 ⁴:
1524 1089 1536 1102 «
1556 1078 1673 1115 Nuptiae
1696 1078 1758 1108 illae
1781 1079 1880 1116 dignae

1029 1122 1158 1150 felicitate
1180 1123 1318 1158 paradisi,
1341 1124 1362 1152 si
1386 1127 1530 1160 peccatum
1554 1133 1607 1153 non
1631 1126 1742 1161 fuisset,
1772 1131 1799 1155 et
1821 1127 1881 1156 dili-

1030 1169 1148 1205 gendam
1180 1169 1287 1206 prolem
1317 1170 1462 1208 gignerent
1490 1176 1517 1200 et
1543 1172 1703 1209 pudendam
1735 1174 1878 1203 libidinem

1030 1224 1083 1244 non
1106 1217 1241 1245 haberent
1256 1229 1283 1245 ».

1109 1264 1139 1291 Et
1160 1264 1222 1292 ideo
1244 1265 1437 1294 concedendae
1460 1269 1525 1294 sunt
1545 1267 1666 1296 rationes
1687 1268 1878 1304 ostendentes,

1029 1310 1103 1347 quod
1136 1319 1189 1338 non
1222 1315 1295 1340 esset
1328 1315 1392 1340 tune
1416 1315 1490 1340 tanta
1521 1313 1712 1342 delectationis
1745 1315 1878 1350 intensio,

1028 1361 1132 1394 quanta
1154 1362 1195 1386 est
1216 1367 1306 1393 nunc,
1335 1367 1398 1387 cum
1422 1360 1504 1388 modo
1528 1364 1601 1388 tanta
1623 1362 1674 1396 sit,
1703 1366 1734 1391 ut
1763 1363 1876 1392 modum

1028 1408 1054 1432 et
1076 1405 1202 1433 ordinem
1225 1406 1350 1434 debitum
1375 1415 1428 1435 non
1451 1407 1589 1436 observet.

1112 1453 1133 1479 l.
1156 1452 1191 1480 Ad
1216 1453 1285 1481 illud
1308 1461 1375 1489 ergo
1396 1454 1471 1490 quod
1494 1455 1624 1483 obiicitur
1641 1456 1666 1484 in
1690 1457 1875 1491 contrarium,

1027 1499 1100 1535 quod
1129 1502 1227 1527 natura
1258 1499 1399 1528 desiderat
1421 1501 1547 1530 emittere
1577 1502 1816 1539 superfluitatem3
1838 1504 1877 1532 di-

1027 1546 1163 1579 cendum7
1196 1546 1269 1583 quod
1305 1555 1401 1575 verum
1435 1551 1488 1577 est:
1521 1549 1568 1577 sed
1603 1549 1672 1577 illud
1706 1550 1877 1579 desiderium

1027 1592 1112 1621 habet
1135 1594 1286 1622 terminum
1321 1597 1348 1622 et
1371 1594 1485 1623 limitem
1516 1596 1590 1624 etin
1625 1601 1722 1625 natura
1754 1598 1879 1627 instituta

1027 1640 1105 1667 illum
1130 1640 1279 1668 terminum
1314 1649 1367 1669 non
1391 1642 1497 1676 exiret3
1530 1650 1604 1671 nunc
1630 1647 1723 1672 autem
1755 1645 1828 1679 exit,
1851 1648 1878 1674 et

1028 1686 1096 1714 ratio
1118 1687 1197 1724 prius
1221 1691 1291 1716 tacta
1313 1692 1362 1716 est.

1105 1739 1129 1762 2².
1153 1735 1189 1762 Ad
1214 1734 1282 1762 illud
1306 1735 1380 1772 quod
1403 1736 1549 1771 obiicitur,
1573 1737 1646 1774 quod
1671 1737 1818 1767 delectatio
1833 1747 1877 1769 ve-

1025 1781 1065 1808 nit
1086 1789 1121 1810 ex
1144 1782 1337 1810 comunctione
1359 1783 1548 1811 convenientis
1570 1792 1634 1812 (tum
1658 1786 1830 1814 convenienti
1847 1790 1874 1815 et

1025 1835 1109 1856 sensu
1131 1828 1274 1861 eiusdemg
1297 1828 1462 1863 dicendum,
1485 1830 1559 1866 quod
1594 1839 1646 1858 non
1670 1834 1777 1860 tantum
1802 1833 1876 1861 venit

1024 1883 1059 1903 ex
1082 1875 1288 1907 coniunctione.
1311 1876 1359 1905 sed
1389 1877 1471 1905 etiam
1495 1885 1531 1905 ex
1562 1878 1673 1907 virtutis
1695 1880 1876 1909 conversione

1025 1930 1109 1959 super
1132 1922 1303 1951 delectabile.
1327 1923 1353 1951 1η
1377 1928 1451 1952 statu
1466 1928 1559 1953 autem
1581 1928 1698 1954 naturae
1722 1926 1875 1961 institutae,

1024 1969 1074 1997 etsi
1097 1973 1170 1998 esset
1189 1970 1347 1999 coniunctio
1369 1971 1558 2000 convenientis
1573 1980 1636 2000 cum
1654 1973 1825 2002 convertimiu
1849 1977 1875 2002 et

1024 2024 1135 2051 sensus⁷
1158 2025 1210 2045 non
1245 2021 1336 2046 tamen
1371 2022 1445 2046 tanta
1473 2023 1545 2047 esset
1577 2020 1688 2048 virtutis
1720 2021 1875 2049 incurvatio

1024 2068 1050 2092 et
1067 2065 1219 2097 inclinatio,
1241 2068 1344 2102 quanta
1360 2069 1401 2094 est
1417 2066 1511 2094 modo:
1535 2070 1562 2095 et
1584 2067 1645 2095 ideo
1660 2075 1714 2095 non
1731 2071 1803 2096 esset
1819 2071 1873 2096 tam

1024 2111 1151 2148 improba
1176 2115 1202 2140 et
1224 2116 1280 2140 tam
1304 2113 1411 2141 intensa
1434 2113 1587 2142 delectatio.

1103 2158 1128 2186 3.
1152 2159 1186 2186 Ad
1212 2159 1280 2187 illud
1297 2160 1371 2196 quod
1394 2160 1538 2195 obiicitur,
1555 2161 1628 2197 quod
1653 2161 1743 2189 virtus
1758 2161 1874 2190 delecta-

1023 2209 1069 2234 tur
1092 2207 1118 2234 in
1140 2206 1324 2242 eonwletione
1339 2210 1365 2234 et
1387 2207 1517 2234 facilitate
1536 2208 1577 2235 sui
1595 2211 1686 2242 actus3
1709 2208 1873 2243 dicendum,

1023 2253 1097 2289 quod
1122 2261 1218 2281 verum
1242 2257 1299 2286 est;
1327 2253 1375 2281 scd
1408 2256 1499 2281 tamen
1528 2254 1621 2282 adhuc
1645 2255 1696 2282 ista
1728 2255 1874 2283 delectatio

1024 2300 1173 2328 terminum
1198 2300 1357 2336 praefixum
1381 2301 1463 2329 dehet
1485 2301 1602 2331 habere.
1631 2304 1658 2329 et
1679 2301 1794 2330 haberet
1823 2302 1874 2330 uti-

1023 2355 1093 2384 que,
1126 2348 1146 2375 si
1180 2348 1263 2375 homo
1285 2348 1415 2376 stetisset.
1452 2348 1480 2375 Et
1502 2349 1633 2385 quoniam
1668 2349 1746 2377 illum
1774 2349 1873 2378 merito

1023 2395 1125 2431 peccati
1149 2395 1307 2430 egreditur,
1330 2394 1394 2422 hino
1416 2398 1472 2428 est,
1502 2395 1576 2431 quod
1606 2396 1727 2432 amplius
1756 2396 1873 2425 delecta-

1023 2445 1084 2475 tur‚
1107 2442 1235 2478 quamvis
1257 2441 1447 2469 delectationis
1471 2443 1584 2470 materia
1608 2451 1661 2470 non
1685 2443 1719 2470 sit
1742 2444 1837 2471 maior.

1102 2489 1127 2516 li.
1151 2488 1187 2516 Ad
1211 2488 1279 2516 illud
1303 2489 1377 2525 quod
1400 2488 1543 2521 obiicitur,
1567 2489 1639 2526 quod
1664 2489 1785 2526 amplius
1802 2490 1873 2519 dele-

1023 2539 1146 2563 ctaretur
1168 2535 1250 2563 homo
1268 2535 1292 2563 in
1316 2543 1399 2564 sensu
1416 2536 1491 2564 visus
1507 2539 1533 2564 et
1555 2536 1685 2570 auditus;
1707 2537 1872 2572 dicendum,

1022 2582 1097 2619 quod
1120 2590 1218 2610 verum
1241 2586 1282 2610 est
1314 2582 1348 2610 de
1370 2582 1551 2611 delectatione
1584 2583 1720 2618 naturali,
1747 2585 1793 2613 sed
1817 2593 1871 2613 ηοη

1023 2632 1063 2657 est
1086 2636 1182 2656 verimi
1200 2628 1234 2656 de
1256 2628 1437 2657 delectatione
1452 2629 1628 2657 curiositatis.
1645 2630 1699 2659 Nec
1720 2634 1761 2659 est
1781 2631 1871 2660 simile

1023 2675 1057 2703 de
1079 2674 1272 2709 delectatione,
1307 2683 1377 2712 quae
1399 2676 1487 2703 estin
1521 2677 1582 2705 visu
1619 2680 1646 2705 et
1667 2685 1738 2714 quae
1770 2681 1812 2706 est
1844 2678 1869 2706 in

1023 2726 1110 2754 tactu.
1133 2723 1263 2759 quoniam
1287 2723 1364 2751 visus
1379 2722 1534 2751 delectatur
1554 2724 1579 2751 in
1597 2724 1716 2758 obiecto,
1738 2725 1811 2761 quod
1829 2728 1872 2754 est

179 2916 186 2930 ¹
205 2916 265 2939 Libr.
284 2916 342 2938 XIV.
364 2923 382 2938 c.
407 2917 443 2944 23,
465 2916 501 2942 24,
520 2916 648 2938 secundum
669 2922 770 2938 sensum.
795 2916 870 2939 Verba
895 2918 963 2939 huius

116 2955 168 2977 dicti
187 2956 261 2983 magis
286 2958 359 2978 sumta
378 2955 486 2977 videntur
503 2961 529 2977 cx
548 2955 667 2983 Magistro,
686 2956 722 2977 hic
740 2962 758 2977 c.
781 2956 803 2983 l,
824 2955 862 2978 ubi
880 2956 964 2984 allega-

115 2997 152 3017 tur
169 2995 265 3022 August.
283 2995 319 3016 lX.
339 2994 366 3016 de
384 2995 439 3016 Gen.
458 2994 485 3016 ad
504 2995 533 3017 lit.
552 3001 570 3017 c.
593 2995 626 3016 10.
645 3001 665 3017 η.
688 2995 722 3016 18.

241 3045 264 3068 S.
284 3046 371 3068 Bonae.
389 3058 420 3062 --
438 3046 504 3067 Tom.
525 3046 547 3067 11.

1083 2917 1092 2931 ²
1111 2916 1154 2939 Cfr.
1173 2923 1242 2944 supra
1261 2923 1313 2944 pag.
1332 2917 1389 2944 260,
1409 2920 1459 2939 nota
1482 2918 1499 2939 1.

1084 2955 1093 2969 ³
1110 2955 1166 2977 Cod.
1185 2955 1202 2977 T
1223 2955 1364 2978 vehementia
1383 2957 1404 2978 ct
1421 2955 1564 2979 desiderium
1582 2956 1705 2986 appetitus.

1084 2995 1092 3009 ⁴
1109 2995 1169 3017 Libr.
1188 2996 1223 3017 cit.
1242 3002 1260 3017 c.
1279 2995 1315 3017 23.
1334 3002 1354 3017 n.
1374 2996 1394 3017 2.

1711 3049 1735 3069 61

1895 291 2004 310 Conclusio.

1890 1456 1964 1474 solutio
1978 1462 2011 1480 op-

1891 1482 2004 1503 positorum.
