2243 3425
21 1028 22 1037 t

21 1050 22 1064 1

21 1065 22 1080 l

21 1094 22 1123 1

21 1125 127 1152 ’ἔνθεοι-1115.

43 1520 129 1539 {sidorus.

26 2376 102 2395 Dubium
116 2377 132 2395 1.

891 199 1079 229 DISTINCTIO
1100 199 1141 229 vt.

1838 198 1891 226 159

825 381 1114 417 DISTINOTIO
1142 381 1206 416 VI.

513 560 574 587 Car.
593 559 611 586 1.

161 646 238 680 Quod
256 646 288 673 de
306 645 458 673 maioribus
471 650 495 672 et
512 644 667 672 minoribus
681 643 793 680 quidam
807 643 970 674 ceciderunt,

218 689 289 716 inter
308 698 374 725 quos
392 697 465 716 unus
483 688 539 725 fuit
557 688 669 719 celsior,
689 687 788 714 scilicet
809 686 913 722 lucifer.

211 777 352 803 Praeterea
362 776 425 802 seiri
436 778 550 811 oportet,
564 775 700 810 quoniam,
711 775 781 801 sicut
794 774 827 801 de
842 773 989 800 maioribus

141 823 167 847 et
179 820 328 847 minoribus
341 819 450 854 quidam
470 819 658 854 perstiterunt,
672 819 707 844 ita
722 818 756 844 de
770 820 884 852 utroque
904 816 989 850 gradu

141 863 251 898 quidam
270 865 439 890 corruerunt.
459 862 529 889 luter
543 869 611 896 quos
630 869 699 888 unus
719 860 768 887 fuit
787 860 911 887 omnibus
930 860 990 886 aliis

142 906 300 933 cadentibus
329 905 517 938 excellentior,
543 912 592 931 nee
622 904 690 930 inter
716 907 816 930 stantes
840 903 938 937 aliquis
958 910 989 929 eo

141 949 190 976 fuit
209 949 326 984 dignior,
345 949 415 975 sicut
429 948 587 975 testimoniis
606 947 798 974 auctoritatum
817 949 989 973 monstratur.

141 992 184 1019 Ait
204 993 274 1019 enim
294 991 374 1019 lob¹:
398 992 456 1026 Ipse
477 989 651 1026 priucipz'wn
679 990 790 1016 viarum
818 988 875 1016 Dei.
905 989 937 1015 Et
964 989 989 1015 iu

142 1036 282 1063 Ezechiele
302 1035 413 1069 legitur:
431 1035 471 1061 Tu
483 1033 655 1070 signaculum
669 1031 874 1063 simtttcmltnis,
892 1031 990 1066 plenus

140 1078 251 1105 scientio
271 1082 294 1105 et
309 1077 473 1114 perfectione
493 1076 615 1107 decorus,
635 1075 666 1103 z'n
685 1075 790 1102 deliciis
800 1073 993 1110 purudisc‘Dez'

140 1121 228 1157 fm'stz‘.
247 1121 321 1153 Quod
342 1120 507 1154 Gregorius²
535 1127 672 1154 exponens
692 1119 743 1145 ait:
769 1118 893 1150 «Quanto
913 1117 939 1143 in
959 1124 991 1143 eo

142 1165 266 1192 subtilior
286 1167 326 1191 est
344 1167 453 1197 natura,
474 1171 505 1190 eo
525 1163 609 1197 magis
629 1163 655 1188 in
670 1162 714 1188 illo
728 1162 815 1196 imago
829 1161 877 1188 Dei
897 1160 992 1187 similis

142 1208 295 1235 insinuatur
308 1207 472 1242 impressa».
492 1206 556 1233 Item
571 1206 597 1232 in
612 1205 752 1232 Ezechiele
765 1204 876 1238 legitur:
898 1203 991 1231 Omnis

144 1250 214 1286 lapis
230 1250 366 1286 pretiosus
386 1249 583 1285 operimentum
603 1248 675 1279 eius,
696 1247 723 1274 id
750 1251 802 1279 est,
833 1247 920 1273 omnis
940 1247 993 1273 An-

142 1294 217 1328 gelus
236 1293 313 1328 quasi
333 1293 530 1327 operimentum
551 1292 608 1319 eius
628 1295 697 1323 erat,
712 1291 784 1325 quia,
804 1294 833 1317 ut
852 1290 918 1317 dicit
932 1290 995 1317 Gre-

144 1338 243 1371 gorius,
266 1348 276 1360 «
289 1337 314 1363 in
327 1337 441 1363 aliorum
462 1335 664 1370 comparatione
679 1335 776 1362 ceteris
790 1335 889 1362 clarior
909 1334 991 1361 suit».

143 1380 219 1407 Unde
245 1383 271 1406 et
298 1381 409 1405 vocatus
438 1381 477 1405 est
505 1378 614 1411 lucifer,
641 1378 711 1404 sicut
741 1381 852 1405 testatur
875 1377 991 1404 Isaias³:

145 1421 299 1455 Quomodo,
320 1422 422 1456 inquit,
442 1420 561 1447 cecidisti
584 1420 697 1455 lucifer,
724 1420 773 1456 qui
793 1428 873 1447 mane
892 1419 993 1446 ardebo<

144 1464 186 1492 ris
206 1466 276 1492 etc?
296 1465 345 1496 Qui
367 1472 419 1491 non
439 1472 509 1491 unus
528 1463 610 1495 ordo,
634 1464 680 1490 sed
702 1471 771 1490 unus
796 1463 907 1497 spiritus
926 1463 993 1489 aeci<

143 1508 258 1543 pientius
278 1512 330 1541 est⁷
351 1508 405 1543 qui,
426 1511 492 1534 teste
517 1507 631 1538 Isidoro,
652 1510 796 1541 postquam
817 1509 924 1533 creatus
945 1509 992 1537 est,

142 1552 314 1579 eminentiam
328 1555 439 1578 naturae
453 1554 479 1578 et
492 1550 700 1585 profunditatem
716 1550 843 1576 scientiae
857 1557 922 1576 suae
936 1557 993 1583 per-

143 1596 271 1630 pendens,
286 1595 312 1621 in
327 1602 405 1621 suum
420 1594 573 1621 Creatorem
587 1593 738 1628 superbivit
753 1594 779 1619 in
794 1596 905 1625 tantum,
920 1592 991 1627 quod

144 1639 224 1666 etiam
244 1639 298 1665 Deo
318 1646 346 1664 se
366 1645 482 1672 aequare
512 1637 613 1668 voluit,
644 1640 672 1663 ut
692 1637 718 1663 iu
739 1637 806 1663 Isaia
827 1636 939 1662 dicitur:
960 1636 992 1662 lu

144 1682 247 1709 caelum
266 1681 426 1711 ascendam,
446 1688 527 1715 super
551 1684 626 1707 astro
655 1679 723 1706 caeli
749 1678 872 1706 exultabo
893 1678 993 1705 solium

143 1733 250 1756 meum,
270 1729 294 1751 et
315 1733 359 1751 ero
379 1723 479 1751 similis
498 1722 650 1750 Allc'ssz'mo.
680 1723 780 1749 Similis
809 1722 917 1757 quidem
938 1723 992 1749 Deo

144 1775 202 1795 esse
222 1768 306 1794 voluit
326 1775 377 1794 non
398 1775 446 1802 per
460 1766 648 1797 imitationem,
667 1766 714 1792 sed
734 1773 783 1800 per
803 1765 992 1800 aequalitatem

145 1812 290 1846 potentiae.

514 1895 575 1922 Car.
596 1895 624 1922 lI.

374 1981 448 2009 L'mle
466 1985 489 2007 et
509 1989 561 2016 quo
582 1980 677 2007 detecti?
694 1984 764 2007 sunt.

216 2069 249 2095 Et
269 2071 356 2094 tantae
383 2067 526 2102 superbiae
556 2067 650 2093 merito
680 2066 713 2093 de
741 2066 831 2097 caelo,
856 2066 882 2092 id
903 2070 942 2093 cst
961 2066 994 2093 de

147 2118 288 2146 empyreo,
310 2111 334 2137 iu
365 2118 418 2145 quo
447 2118 509 2137 cum
538 2110 599 2136 aliis
624 2110 723 2141 suerat,
753 2109 874 2136 deiectus
903 2112 941 2135 est
968 2110 994 2136 in

147 2156 226 2182 istum
246 2155 421 2187 caliginosum
442 2155 531 2180 ae'rem
551 2160 613 2179 cum
634 2152 758 2179 omnibus
776 2160 840 2179 suae
854 2153 994 2187 pravitatis

147 2197 324 2224 consortibus.
339 2197 418 2228 Nam,
432 2200 461 2223 ut
474 2196 585 2223 Ioannes
599 2196 636 2223 ait
654 2196 679 2222 in
693 2195 857 2230 Apocalypsi
870 2196 891 2221 ⁴:
906 2196 994 2222 Draco

147 2240 178 2267 de
191 2240 262 2267 coelo
276 2239 374 2266 cadens
390 2247 478 2266 secum
499 2238 583 2265 traxit
597 2238 703 2265 tertium
716 2242 822 2273 purtem
841 2238 994 2269 stellarum,

147 2285 210 2319 quia
229 2284 324 2311 lucifer
345 2284 388 2310 ille
408 2283 467 2310 aliis
487 2283 573 2309 maior
588 2290 639 2309 non
653 2282 726 2309 solus
740 2282 853 2314 cecidit,
872 2282 918 2308 sed
933 2290 994 2309 cum

148 2335 179 2354 eo
199 2327 243 2354 alii
264 2327 353 2358 multi,
372 2327 419 2361 qui
440 2326 463 2353 ei
485 2326 511 2352 in
538 2325 640 2352 malitia
666 2328 874 2357 consenserunt,
895 2332 995 2360 eosque

147 2371 273 2397 cadentes
302 2370 383 2396 liuius
409 2369 547 2403 caliginosi
577 2369 647 2395 aeris
674 2368 859 2395 habitaculum
879 2368 994 2402 excepit.

146 2414 179 2439 Et
198 2413 249 2439 hoc
269 2412 302 2439 ad
323 2416 439 2438 nostram
460 2411 646 2446 probationem
667 2412 765 2437 l'aetum
786 2413 837 2440 est.
857 2413 886 2436 ut
905 2410 938 2436 sit
953 2418 996 2436 no-

1046 557 1088 584 his
1108 557 1308 583 exercitationis
1327 564 1417 583 causa.
1438 556 1513 583 Unde
1533 556 1710 591 Apostolus⁵:
1737 556 1896 584 Colbuetatz'o

1046 604 1083 626 est
1102 599 1180 627 vobis
1199 600 1329 627 adversus
1341 599 1480 635 principes
1500 604 1524 626 et
1538 604 1679 635 potestates
1691 600 1793 627 mundi
1812 599 1894 627 huius

1046 646 1069 669 et
1088 642 1218 669 aduersus
1237 647 1351 669 rectores
1372 642 1544 670 tenebrarum
1564 643 1679 674 harum,
1700 647 1794 670 contra
1813 642 1896 679 spiri-

1047 684 1134 712 tualia
1154 685 1291 721 nequiciae
1318 685 1348 712 in
1379 685 1554 717 coelestibus;
1584 687 1647 721 quia
1668 687 1829 718 daemones,
1849 687 1894 721 qui

1046 732 1108 755 sunt
1135 729 1291 763 spirituales
1320 732 1346 756 et
1373 737 1503 764 nequam,
1524 730 1550 756 iu
1570 729 1622 756 hoc
1644 729 1795 756 turbulento
1816 731 1895 762 aere,

1046 771 1124 798 nobis
1151 772 1317 806 propinquo,
1346 772 1419 807 quod
1446 772 1551 798 caelum
1580 772 1745 806 appellatur,
1767 772 1896 800 habitant.

1047 814 1123 841 Unde
1142 818 1168 841 et
1187 814 1312 841 diabolus
1331 815 1459 849 princeps
1479 815 1549 841 a'e'ris
1568 814 1675 842 dicitur.

1412 893 1473 921 CAr.
1492 893 1532 920 ΠΙ.

1096 971 1184 1004 Quare
1204 980 1258 998 uon
1277 975 1314 998 est
1333 971 1370 998 eis
1390 980 1543 998 concessum
1563 970 1685 998 habitare
1704 971 1734 998 z'u
1757 972 1847 1003 coelo,

1381 1014 1425 1041 vel
1443 1013 1470 1041 z'n
1493 1018 1574 1042 terra.

1120 1093 1177 1120 Nou
1198 1095 1268 1120 enim
1298 1097 1338 1121 est
1366 1094 1404 1121 eis
1433 1101 1591 1121 concessum
1617 1094 1739 1121 habitare
1760 1094 1786 1121 in
1806 1094 1897 1126 eaelo,

1049 1137 1112 1172 quia
1133 1137 1223 1163 clarus
1242 1137 1318 1163 locus
1337 1140 1377 1163 est
1397 1140 1422 1163 et
1442 1144 1585 1169 amoenus;
1605 1144 1655 1164 nec
1675 1138 1700 1164 in
1721 1141 1794 1164 terra
1814 1137 1899 1164 nobis-

1050 1187 1123 1212 cum,
1152 1188 1185 1206 ne
1213 1180 1336 1206 homines
1364 1180 1442 1206 nimis
1462 1179 1650 1213 i1isesta=·ent⁵;
1671 1180 1718 1207 sed
1738 1180 1811 1207 iuxta
1831 1184 1899 1215 Apo-

1049 1223 1110 1249 stoli
1129 1223 1199 1250 Petri
1224 1223 1374 1249 doctrinam
1405 1223 1430 1249 in
1460 1223 1580 1257 Epistola
1608 1223 1738 1250 canonica
1760 1223 1899 1255 traditam.

1050 1266 1075 1292 in
1096 1267 1158 1292 ae're
1178 1266 1227 1292 isto
1248 1266 1409 1299 caliginoso,
1428 1266 1474 1300 qui
1495 1266 1534 1292 eis
1553 1266 1630 1300 quasi
1645 1273 1739 1292 carcer
1759 1273 1844 1300 usque
1864 1266 1898 1293 ad
1913 1276 1995 1294 nubium
2010 1276 2028 1294 Ξ.

1051 1312 1156 1344 tempus
1176 1309 1268 1336 iudicii
1290 1309 1434 1343 deputatus
1455 1312 1502 1336 est.
1522 1309 1595 1336 Tune
1616 1312 1705 1336 autem
1723 1309 1900 1336 detrudentur

1051 1353 1076 1379 iu
1096 1353 1234 1379 baratrum
1254 1353 1364 1384 inferni,
1384 1353 1533 1379 secundum
1559 1353 1638 1380 illud:
1657 1353 1694 1379 Ite
1712 1351 1852 1379 maledieti
1870 1352 1899 1379 in

1050 1396 1140 1432 ique-m
1168 1400 1328 1427 oeternum,
1357 1395 1406 1432 qui
1431 1400 1545 1431 paratus
1574 1400 1611 1422 est
1639 1395 1747 1422 di'abolo
1772 1399 1795 1422 et
1824 1403 1900 1430 unqe-

1052 1438 1085 1465 lis
1104 1438 1170 1465 eius.

1413 1521 1475 1548 ew.
1495 1522 1536 1548 lv.

1246 1600 1283 1626 De
1301 1598 1519 1635 praelalz'ombus
1538 1599 1709 1626 daemonum.

1121 1679 1154 1705 Et
1173 1678 1243 1705 sieut
1263 1678 1332 1705 inter
1351 1678 1436 1704 bonos
1466 1678 1581 1711 Angelos
1610 1678 1654 1704 alii
1675 1678 1735 1705 aliis
1758 1682 1901 1713 praesunt,

1051 1721 1087 1748 ita
1102 1724 1127 1748 et
1147 1721 1215 1747 iuter
1235 1721 1319 1747 malos
1339 1721 1383 1747 alii
1414 1721 1473 1747 aliis
1499 1721 1612 1755 praelati
1638 1725 1712 1752 sunt.
1733 1725 1758 1748 et
1777 1721 1822 1748 alii
1842 1722 1902 1748 aliis

1050 1765 1174 1791 subiecti.
1194 1764 1327 1796 Quamdiu
1348 1765 1418 1791 enim
1440 1764 1519 1791 durat
1539 1764 1664 1795 muudus,
1678 1765 1771 1798 Angeli
1786 1765 1902 1798 Angelis,

1051 1808 1197 1834 daemones
1225 1807 1418 1838 daemonibus,
1438 1807 1561 1834 homines
1581 1807 1735 1834 hominibus
1755 1811 1900 1842 praesunt;

1051 1851 1099 1878 sed
1114 1852 1139 1877 in
1151 1851 1239 1877 futuro
1255 1851 1341 1877 einais
1355 1851 1532 1877 evacuabitur
1545 1851 1685 1885 praelatio,
1700 1854 1729 1878 ut
1743 1851 1821 1878 docet
1834 1855 1903 1886 Apo-

1051 1894 1135 1921 stolus
1147 1894 1163 1920 ⁷.
1190 1894 1294 1921 Habent
1323 1902 1445 1929 quoque,
1475 1894 1625 1921 seeundum
1644 1894 1753 1921 modum
1774 1895 1902 1922 scientiae

1052 1938 1161 1964 maioris
1187 1937 1228 1964 vel
1258 1938 1384 1969 minoris,
1411 1937 1591 1972 praelationes
1620 1937 1686 1964 alias
1716 1938 1831 1964 maiores
1861 1938 1902 1965 vel

1051 1980 1175 2007 minores.
1196 1980 1310 2012 Quidam
1330 1981 1400 2007 enim
1415 1981 1460 2007 uni
1475 1980 1644 2015 provinciae,
1659 1981 1703 2008 alii
1726 1981 1771 2007 uni
1791 1981 1902 2013 homini,

1052 2023 1136 2058 aliqui
1157 2024 1235 2050 etiam
1258 2023 1302 2050 uni
1323 2024 1387 2050 vitio
1408 2026 1544 2058 praesunt.
1565 2023 1641 2050 Unde
1670 2023 1769 2050 dicitur
1788 2023 1902 2059 spiritus

1051 2065 1207 2101 superbiae,
1227 2065 1341 2101 spiritus
1363 2066 1492 2093 luxuriae
1506 2070 1531 2093 et
1545 2066 1711 2098 huiusmodi,
1725 2067 1788 2101 quia
1810 2067 1843 2093 de
1858 2067 1903 2094 illo

1052 2110 1117 2137 vitio
1137 2110 1254 2136 maxime
1273 2113 1361 2144 potest
1380 2110 1503 2136 homines
1523 2113 1640 2141 tentare,
1660 2117 1675 2136 a
1704 2118 1757 2144 quo
1787 2110 1904 2137 nomina-

1053 2156 1095 2179 tur
1107 2152 1124 2178 Β.
1144 2153 1207 2179 Inde
1227 2153 1307 2179 etiam
1327 2155 1379 2185 est,
1400 2152 1472 2187 quod
1494 2153 1600 2179 nomine
1632 2152 1770 2179 daemonis
1790 2152 1902 2179 (lz'oe'lt'ae

1053 2199 1195 2226 vocantur,
1221 2195 1323 2222 scilicet
1353 2202 1514 2222 mammona.
1535 2196 1582 2221 Est
1601 2195 1671 2222 enim
1690 2203 1829 2221 mammon
1860 2203 1903 2222 no-

1053 2245 1113 2265 men
1136 2238 1289 2269 daemonis,
1315 2245 1368 2273 quo
1395 2238 1502 2264 nomine
1522 2241 1653 2264 vocantur
1676 2237 1785 2264 divitiae
1811 2245 1904 2264 secun-

1053 2281 1117 2308 dum
1137 2282 1259 2315 Syricum
1279 2282 1406 2316 linguam.
1426 2281 1482 2307 Hoc
1501 2284 1591 2307 autem
1611 2288 1663 2307 uon
1683 2280 1743 2307 ideo
1763 2283 1816 2313 est,
1830 2280 1902 2314 quod

1053 2324 1177 2351 diabolus
1199 2324 1224 2350 in
1244 2327 1376 2358 potestate
1396 2324 1494 2350 habeat
1513 2323 1592 2355 dare,
1612 2323 1654 2349 vel
1668 2323 1772 2350 auferre
1786 2323 1902 2354 divitias,

1053 2367 1096 2393 cui
1118 2367 1193 2399 velit,
1213 2367 1260 2393 sed
1280 2367 1343 2401 quia
1363 2367 1401 2393 cis
1422 2367 1505 2393 utitur
1519 2366 1553 2393 ad
1567 2366 1707 2393 hominum
1728 2366 1902 2393 tentationem

1054 2412 1080 2436 et
1100 2409 1294 2443 deceptionem.

211 2577 218 2591 1
237 2576 291 2604 Cap.
306 2576 341 2603 -l-O,
365 2575 397 2598 t-t.
409 2576 484 2598 Locus
501 2575 580 2597 Ezeeli.
593 2578 627 2597 est
640 2576 676 2602 28,
693 2575 726 2597 12.
744 2575 776 2597 13.
794 2575 904 2603 Vulgata:
922 2575 996 2603 perse-

148 2620 198 2639 etus
215 2616 305 2638 decore.
322 2627 353 2631 —
374 2616 444 2637 Etiam
463 2616 484 2636 in
506 2616 548 2637 liae
569 2614 619 2636 dist.
639 2615 726 2642 Magist.
744 2614 814 2636 multa
839 2615 953 2637 mutum-it
969 2620 996 2636 ex

148 2656 252 2684 lfflgone,
266 2656 330 2677 Sum.
340 2655 401 2677 Sent.
415 2659 442 2677 tr.
455 2655 475 2676 2.
490 2661 508 2676 e.
522 2654 542 2681 4,
556 2658 615 2676 etex
629 2653 764 2679 Abaelardov
778 2654 814 2676 Sic
826 2657 847 2676 et
860 2660 916 2681 non,
927 2660 946 2676 c.
962 2653 996 2675 47.

211 2694 220 2709 ¹:
238 2694 299 2716 Libr.
317 2694 409 2716 xxxu.
428 2693 504 2715 Morat.
523 2699 542 2715 c.
562 2693 597 2714 23.
617 2699 637 2715 n.
656 2692 691 2714 47.
711 2692 804 2719 (verbis
821 2692 911 2714 modice
923 2696 997 2714 muta-

150 2734 199 2761 tis),
217 2734 238 2755 in
258 2739 304 2761 quo
323 2733 371 2754 loco
397 2732 447 2754 Vat.
466 2732 512 2754 sola
530 2731 623 2761 plenius
649 2737 691 2759 pro
709 2731 793 2760 maqz's.
812 2732 916 2759 Sequens
934 2731 997 2753 loeus

149 2773 253 2800 Gregorii
271 2774 305 2793 est
322 2772 343 2793 iu
361 2771 440 2793 Ezecli.
458 2771 494 2797 23,
517 2771 549 2798 13,
569 2777 590 2792 n.
609 2770 645 2792 48.

212 2810 222 2825 3
238 2810 293 2838 Cap.
316 2810 348 2837 14,
366 2811 397 2832 12.
407 2823 437 2826 -
447 2810 520 2832 Locus
533 2810 611 2832 lsidori
624 2812 658 2832 est
670 2810 683 2831 l.
697 2810 756 2831 Sent.
770 2815 788 2831 e.
806 2809 838 2831 10.
852 2816 873 2831 n.
886 2810 906 2836 8,
919 2815 997 2831 secun-

150 2850 205 2872 dum
224 2856 330 2876 sensum,
348 2852 370 2871 et
381 2849 445 2871 locus
457 2849 538 2876 isaiae,
551 2849 590 2877 qui
603 2854 656 2870 mox
668 2849 755 2876 citatur,
768 2850 801 2870 est
819 2854 838 2870 c.
864 2847 896 2876 11,
911 2848 946 2869 13.
964 2847 996 2876 tt,

150 2890 264 2912 nonnullis
281 2889 373 2911 mutatis
398 2892 419 2911 et
440 2888 538 2910 omissis.
565 2887 668 2909 Subinde
694 2893 736 2916 pro
755 2886 848 2916 quidem
865 2887 933 2909 codd.
952 2887 998 2909 BD

151 2928 210 2951 bene
228 2928 319 2958 quippe.

213 2967 222 2982 ⁴
240 2967 293 2995 Cap.
317 2968 353 2995 l2,
372 2968 392 2990 3.
413 2966 552 2989 4.—Paulo
569 2967 664 2989 inferius
678 2973 719 2994 pro
731 2966 822 2996 eoecepit
838 2972 918 2988 ornnes
935 2966 997 2994 edd,

151 3014 199 3030 exe.
218 3007 274 3030 Vat..
293 3006 392 3036 recepi&
411 3009 433 3028 et
450 3013 502 3029 mox
520 3012 562 3034 pro
579 3007 606 3028 rut
623 3005 730 3029 sitnobz's
747 3005 783 3028 ed.
801 3006 806 3027 l
828 3006 856 3028 ut
866 3005 912 3028 sini
924 3004 996 3028 nobis.

1117 2574 1127 2589 5
1144 2575 1224 2602 tiphos.
1244 2574 1270 2602 6,
1293 2574 1326 2596 1-2.
1344 2573 1389 2596 Csr.
1408 2576 1429 2595 et
1446 2573 1501 2595 ibid.
1520 2574 1541 2601 2,
1561 2574 1581 2595 2.

1116 2613 1126 2627 6
1144 2613 1188 2635 Csr.
1207 2615 1311 2640 August,
1330 2612 1366 2634 Xl.
1386 2612 1414 2634 de
1431 2613 1487 2634 Gen.
1505 2612 1534 2634 ad
1551 2612 1582 2634 lit.
1600 2618 1619 2634 c.
1638 2612 1674 2634 26.
1690 2618 1711 2634 ιη.
1730 2613 1766 2635 33.
1785 2613 1858 2635 Locus
1876 2620 1903 2636 ex

1056 2653 1114 2675 Petri
1132 2653 1201 2680 Epist.
1220 2658 1272 2674 mox
1290 2653 1371 2674 citatus
1388 2654 1422 2673 est
1439 2652 1462 2673 lt.
1483 2652 1551 2679 Epist.
1570 2658 1589 2673 e.
1612 2652 1637 2679 l,
1657 2652 1698 2674 ta:
1717 2653 1806 2681 ...quasi
1832 2653 1902 2675 lucer-

1055 2698 1097 2714 nae
1115 2692 1197 2714 lucenti
1215 2692 1236 2713 in
1255 2692 1379 2720 caliginoso
1402 2691 1459 2713 loco.
1477 2690 1522 2713 Cir.
1543 2691 1598 2713 ibid.
1621 2692 1641 2719 ⁴2,
1666 2691 1686 2714 4.
1709 2694 1731 2713 et
1748 2691 1815 2714 ludas
1832 2698 1854 2714 v.
1873 2692 1902 2714 ὃς

1055 2730 1177 2758 Angelos...
1196 2731 1293 2753 vinculis
1310 2731 1408 2753 aeternis
1420 2730 1463 2753 sub
1476 2731 1572 2758 caligine
1585 2732 1718 2753 reservavit.
1732 2730 1806 2753 Locus
1819 2731 1903 2753 deinde

1056 2769 1131 2792 lllattli.
1149 2774 1182 2792 est
1200 2770 1244 2797 25,
1263 2770 1299 2792 41.

1117 2809 1128 2824 7
1145 2810 1213 2837 Epist.
1233 2809 1247 2831 l.
1265 2809 1293 2831 ad
1306 2809 1357 2832 Cor.
1377 2809 1416 2837 15,
1435 2809 1471 2831 24.
1490 2809 1539 2831 Mox
1556 2810 1678 2838 respicitur
1694 2810 1750 2832 Dan.
1770 2810 1811 2837 10,
1827 2810 1904 2832 13.-

1056 2849 1091 2871 Ad
1109 2849 1198 2871 initium
1216 2849 1284 2871 buius
1302 2854 1352 2876 cap.
1370 2848 1420 2871 cod.
1438 2849 1482 2870 Ers.
1495 2850 1597 2871 annotat:
1615 2849 1671 2871 lllud
1688 2848 1824 2877 Gandolplii,
1842 2849 1903 2871 Sent.

1057 2888 1070 2910 l.
1089 2888 1110 2910 2.
1124 2894 1142 2909 e.
1165 2886 1197 2909 14.
1215 2887 1365 2915 Gandolpbus
1377 2890 1428 2910 ante
1446 2887 1580 2915 Magistrum
1597 2888 1688 2916 scripsit
1700 2887 1770 2910 libros
1781 2888 1903 2910 Sententia-

1057 2933 1109 2949 rum
1128 2926 1203 2948 adhue
1221 2926 1324 2949 ineditos.

1119 2966 1129 2981 ⁸
1146 2967 1196 2989 Vat.
1215 2965 1367 2994 dominatur,
1386 2966 1453 2989 codd.
1472 2973 1514 2988 nee
1539 2972 1583 2988 non
1601 2966 1654 2989 edd.
1674 2967 1682 2988 1
1694 2985 1699 2994 ‚
1718 2967 1742 2994 2,
1761 2967 1786 2993 3,
1804 2966 1819 2988 7
1837 2967 1903 2989 retra·

1057 3005 1172 3034 gentibus.
1190 3018 1221 3022 —
1238 3005 1270 3027 De
1287 3011 1420 3028 mammona
1438 3006 1478 3028 cfr.
1497 3006 1550 3028 Luc.
1570 3006 1611 3034 16,
1629 3006 1694 3034 9-13;
1714 3006 1788 3029 Manu.
1807 3006 1828 3033 6,
1846 3005 1882 3028 24.
