2243 3425
795 213 878 242 DlST.
900 213 972 242 XLII.
995 214 1117 243 DIVISIO
1139 215 1276 243 TEXTUS.
1834 218 1889 245 959

142 296 197 315 rem
217 295 284 321 esse,
304 288 433 323 ideoque,
454 292 482 315 ut
502 289 629 320 excellat,
654 289 761 316 divitias
781 291 870 324 cupit;
890 291 935 317 tali
954 298 987 318 cx

141 331 268 365 superbia
297 331 418 358 oboritur
444 332 587 366 cupiditas.
613 333 645 358 Et
673 335 713 358 est
739 332 850 367 aliquis,
870 334 915 367 qui
936 341 987 360 non

141 377 242 400 amaret
261 373 401 405 excellere,
415 374 464 400 nisi
480 377 599 408 putaret,
619 382 668 408 per
681 374 732 400 lioc
746 376 861 402 maiores
881 376 988 402 divilias

141 415 276 443 habere».
297 416 358 443 Ideo
378 423 441 449 ergo
455 417 587 443 excellere
607 416 719 449 laborat,
740 417 802 451 quia
824 417 931 444 divitias
945 419 989 445 ha-

143 458 206 485 bere
225 462 304 486 amat.
324 459 392 486 Huic
419 459 566 485 innascitur
585 458 721 493 superbia,
742 459 767 485 id
789 463 828 486 est
847 467 923 487 amor
943 468 987 487 ex-

1044 291 1191 323 cellentiac⁷
1212 299 1244 318 cx
1264 292 1419 326 cupiditate.
1434 294 1508 320 Patet
1521 300 1597 327 ergo,
1618 293 1689 328 quod
1710 301 1743 320 ex
1762 293 1890 328 superbia

1044 334 1189 369 aliquando
1209 335 1351 369 cupiditas,
1371 339 1397 362 et
1416 343 1448 362 cx
1468 336 1616 370 cupiditate
1636 336 1780 371 aliquando
1800 343 1892 370 super-

1046 377 1089 403 bia
1110 378 1209 409 oritur;
1229 381 1254 404 et
1274 378 1334 405 ideo
1354 378 1387 405 de
1408 382 1521 413 utraque
1542 382 1613 406 recte
1633 379 1744 412 dicitur,
1765 379 1837 414 quod
1857 380 1891 406 sit

1044 420 1122 446 radix
1142 420 1228 446 omnis
1249 421 1320 448 mali.

426 594 864 643 COMMENTARIUS
900 596 962 643 IN
995 597 1435 648 DISTINCTIONEM
1468 601 1605 649 XLII.

662 734 708 767 De
733 733 909 768 differentiis
934 740 1126 779 peccatorum
1154 735 1183 768 in
1209 737 1372 771 communi.

628 874 701 903 Cum
732 879 830 903 <tutem
862 874 998 904 voluntas
1029 875 1111 904 mala
1142 880 1167 904 et
1199 877 1330 913 operatio
1361 881 1412 907 etc.

877 1009 1000 1038 DIVISIO
1022 1010 1161 1039 TEXTUS.

221 1141 312 1177 Supra
333 1141 454 1169 ostendit
476 1141 617 1178 Magister,
639 1142 760 1179 qualiter
782 1145 927 1179 peccatum
950 1151 992 1171 or-

143 1191 203 1216 tum
219 1188 320 1216 habeat
335 1196 351 1216 a
366 1188 509 1217 voluntate
524 1189 550 1217 in
567 1189 706 1226 generali3
722 1189 747 1218 in
764 1190 816 1218 hac
831 1198 898 1218 vero
913 1193 992 1226 parte

144 1234 288 1263 descendit
309 1235 438 1272 Magister
459 1235 494 1264 ad
517 1235 688 1264 differentias
710 1236 823 1273 peccati.
850 1236 991 1265 Dividitur

144 1285 237 1310 autem
259 1289 326 1318 pars
348 1282 400 1310 ista
421 1282 447 1310 in
478 1285 571 1319 partes
599 1282 678 1311 duas.
705 1282 734 1311 ln
756 1291 877 1320 quarum
900 1283 991 1320 prima

145 1328 288 1357 descendit
309 1328 438 1365 Magister
459 1329 494 1357 ad
510 1329 681 1358 differentias
695 1330 799 1366 peccati
816 1338 990 1358 communes.

145 1375 172 1403 [n
195 1375 318 1404 secunda
339 1383 407 1404 vero
429 1375 573 1404 descendit
594 1376 627 1404 ad
652 1384 739 1405 unum
766 1380 911 1414 peccatum
933 1386 992 1414 spe-

144 1421 227 1455 ciale,
249 1422 325 1458 quod
347 1425 388 1450 est
404 1422 475 1451 inter
496 1425 588 1451 cetera
610 1426 787 1459 peccatorum
810 1431 912 1460 genera
937 1432 992 1452 ma-

145 1469 187 1506 gis
201 1476 287 1506 grave
301 1472 328 1498 et
342 1469 538 1504 abominabile,
562 1470 598 1498 ibi
614 1470 618 1484 ¹
632 1481 637 1498 :
653 1471 703 1498 Est
720 1474 876 1507 praeterea
898 1480 991 1499 unum

142 1525 234 1553 yellus
252 1516 367 1552 peceati
386 1520 437 1545 etc.

222 1562 314 1590 Prima
335 1570 409 1599 pars,
431 1571 502 1600 quae
524 1566 630 1599 spectat
651 1563 686 1592 ad
702 1567 877 1600 praesentem
899 1564 994 1593 distin-

145 1609 279 1643 ctionem,
302 1612 358 1638 tres
379 1609 463 1638 habet
484 1613 593 1646 partes,
609 1610 740 1646 quoniam
757 1611 915 1640 differentia
933 1619 994 1648 pec-

145 1656 198 1684 cati
219 1656 254 1685 ad
276 1659 421 1693 peccatum
437 1659 526 1693 potest
541 1657 644 1685 attendi
669 1657 829 1694 tripliciter:
845 1662 894 1686 aut
909 1666 993 1695 quan-

146 1706 205 1732 tum
226 1703 262 1732 ad
284 1707 394 1737 aclzmn,
417 1707 466 1732 aut
486 1707 622 1741 quantum
639 1704 674 1733 ad
690 1709 816 1738 reatum,
839 1709 888 1734 aut
909 1714 994 1742 quan-

146 1753 205 1779 tum
236 1750 272 1779 ad
304 1751 435 1787 peccandi
465 1751 593 1779 modum.
625 1751 652 1779 ln
676 1752 767 1788 prima
788 1760 855 1789 ergo
877 1752 993 1790 inquirit

146 1797 275 1834 Magister
296 1797 482 1827 differentiam
504 1798 576 1827 inter
598 1802 710 1836 peccata
735 1799 828 1836 operis
850 1803 877 1828 et
898 1800 993 1828 volun-

146 1845 216 1873 tatis.
239 1845 266 1873 ln
289 1845 412 1874 secunda
434 1845 549 1883 inquirit
564 1846 748 1875 differentiam
764 1855 780 1875 a
795 1850 873 1884 parte
888 1851 992 1881 reatus,

146 1899 217 1928 quae
238 1894 279 1920 est
301 1891 373 1920 inter
402 1900 491 1929 genus
519 1893 625 1929 peccati
646 1892 790 1929 originalis
812 1896 839 1921 et
859 1893 992 1927 actualis,

145 1938 262 1966 venialis
276 1941 303 1966 et
318 1938 453 1973 mortalis,
476 1939 528 1967 ibi:
553 1939 711 1967 Praeterea
733 1939 839 1976 quaeri
858 1939 927 1967 ,solet
941 1943 991 1968 etc.

146 1985 174 2013 [n
196 1985 277 2013 tertia
306 1992 372 2013 vero
400 1985 544 2022 subiungit
573 1985 670 2014 modos
702 1985 828 2014 diversos
860 1986 992 2023 peccandi

146 2032 204 2061 sive
226 2032 338 2060 diversa
359 2039 461 2068 genera
490 2036 668 2069 peccatorum
691 2040 741 2069 per
762 2032 876 2061 modum
900 2041 993 2061 narra-

148 2080 244 2111 tionis,
267 2079 316 2107 ibi:
339 2079 419 2107 Modz‘
439 2084 537 2108 autem
556 2084 746 2116 peccatorum
767 2080 873 2108 vcw'z'as
894 2083 945 2109 etc.

225 2127 316 2155 Prima
336 2134 402 2163 pars
423 2126 560 2155 dividitur
575 2127 601 2155 in
625 2128 704 2155 duas.
720 2127 749 2155 ln
764 2135 885 2164 quarum
902 2127 992 2164 prima

1049 1143 1178 1180 Magister
1200 1147 1293 1173 movet
1307 1146 1498 1181 quaestionem
1514 1150 1542 1175 et
1556 1147 1724 1177 determinat
1738 1150 1894 1179 secundum

1048 1190 1189 1226 duplicem
1211 1191 1379 1228 opinionem.
1400 1192 1428 1220 ln
1450 1193 1574 1222 secunda
1592 1202 1659 1223 vero
1681 1196 1831 1232 respondet
1850 1197 1897 1226 ob-

1049 1236 1223 1272 iectionibus,
1245 1246 1317 1275 quae
1338 1239 1506 1276 impugnare
1521 1241 1653 1270 videntur
1668 1243 1825 1279 opinionem
1842 1252 1897 1272 ma-

1048 1284 1090 1320 gis
1111 1285 1301 1321 probabilem,
1324 1286 1376 1315 ibi:
1405 1287 1517 1323 Quibus
1538 1288 1594 1316 alia*
1613 1289 1801 1326 respondent,
1825 1289 1896 1320 haec

1049 1331 1107 1359 duo
1129 1332 1267 1361 ἀίωθνεα2
1289 1336 1340 1362 etc.

1128 1379 1259 1408 Similiter
1281 1381 1404 1409 secunda
1425 1389 1499 1418 pars,
1515 1382 1541 1410 in
1564 1391 1619 1420 qua
1634 1383 1750 1421 inquirit
1771 1384 1898 1414 differen-

1048 1425 1100 1454 tias
1115 1429 1294 1462 peccatorum
1310 1430 1447 1464 quantum
1463 1429 1498 1457 ad
1521 1433 1645 1464 reatum,
1668 1431 1740 1460 duas
1754 1431 1847 1461 habet.
1869 1433 1897 1461 [n

1050 1472 1141 1509 prima
1163 1473 1288 1510 quaerit,
1310 1474 1430 1512 qualiter
1452 1479 1548 1505 reatus
1578 1478 1666 1514 possit
1686 1486 1816 1513 manere,
1838 1487 1898 1516 pec-

1050 1522 1110 1547 cato
1131 1519 1252 1549 abeunte
1261 1531 1268 1554 3
1299 1520 1326 1548 in
1356 1529 1409 1558 qua
1443 1523 1579 1559 accipitur
1601 1523 1757 1553 differentia
1781 1526 1898 1555 actualis

1050 1566 1155 1601 peccati
1177 1570 1204 1594 et
1225 1567 1377 1604 originalis,
1399 1569 1465 1605 quia
1486 1570 1595 1598 actuale
1617 1571 1717 1599 transit
1730 1575 1795 1600 actu
1816 1576 1843 1601 et
1858 1581 1898 1602 re-

1050 1616 1145 1641 manet
1166 1617 1261 1648 reatu,
1283 1615 1418 1652 originale
1443 1619 1537 1644 autem
1570 1625 1584 1645 c
1617 1619 1776 1647 converso³.
1802 1620 1829 1648 In
1859 1628 1899 1649 se-

1050 1659 1143 1687 cunda
1163 1668 1230 1688 vero
1251 1661 1381 1696 ostendit,
1403 1663 1478 1699 quod
1501 1668 1596 1692 reatus
1617 1664 1810 1702 multipliciter
1831 1667 1899 1696 acci-

1050 1706 1127 1742 pitur
1149 1707 1176 1735 in
1198 1708 1359 1744 Scriptura,
1381 1709 1510 1738 videlicet
1531 1719 1582 1747 pro
1604 1711 1771 1748 obligatione
1793 1721 1899 1750 poenae

1050 1756 1180 1782 aeternae
1202 1758 1229 1783 et
1250 1763 1355 1791 poenae
1377 1757 1548 1794 temporalis⁷
1571 1766 1606 1787 ex
1629 1767 1684 1796 quo
1699 1760 1835 1797 accipitur
1851 1761 1899 1789 dif-

1050 1800 1168 1829 ferentia
1190 1802 1316 1830 mortalis
1338 1803 1442 1840 peccati
1458 1807 1485 1832 et
1500 1805 1625 1838 venialis,
1647 1805 1700 1834 ibi:
1724 1807 1832 1835 Rectus
1847 1816 1899 1836 ctu-

1052 1850 1106 1875 tem
1128 1848 1159 1875 iu
1181 1848 1340 1885 Scriptura
1361 1850 1561 1887 multipliciter
1582 1852 1739 1889 coeezpitmn

1130 1894 1261 1923 Similiter
1284 1896 1365 1924 tertia
1386 1905 1452 1933 pars
1474 1897 1545 1926 duas
1567 1898 1651 1927 babet
1665 1902 1767 1936 partes.
1790 1901 1817 1928 ln
1834 1909 1900 1938 qua-

1051 1948 1115 1968 rum
1137 1941 1228 1977 prima
1250 1942 1337 1978 tangit
1358 1943 1487 1979 Magister
1502 1944 1626 1981 quinque
1642 1946 1739 1975 modos
1754 1947 1897 1976 dividendi

1051 1990 1163 2023 peccata
1184 1991 1331 2016 consuetos
1353 1989 1380 2017 in
1402 1990 1554 2027 Scriptura.
1577 1991 1604 2019 ln
1627 1992 1750 2021 secunda
1771 2001 1838 2022 vero
1858 2002 1898 2022 re-

1051 2037 1144 2062 movet
1165 2034 1377 2071 dubitationem,
1399 2045 1471 2073 quae
1492 2041 1585 2066 ortum
1608 2038 1691 2067 habet
1712 2047 1748 2068 ex
1764 2048 1820 2068 una
1841 2041 1899 2069 illa-

1051 2089 1115 2109 rum
1148 2081 1331 2117 divisionum,
1364 2083 1416 2111 ibi:
1440 2084 1484 2111 Ex
1512 2085 1652 2121 superbia
1681 2089 1776 2115 tamen
1797 2087 1898 2116 omnia

1050 2127 1132 2155 wala
1154 2128 1295 2156 ort'tmtm·
1317 2132 1367 2158 etc.

797 2247 983 2276 TRACTATlO
1003 2248 1246 2284 QUAESTIONUM.

226 2367 264 2395 Ad
288 2367 497 2404 intelligentiam
519 2371 613 2396 autem
630 2368 715 2396 huius
730 2368 818 2405 partis
838 2368 993 2397 secundum

148 2414 213 2447 tria,
234 2421 306 2451 quae
328 2413 373 2442 hic
396 2413 634 2448 determinantur,
663 2415 737 2443 circa
758 2415 811 2442 tria
832 2415 928 2443 incidit
949 2415 994 2443 hie

148 2461 281 2498 quaestio.

227 2508 318 2536 Primo
339 2512 381 2537 est
403 2508 448 2537 hio
463 2509 589 2545 quaestio
604 2508 639 2536 de
660 2508 867 2545 comparatione
889 2508 993 2545 peccati

147 2555 240 2592 operis
261 2555 297 2583 ad
318 2558 464 2591 peccatum
487 2554 646 2583 voluntatis.

227 2602 373 2636 Secundo,
396 2601 430 2630 de
454 2601 660 2638 comparatione
689 2602 792 2638 peccati
825 2601 940 2630 venialis
968 2605 995 2630 et

150 2648 252 2685 peccati
275 2648 409 2677 mortalis.

1130 2370 1221 2399 Tertio
1244 2371 1339 2400 incidit
1353 2372 1397 2401 hic
1412 2373 1538 2409 quaestio
1553 2373 1626 2402 circa
1641 2373 1739 2403 modos
1753 2374 1896 2404 dividendi

1051 2419 1205 2452 peccatum.

1130 2462 1208 2491 Circa
1231 2464 1353 2500 primum
1376 2469 1553 2501 quaeruntur
1574 2466 1639 2495 duo.

1133 2509 1224 2538 Primo
1246 2512 1401 2547 quaeritur,
1422 2515 1518 2540 utrum
1534 2517 1679 2548 peccatum
1703 2514 1855 2544 voluntatis
1870 2519 1897 2544 et

1051 2556 1144 2592 operis
1165 2556 1219 2584 sint
1240 2557 1296 2585 duo
1318 2561 1442 2594 peccata,
1459 2559 1502 2587 vel
1523 2567 1621 2587 unum.
1790 2555 1791 2558 ¹

1131 2603 1266 2638 Secundo,
1288 2607 1385 2633 utrum
1408 2613 1496 2634 unum
1511 2606 1596 2634 addat
1617 2606 1653 2635 ad
1668 2607 1798 2636 alterum.

213 2876 219 2890 ¹
239 2877 290 2898 scii.
308 2876 373 2905 infra
391 2876 412 2899 d.
430 2875 483 2905 45,
511 2877 570 2899 sicut
586 2880 608 2899 et
625 2877 647 2899 in
666 2877 716 2899 Vat.
734 2883 776 2899 nec
793 2883 838 2900 non
856 2878 877 2899 in
895 2877 947 2900 edd.
966 2878 993 2906 3,

150 2915 163 2937 -2
181 2916 264 2943 legitur
281 2921 323 2943 pro
340 2914 378 2938 ibi.

212 2954 221 2968 ‘2
239 2954 281 2976 Pro
300 2955 334 2976 iiis
351 2953 429 2977 vorbis
446 2961 472 2977 ex
491 2955 597 2983 Magistro
614 2955 685 2977 allatis
703 2955 752 2978 Vnt.
771 2960 792 2978 et
804 2955 857 2978 edd.
871 2956 898 2983 3,
912 2955 924 2977 4
937 2957 996 2978 exbi-

152 2992 205 3016 bent
221 2993 305 3021 verba,
324 2999 383 3022 quae
400 2994 421 3015 in
440 2996 500 3016 textu
520 2994 618 3022 Magistri
637 2994 664 3021 (c.
687 2995 714 3023 1.)
731 2994 809 3017 verbis
822 2994 943 3023 praedictis
955 2996 997 3017 im-

1054 2877 1152 2900 mediate
1170 2879 1322 2907 praccedunt,
1340 2880 1463 2903 nimirum:
1484 2880 1545 2909 Quia
1562 2888 1616 2905 cum
1633 2884 1721 2906 constet
1737 2887 1779 2906 etc.
1798 2884 1897 2907 Eaedem

1052 2916 1104 2939 edd.
1122 2917 1190 2945 paulo
1208 2919 1314 2946 superius
1330 2918 1403 2941 verbo
1420 2920 1544 2949 respondet
1560 2923 1708 2949 praemittunt
1723 2922 1789 2952 ponit
1806 2924 1833 2947 et.

1114 2955 1123 2970 3
1142 2956 1200 2979 Vide
1217 2963 1287 2985 supra
1305 2957 1327 2980 d.
1345 2958 1438 2981 XXXll.
1464 2959 1494 2982 lit.
1512 2960 1625 2989 Magistri,
1644 2968 1662 2984 c.
1683 2962 1702 2984 l.
1720 2965 1742 2985 et
1759 2962 1814 2986 ibid.
1832 2963 1898 2986 Com·

1052 2999 1121 3018 ment.
1139 3003 1158 3018 a.
1180 2997 1197 3018 l.
1216 3003 1237 3025 q.
1257 2998 1277 3019 Ἰ,
