2243 3425
12 2253 82 2276 opposi-

701 233 785 261 DIST.
807 232 907 261 XXVII.
930 233 1002 261 ART.
1025 233 1054 261 ΙΙ.
1076 233 1211 269 QUAEST.
1234 233 1251 261 l.
1800 235 1851 263 661

97 310 181 344 ciale,
203 310 301 339 eadem
323 314 364 339 est
385 318 449 339 cum
472 311 579 348 gratia3
602 311 651 340 sed
673 311 776 348 gloria,
799 319 870 348 quae
886 319 947 339 con-

97 358 168 387 sistit
188 358 216 386 in
237 357 312 386 stola
334 358 485 395 corporis,
508 358 561 386 erit
582 358 617 386 ab
639 366 671 387 ea
693 358 813 387 diversa.

174 405 201 433 4.
224 405 262 433 Ad
285 404 355 433 illud
378 405 453 442 quod
469 405 615 439 obiicitur,
631 405 706 442 quod
722 404 905 442 corruptibile
920 408 947 433 et

96 452 308 488 incorruptibile
331 452 440 480 variant
460 452 629 486 essentiam3
651 452 812 487 dicendum,
827 452 901 489 quod
918 452 946 480 il-

97 498 147 527 lud
168 507 223 527 non
244 499 329 527 habet
351 498 459 533 10011111,
482 499 534 527 nisi
556 499 604 527 ubi
627 498 847 535 corruptibilitas
862 501 889 527 et
908 499 947 527 in-

96 545 316 582 corruptibilitas
338 545 413 574 venit
434 553 469 574 ex
492 549 594 574 natura
615 545 819 582 principiorum
838 553 947 582 compo-

96 592 230 621 nentium.
253 592 306 621 Hoc
328 596 421 621 autem
444 600 498 620 non
521 596 563 621 est
585 592 611 620 in
633 592 791 629 proposito,
813 593 879 629 quia
898 593 947 621 im-

96 639 268 668 mutabilitas
296 639 401 677 gloriae
428 640 504 668 venit
532 639 699 674 desursum,
726 639 946 676 corruptibilitas

95 689 189 715 autem
211 687 316 724 gratiae
338 687 373 716 de
394 687 542 721 deorsum,
558 686 688 715 videlicet
703 694 718 715 a
734 686 813 715 liberi
836 686 943 715 arbitrii

94 733 274 763 vertibilitate
286 734 302 761 ¹.

174 781 199 808 5.
221 780 261 809 Ad
282 780 353 809 illud
375 780 450 818 quod
471 780 602 809 obiicitur
624 780 659 809 de
680 784 863 817 cognoscente
874 781 892 815 2,
908 781 946 809 di-

1004 311 1145 346 cendum,
1171 312 1246 349 quod
1269 311 1339 340 illud
1361 320 1416 340 non
1439 311 1580 341 concludit
1609 312 1795 341 differentiam
1818 320 1857 342 se-

1005 359 1130 387 cundum
1152 359 1314 387 essentiam.
1337 359 1399 387 Sola
1421 359 1495 388 enim
1518 359 1674 388 differentia
1699 360 1855 389 secundum

1004 409 1115 434 statum
1136 408 1226 442 potest
1248 406 1354 441 facere,
1376 409 1408 434 ut
1428 406 1558 435 videatur
1580 406 1655 444 quod
1671 407 1751 444 prius
1766 407 1855 436 videri

1004 460 1059 480 non
1082 455 1205 488 poterat;
1228 453 1299 482 sicut
1320 453 1423 490 aliquis
1444 462 1499 482 non
1521 454 1661 491 cognoscit
1682 453 1856 483 affectionem

1005 507 1102 534 suam,
1124 500 1236 536 quando
1258 508 1313 528 non
1335 504 1377 529 est
1399 500 1523 535 intensa,
1539 501 1587 530 sed
1603 501 1716 538 quando
1737 505 1858 538 postmo-

1006 546 1073 574 dum
1095 546 1265 581 intenditur,
1288 550 1354 576 tunc
1375 547 1410 576 de
1431 548 1504 577 facili
1526 548 1747 585 deprehenditur
1769 551 1797 577 et
1816 556 1858 577 co-

1005 593 1157 629 gnoscitur.
1179 593 1266 628 item,
1288 594 1364 622 color
1385 594 1413 622 in
1435 594 1558 624 tenebris
1580 603 1635 623 non
1656 599 1699 624 est
1719 595 1856 630 visibilis,

1005 643 1031 668 et
1053 639 1081 668 in
1103 639 1209 669 lumine
1231 643 1272 668 est
1294 640 1428 675 visibilis,
1451 644 1479 670 et
1493 645 1586 670 tamen
1603 642 1679 671 color
1693 650 1747 671 non
1764 642 1857 671 differt

1004 686 1208 721 essentialiter3
1231 687 1269 715 sic
1291 695 1342 716 nec
1362 687 1510 717 diversitas
1526 689 1601 717 modi
1617 689 1801 726 cognoscendi
1816 697 1857 718 re-

1005 737 1102 770 spectu
1117 734 1222 770 gratiae
1237 737 1264 763 et
1279 734 1384 771 gloriae
1399 735 1484 764 habet
1498 744 1545 764 eas
1560 736 1744 765 essentialiter
1766 736 1856 766 diver—

1004 781 1122 810 sificare.
1138 798 1177 802 -
1192 781 1223 810 Et
1244 781 1283 810 sic
1305 785 1381 819 patet
1402 783 1546 819 responsio
1561 783 1597 812 ad
1612 784 1705 812 omnia
1719 785 1853 822 quaesita.

841 884 1104 921 SOHOLION.

156 973 171 995 I.
191 973 294 996 Verbum
310 973 389 1003 gloria.
401 974 422 996 in
435 974 500 996 vario
517 980 586 996 sensu
599 974 672 1002 accipi
683 976 764 1002 potest,
777 973 818 996 sed
831 974 874 996 1100
886 974 943 1003 loco7

94 1017 119 1036 ut
135 1014 185 1036 vult
201 1013 308 1036 Richard.
326 1020 338 1036 a
356 1014 414 1036 Med.
433 1014 465 1041 (ll.
483 1013 546 1036 Seni.
560 1013 582 1036 d.
600 1014 637 1035 29.
655 1019 675 1035 a.
694 1013 714 1035 ¹l.
733 1019 755 1042 q.
774 1013 813 1041 2.),
832 1013 944 1042 accipitur

98 1061 107 1073 α
119 1059 162 1081 pro
179 1052 270 1081 habitu,
289 1054 355 1075 cuius
371 1055 405 1075 est
422 1056 486 1075 actus
504 1054 553 1081 ipsa
566 1053 660 1075 actualis
678 1053 808 1075 coniunctio
826 1055 944 1074 creaturae

93 1092 220 1121 rationalis,
239 1093 275 1114 vel
288 1092 444 1114 intellectualis
456 1098 509 1114 cum
522 1092 568 1114 Deo
580 1098 622 1120 per
637 1092 721 1114 claram
734 1092 847 1113 visionem
860 1094 881 1114 01
894 1097 943 1119 per-

93 1132 174 1154 fectam
193 1131 337 1154 dilectionem
351 1140 371 1154 ».
389 1131 548 1154 Communiter
561 1131 656 1154 docetur
672 1138 684 1154 a
702 1132 830 1159 magistris,
848 1134 943 1159 excepto

93 1171 215 1199 Durando,
234 1171 297 1200 quod
314 1172 386 1199 gratia
404 1171 433 1194 ad
451 1171 549 1199 gloriam
566 1177 591 1193 se
608 1171 701 1199 habeat,
720 1174 745 1194 ut
762 1177 840 1193 semen
854 1171 882 1193 ad
900 1172 944 1193 fru-

93 1212 162 1233 ctum.
181 1211 202 1233 S.
221 1211 304 1233 Thom.
323 1211 354 1238 (S.
372 1211 395 1233 ll.
414 1211 437 1233 ll.
450 1218 472 1240 q.
486 1211 522 1233 24.
541 1217 560 1233 a.
579 1211 599 1233 3.
618 1211 647 1233 ad
665 1212 695 1239 2.)
715 1211 783 1233 dicit:
800 1210 905 1234 «Gratia
922 1213 945 1233 et

92 1248 171 1279 ,cloria
188 1249 218 1272 ad
235 1250 296 1272 idem
314 1256 388 1278 genus
405 1250 545 1278 referuntur⁷
572 1252 625 1279 quia
651 1251 725 1279 gratia
752 1250 805 1272 nihil
831 1252 865 1272 est
882 1250 944 1272 aliud

95 1295 165 1318 quam
191 1289 306 1318 quaedam
332 1290 445 1312 inchoatio
472 1290 557 1317 gloriae
584 1290 606 1311 in
625 1289 691 1312 nobis
704 1298 725 1312 ».
744 1302 773 1305 -—
791 1289 833 1317 Qui
852 1292 942 1317 tenent,

1003 975 1100 1002 gratiam
1119 981 1164 997 non
1182 975 1291 1003 distingui
1310 976 1401 998 realiter
1418 982 1430 998 a
1448 976 1559 1004 caritate‚,
1570 976 1660 1005 dicunt,
1679 977 1756 999 lumen
1769 977 1855 1005 gloriae

1003 1020 1015 1036 a
1033 1015 1105 1042 gratia
1123 1015 1272 1037 essentialiter
1290 1015 1412 1044 distingui,
1430 1021 1484 1038 cum
1501 1016 1631 1038 secundum
1644 1017 1706 1044 ipsos
1723 1016 1767 1038 alio
1785 1016 1855 1039 modo

1002 1059 1026 1075 se
1044 1052 1126 1076 habeat
1144 1052 1224 1082 qratia.
1241 1053 1270 1075 ad
1287 1053 1404 1083 pluriam,
1419 1061 1489 1083 quam
1508 1054 1598 1078 caritas
1616 1054 1666 1078 viae
1684 1055 1713 1077 ad
1731 1055 1855 1079 caritatem

1001 1091 1100 1121 patriae.
1120 1091 1204 1115 Gloria
1221 1093 1282 1114 enim
1301 1096 1391 1121 praeter
1409 1094 1534 1121 perfectam
1551 1095 1667 1117 caritatem
1680 1094 1856 1123 comprehendit

1002 1131 1121 1160 quoddam
1139 1131 1217 1154 lumen
1235 1131 1362 1161 habituale,
1388 1139 1435 1161 quo
1459 1133 1585 1155 intellectus
1610 1133 1714 1156 elevatur
1734 1133 1763 1156 ad
1781 1134 1855 1156 Deum

1001 1170 1142 1199 videndum,
1162 1171 1225 1200 quod
1243 1172 1320 1194 lumen
1339 1172 1414 1195 differt
1431 1179 1443 1194 a
1461 1172 1548 1195 lumine
1573 1172 1626 1195 fidei
1654 1173 1692 1199 (ita
1717 1173 1823 1196 Richard.
1842 1179 1855 1196 a

1001 1210 1074 1238 Med,
1093 1211 1135 1233 loc.
1154 1212 1189 1233 cit.
1208 1211 1237 1233 ad
1256 1212 1295 1240 2.).

1064 1250 1155 1272 Praeter
1173 1250 1313 1273 Richardum
1331 1251 1435 1279 explicite
1448 1251 1477 1274 de
1488 1252 1531 1274 hac
1548 1253 1681 1281 quaestione
1700 1255 1779 1275 tractat
1791 1253 1855 1275 solus

1000 1289 1093 1317 Dionys.
1111 1289 1199 1318 Carth,
1216 1290 1317 1313 referens
1335 1290 1408 1313 verbu
1426 1293 1514 1314 tantum
1533 1292 1603 1314 nostri
1622 1292 1731 1315 Ductoris.

821 1379 1057 1414 ARTICULUS
1084 1380 1121 1413 Π.

550 1474 592 1503 De
611 1474 715 1512 qratia
737 1474 765 1502 iii
790 1474 1012 1511 comparatione
1033 1475 1075 1503 6th
1094 1475 1194 1504 meriti
1214 1475 1396 1504 exercitz'zmz.

173 1574 381 1611 Consequenter
393 1573 539 1611 quaeritur
550 1573 585 1602 de
597 1573 685 1610 gratia
699 1573 724 1601 10
737 1573 944 1610 comparatione

93 1622 128 1651 ad
144 1621 235 1650 meriti
251 1621 427 1650 exercitium.
445 1621 475 1649 Et
490 1621 564 1649 circa
579 1621 629 1649 hoc
646 1624 823 1658 quaeruntur
839 1620 899 1648 tria.

174 1669 265 1697 Primo
287 1669 449 1706 quaeritur,
472 1671 569 1696 utrum
590 1676 640 1705 per
663 1668 781 1705 gratiam
804 1668 945 1705 contingat

95 1716 198 1745 mereri
221 1716 312 1753 ipsum
335 1716 440 1752 gratiae
462 1715 577 1744 donum.

172 1763 300 1792 Secundo
322 1762 484 1800 quaeritur,
499 1766 596 1791 utrum
613 1762 754 1799 contingat
768 1762 870 1791 mereri
886 1770 946 1799 gra-

1002 1573 1056 1601 tiae
1077 1577 1260 1610 augmentum
1272 1574 1289 1602 ³.

1084 1621 1176 1649 Tertio
1198 1621 1360 1658 quaeritur,
1382 1625 1480 1651 utrum
1502 1630 1552 1659 per
1574 1623 1692 1659 gratiam
1715 1623 1856 1661 contingat

1003 1668 1105 1697 mereri
1136 1668 1224 1705 ipsius
1246 1669 1351 1705 gratiae
1373 1669 1627 1706 complementum,
1650 1670 1779 1699 videlicet
1801 1671 1856 1708 glo-

1002 1715 1061 1744 riae
1083 1716 1250 1752 praemium.

872 1860 1035 1897 0010500
1056 1861 1074 1889 1.

338 1949 444 1977 Utrum
464 1957 516 1985 per
535 1948 671 1986 qratiam
693 1948 845 1985 contz'nyal
865 1948 975 1976 mereri
995 1948 1093 1985 ipsum
1113 1949 1233 1986 ytaliae
1255 1949 1365 1978 stonum
1388 1950 1449 1979 iam
1473 1949 1616 1979 habitum.

173 2049 253 2078 Circa
264 2049 389 2086 primum
405 2048 443 2077 510
459 2048 622 2085 proceditur
636 2050 664 2077 et
678 2047 833 2085 quaeritur,
849 2050 946 2076 utrum

94 2105 145 2135 per
166 2097 284 2134 gratiam
307 2096 448 2133 contingat
469 2096 571 2125 mereri
594 2095 687 2132 ipsum
709 2095 814 2132 gratiae
840 2095 946 2124 donum

95 2145 150 2173 iam
172 2144 309 2172 habitum.
332 2144 363 2172 Et
385 2143 461 2180 quod
483 2143 538 2178 sic,
561 2143 688 2171 ridetur:

176 2193 199 2220 1.
216 2191 308 2219 Primo
319 2199 373 2228 per
389 2190 484 2219 simile
498 2190 526 2219 in
542 2189 744 2227 corporalibus.
765 2189 857 2218 Bonus
872 2189 946 2218 enim

96 2239 175 2269 miles
196 2238 329 2268 strenue⁴
352 2238 497 2267 militando
519 2241 644 2267 meretur
666 2245 787 2274 equum,
803 2245 819 2265 a
834 2237 947 2265 domino

95 2295 146 2316 suo
168 2287 219 2316 sibi
242 2287 329 2324 gratis
351 2286 464 2320 datum,
486 2293 536 2322 per
557 2293 641 2314 usum
665 2285 753 2322 ipsius
775 2284 856 2321 equi:
880 2292 947 2321 ergo

97 2334 118 2364 si
141 2337 234 2363 tantae
249 2337 291 2362 est
306 2333 445 2362 efficaciae
461 2341 530 2362 usus
546 2333 585 2361 rei
601 2332 755 2370 spiritualis
770 2332 797 2360 111
813 2331 947 2360 merendo

97 2389 155 2410 rem
172 2380 364 2418 spiritualem,
380 2380 452 2409 sicut
467 2380 507 2408 rei
524 2380 678 2416 corporalis
694 2380 721 2407 in
737 2379 871 2407 merendo
887 2386 946 2407 rem

96 2428 270 2466 corporalem
284 2439 291 2462 3
313 2427 441 2462 videtur,
457 2427 532 2464 quod
548 2435 598 2463 per
613 2426 719 2463 gratiae
741 2426 846 2454 1101111111
862 2433 946 2453 nsum

95 2479 239 2504 mereatur
260 2475 323 2512 quis
346 2474 451 2503 donum
474 2474 580 2511 gratiae
602 2474 656 2502 iam
679 2476 834 2510 acceptum.

174 2524 199 2551 2.
223 2523 306 2557 110111,
329 2521 406 2559 quod
427 2525 518 2558 potest
540 2521 565 2549 in
582 2521 674 2549 11101115
689 2523 780 2558 potest
795 2520 822 2548 in
838 2520 946 2554 minus:

96 2570 143 2599 sed
166 2578 216 2607 per
238 2577 323 2598 0511111
346 2568 451 2605 gratiae
473 2568 607 2605 contingit
632 2567 735 2596 mereri
762 2566 879 2604 gloriam
902 2566 948 2594 ha-

96 2617 231 2646 bendam:
254 2625 320 2654 ergo
336 2616 425 2644 multo
440 2615 539 2644 fortius
555 2615 689 2652 contingit
710 2614 812 2643 mereri
829 2613 946 2650 gratiam

95 2663 151 2692 iam
172 2663 305 2692 habitam.

158 2797 165 2812 1
185 2797 229 2820 Csr.
248 2804 317 2826 supra
336 2798 358 2820 d.
377 2798 414 2820 26.
433 2804 454 2826 q.
474 2797 494 2819 5.

158 2836 167 2851 ἵ
185 2836 240 2859 Cod.
259 2838 277 2859 K
297 2837 443 2867 coqm‘tz‘onoe
460 2837 510 2859 Vat⁴
529 2836 733 2866 coyizoscibilitate.
752 2837 872 2865 Aliquanto
894 2835 947 2858 infe-

97 2877 144 2899 rius
162 2880 213 2904 post
232 2877 288 2899 Item
306 2877 355 2899 cod.
376 2877 390 2899 Ρ
409 2878 522 2900 interserit
539 2877 607 2900 sicut.

158 2915 167 2929 3
185 2916 235 2938 Vai.
254 2922 307 2938 cum
324 2916 377 2938 edd.
396 2917 420 2945 3,
448 2916 460 2938 4
482 2917 565 2939 ulrum
582 2922 624 2946 per
639 2915 743 2946 qratiam
763 2915 885 2944 couliugyat
900 2920 947 2937 me-

97 2953 147 2977 reri
161 2953 242 2983 ipsum
258 2955 351 2984 gratiae.
363 2956 526 2985 aamneutam.

160 2992 169 3007 ⁴¹
186 2993 240 3016 Cod.
259 2994 277 3015 T
296 2995 317 3017 et
338 2996 462 3023 strenuus,
488 2995 524 3017 ed.
550 2995 555 3016 1
578 2994 602 3017 in
619 2996 725 3022 strenue,
750 2994 800 3016 Vat.
823 3000 875 3016 cum
894 2993 947 3016 edd.

99 3033 120 3061 2,
142 3032 155 3054 4
173 3036 194 3055 et
210 3033 325 3062 aliqu1bus
342 3034 409 3056 coddr
427 3035 450 3057 et
462 3035 564 3057 strenue.

1085 2048 1110 2077 3.
1133 2049 1217 2084 Item,
1239 2050 1436 2087 unusquisque
1457 2051 1546 2088 magis
1567 2055 1608 2080 051
1629 2051 1730 2081 efficax
1751 2052 1787 2081 ad
1802 2060 1857 2081 me-

1005 2096 1125 2125 rendum
1148 2096 1200 2125 sibi
1223 2105 1308 2134 quam
1330 2097 1393 2132 alii;
1416 2098 1464 2127 sed
1488 2098 1539 2126 viri
1555 2099 1638 2133 111511,
1655 2099 1681 2127 in
1697 2100 1801 2136 quihus
1815 2103 1857 2128 est

1005 2144 1109 2180 gratia,
1131 2144 1238 2173 orando
1259 2148 1405 2173 merentur
1426 2145 1487 2173 aliis
1501 2145 1621 2182 primam
1637 2146 1769 2182 gratiam,
1785 2146 1857 2175 sicut

1005 2190 1072 2219 dicit
1084 2191 1255 2227 Augustinus
1268 2191 1301 2220 de
1314 2191 1568 2221 Praedestinatione
1580 2193 1776 2221 Sanctorum-*³2
1790 2201 1856 2230 ergo

1005 2237 1094 2266 multo
1109 2238 1209 2266 fortius
1225 2238 1308 2266 homo
1323 2238 1393 2267 bene
1409 2239 1513 2267 utendo
1528 2240 1601 2267 dono
1616 2239 1721 2276 gratiae
1736 2239 1856 2269 efficitur

1005 2285 1107 2322 dignus
1122 2285 1220 2313 habitu
1236 2285 1357 2322 gratiae,
1377 2294 1460 2323 quem
1480 2287 1593 2323 accepit.
1610 2304 1648 2308 —
1662 2287 1741 2323 Quod
1761 2291 1856 2316 antem

1005 2332 1201 2368 unusquisque
1217 2332 1306 2369 magis
1322 2332 1357 2360 sit
1368 2332 1467 2361 efficax
1480 2333 1514 2361 ad
1528 2333 1694 2362 merendum
1706 2334 1757 2362 sibi
1771 2342 1855 2371 qnam

1005 2378 1068 2412 0111,
1090 2379 1227 2415 probatur
1249 2387 1299 2415 per
1322 2379 1349 2407 id
1372 2380 1445 2416 quod
1469 2380 1572 2409 dicitur
1594 2388 1679 2417 super
1701 2381 1770 2409 illud
1794 2382 1857 2410 Mat-

1005 2425 1079 2453 thaei
1095 2434 1167 2453 nono
1178 2425 1202 2453 ⁰:
1225 2426 1328 2454 Valens
1344 2427 1426 2454 lesus
1440 2426 1527 2463 fidem
1542 2427 1661 2456 illorum
1670 2439 1680 2461 ;
1694 2428 1731 2456 ibi
1747 2428 1854 2457 Glossa:

1011 2473 1180 2509 «Quantum
1203 2473 1277 2501 valet
1298 2474 1451 2511 unicnique
1472 2473 1542 2503 fides
1563 2475 1687 2512 propria,
1709 2476 1855 2504 sitantum

1007 2519 1109 2556 profuit
1130 2519 1266 2554 aliena»,
1287 2520 1366 2557 quasi
1390 2521 1480 2549 dicat:
1504 2521 1593 2550 multo
1614 2522 1686 2558 plus.

1084 2566 1110 2594 4.
1134 2566 1220 2601 Item,
1247 2570 1383 2604 quantum
1412 2568 1503 2604 placet
1524 2568 1580 2597 Deo
1602 2569 1697 2606 petitio
1719 2572 1746 2598 et
1767 2570 1855 2599 oratio

1005 2620 1056 2649 pro
1078 2612 1223 2647 habendo,
1246 2616 1353 2642 tantun]
1376 2614 1466 2651 placet
1488 2615 1512 2643 ei
1534 2615 1689 2652 gratiarum
1711 2617 1782 2645 actio
1804 2625 1856 2654 pro

1004 2660 1059 2688 iam
1089 2660 1203 2695 liabitog
1230 2660 1277 2689 sed
1304 2660 1406 2698 aliquis
1427 2669 1463 2691 ex
1485 2662 1599 2691 caritate
1621 2671 1704 2692 orans
1729 2667 1855 2693 meretur

1068 2795 1078 2811 ⁵
1094 2795 1148 2824 Cap.
1167 2796 1187 2818 8.
1212 2802 1232 2818 n.
1257 2795 1293 2818 15.
1317 2795 1360 2818 Cfr.
1384 2796 1413 2818 de
1434 2797 1499 2819 Dono
1521 2803 1612 2825 persev.
1637 2804 1655 2820 c.
1680 2799 1716 2821 22.
1735 2805 1756 2821 n.
1779 2799 1815 2821 60.
1833 2802 1856 2822 et

1006 2835 1106 2857 Enarrat.
1124 2836 1146 2857 in
1165 2835 1199 2857 Ps.
1221 2835 1274 2863 105,
1293 2835 1330 2858 23.
1353 2842 1374 2858 n.
1393 2836 1429 2864 21,
1449 2836 1477 2858 de
1495 2842 1541 2865 quo
1558 2837 1613 2859 vide
1630 2840 1684 2860 tom.
1697 2838 1711 2860 Ι.
1724 2844 1777 2866 pag.
1795 2837 1854 2868 728,

1006 2878 1057 2896 nota
1077 2874 1096 2896 3.
1111 2887 1141 2890 —
1154 2874 1223 2896 Paulo
1242 2875 1349 2902 superius
1367 2881 1409 2903 pro
1427 2874 1511 2905 efficax*
1528 2875 1579 2898 cod.
1596 2875 1612 2897 F
1629 2876 1755 2906 sufficiens.

1068 2913 1077 2927 ⁶
1096 2914 1159 2935 Yers.
1178 2914 1198 2936 2.
1212 2926 1242 2929 —
1254 2914 1346 2942 Glossa,
1365 2921 1424 2943 quae
1442 2921 1453 2937 a
1472 2915 1532 2937 Beda
1551 2915 1607 2938 sacta
1626 2919 1742 2944 estsuper
1756 2917 1810 2939 Luc.
1829 2917 1853 2946 5,

1006 2954 1042 2980 20,
1060 2953 1123 2981 apud
1141 2953 1248 2975 Strabum
1266 2956 1288 2975 et
1304 2954 1420 2982 Lyranum
1438 2955 1470 2977 sic
1488 2957 1564 2977 sonat:
1583 2955 1698 2983 Quantum
1715 2956 1777 2978 valet
1792 2956 1855 2985 apud

1005 2993 1078 3015 Deum
1096 2992 1154 3014 sides
1171 2994 1276 3021 propria,
1298 2993 1361 3021 apud
1379 2999 1448 3023 quem
1466 2994 1499 3017 sic
1515 2994 1587 3017 valuit
1608 2995 1692 3023 aliena,
1711 2997 1736 3018 ut
1752 2996 1810 3018 intra
1833 2998 1855 3018 et

1005 3034 1066 3053 extra
1084 3034 1174 3054 sanaret
1191 3032 1320 3054 hominem!
