<?xml version="1.0" encoding="UTF-8"?>
<!DOCTYPE html PUBLIC "-//W3C//DTD XHTML 1.0 Transitional//EN"
    "http://www.w3.org/TR/xhtml1/DTD/xhtml1-transitional.dtd">
<html xmlns="http://www.w3.org/1999/xhtml" xml:lang="en" lang="en">
 <head>
  <title>
</title>
<meta http-equiv="Content-Type" content="text/html;charset=utf-8" />
  <meta name='ocr-system' content='tesseract 3.04.00' />
  <meta name='ocr-capabilities' content='ocr_page ocr_carea ocr_par ocr_line ocrx_word'/>
</head>
<body>
  <div class='ocr_page' id='page_1' title='image "./doctorisseraphic02bona_0942.png"; bbox 0 0 2243 3425; ppageno 0'>
   <div class='ocr_carea' id='block_1_1' title="bbox 211 1180 325 1204">
    <p class='ocr_par' dir='ltr' id='par_1_1' title="bbox 211 1180 325 1204">
     <span class='ocr_line' id='line_1_1' title="bbox 211 1180 325 1204; baseline 0.009 -6"><span class='ocrx_word' id='word_1_1' title='bbox 211 1180 239 1198; x_wconf 65' lang='lat' dir='ltr'>Ad</span> <span class='ocrx_word' id='word_1_2' title='bbox 252 1181 325 1204; x_wconf 81' lang='lat' dir='ltr'>opposi-</span> 
     </span>
    </p>
   </div>
   <div class='ocr_carea' id='block_1_2' title="bbox 335 222 390 250">
    <p class='ocr_par' dir='ltr' id='par_1_2' title="bbox 335 222 390 250">
     <span class='ocr_line' id='line_1_2' title="bbox 335 222 390 250; baseline -0.018 0"><span class='ocrx_word' id='word_1_3' title='bbox 335 222 390 250; x_wconf 70' lang='lat'>920</span> 
     </span>
    </p>
   </div>
   <div class='ocr_carea' id='block_1_3' title="bbox 334 291 1178 519">
    <p class='ocr_par' dir='ltr' id='par_1_3' title="bbox 412 291 912 334">
     <span class='ocr_line' id='line_1_3' title="bbox 412 291 912 334; baseline -0.02 -6"><span class='ocrx_word' id='word_1_4' title='bbox 412 300 490 328; x_wconf 87' lang='lat' dir='ltr'>Circa</span> <span class='ocrx_word' id='word_1_5' title='bbox 510 297 632 334; x_wconf 89' lang='lat' dir='ltr'>primum</span> <span class='ocrx_word' id='word_1_6' title='bbox 654 295 830 331; x_wconf 85' lang='lat' dir='ltr'>quaeruntur</span> <span class='ocrx_word' id='word_1_7' title='bbox 851 291 912 319; x_wconf 90' lang='lat' dir='ltr'>tria.</span> 
     </span>
    </p>

    <p class='ocr_par' dir='ltr' id='par_1_4' title="bbox 334 339 1177 471">
     <span class='ocr_line' id='line_1_4' title="bbox 412 339 1174 381; baseline -0.016 -6"><span class='ocrx_word' id='word_1_8' title='bbox 412 347 502 375; x_wconf 87' lang='lat' dir='ltr'>Primo</span> <span class='ocrx_word' id='word_1_9' title='bbox 523 343 668 381; x_wconf 86' lang='lat' dir='ltr'>quaeritur</span> <span class='ocrx_word' id='word_1_10' title='bbox 690 340 724 369; x_wconf 89' lang='lat' dir='ltr'>de</span> <span class='ocrx_word' id='word_1_11' title='bbox 746 339 867 367; x_wconf 88' lang='lat' dir='ltr'>bonitate</span> <span class='ocrx_word' id='word_1_12' title='bbox 892 344 1009 374; x_wconf 89' lang='lat' dir='ltr'>operum</span> <span class='ocrx_word' id='word_1_13' title='bbox 1038 339 1174 373; x_wconf 88' lang='lat' dir='ltr'>quantum</span> 
     </span>
     <span class='ocr_line' id='line_1_5' title="bbox 334 384 1177 430; baseline -0.017 -7"><span class='ocrx_word' id='word_1_14' title='bbox 334 393 369 422; x_wconf 89' lang='lat' dir='ltr'>ad</span> <span class='ocrx_word' id='word_1_15' title='bbox 387 392 561 430; x_wconf 75' lang='lat' dir='ltr'>qualitatem,</span> <span class='ocrx_word' id='word_1_16' title='bbox 580 392 675 417; x_wconf 88' lang='lat' dir='ltr'>utrum</span> <span class='ocrx_word' id='word_1_17' title='bbox 695 385 824 415; x_wconf 73' lang='lat' dir='ltr'>videficet</span> <span class='ocrx_word' id='word_1_18' title='bbox 837 384 957 421; x_wconf 77' lang='lat' dir='ltr'>qualitas</span> <span class='ocrx_word' id='word_1_19' title='bbox 978 390 1096 419; x_wconf 89' lang='lat' dir='ltr'>operum</span> <span class='ocrx_word' id='word_1_20' title='bbox 1112 390 1177 419; x_wconf 90' lang='lat' dir='ltr'>qua-</span> 
     </span>
     <span class='ocr_line' id='line_1_6' title="bbox 335 430 1015 471; baseline -0.016 -3"><span class='ocrx_word' id='word_1_21' title='bbox 335 439 403 468; x_wconf 79' lang='lat' dir='ltr'>litati</span> <span class='ocrx_word' id='word_1_22' title='bbox 426 435 582 466; x_wconf 88' lang='lat' dir='ltr'>intentionis</span> <span class='ocrx_word' id='word_1_23' title='bbox 604 432 769 471; x_wconf 78' lang='lat' dir='ltr'>generaliter</span> <span class='ocrx_word' id='word_1_24' title='bbox 791 430 1015 467; x_wconf 75' lang='lat' dir='ltr'>correspondeat.</span> 
     </span>
    </p>

    <p class='ocr_par' dir='ltr' id='par_1_5' title="bbox 412 475 1178 519">
     <span class='ocr_line' id='line_1_7' title="bbox 412 475 1178 519; baseline -0.014 -6"><span class='ocrx_word' id='word_1_25' title='bbox 412 483 538 513; x_wconf 84' lang='lat' dir='ltr'>Secundo</span> <span class='ocrx_word' id='word_1_26' title='bbox 549 481 694 519; x_wconf 80' lang='lat' dir='ltr'>quaeritur</span> <span class='ocrx_word' id='word_1_27' title='bbox 705 481 840 516; x_wconf 87' lang='lat' dir='ltr'>quantum</span> <span class='ocrx_word' id='word_1_28' title='bbox 852 477 887 506; x_wconf 89' lang='lat' dir='ltr'>ad</span> <span class='ocrx_word' id='word_1_29' title='bbox 900 476 1092 514; x_wconf 76' lang='lat' dir='ltr'>quantitatem,</span> <span class='ocrx_word' id='word_1_30' title='bbox 1104 475 1178 503; x_wconf 77' lang='lat' dir='ltr'>vide-</span> 
     </span>
    </p>
   </div>
   <div class='ocr_carea' id='block_1_4' title="bbox 1013 209 1399 240">
    <p class='ocr_par' dir='ltr' id='par_1_6' title="bbox 1013 209 1399 240">
     <span class='ocr_line' id='line_1_8' title="bbox 1013 209 1399 240; baseline -0.008 0"><span class='ocrx_word' id='word_1_31' title='bbox 1013 210 1265 240; x_wconf 82' lang='lat' dir='ltr'>SENTENTIARUM</span> <span class='ocrx_word' id='word_1_32' title='bbox 1286 209 1347 238; x_wconf 87' lang='lat' dir='ltr'>LIB.</span> <span class='ocrx_word' id='word_1_33' title='bbox 1369 209 1399 237; x_wconf 87' lang='lat' dir='ltr'>II.</span> 
     </span>
    </p>
   </div>
   <div class='ocr_carea' id='block_1_5' title="bbox 1232 285 2079 324">
    <p class='ocr_par' dir='ltr' id='par_1_7' title="bbox 1232 285 2079 324">
     <span class='ocr_line' id='line_1_9' title="bbox 1232 285 2079 324; baseline -0.004 -8"><span class='ocrx_word' id='word_1_34' title='bbox 1232 288 1296 316; x_wconf 86' lang='lat' dir='ltr'>licet</span> <span class='ocrx_word' id='word_1_35' title='bbox 1310 291 1406 316; x_wconf 88' lang='lat' dir='ltr'>utrum</span> <span class='ocrx_word' id='word_1_36' title='bbox 1423 289 1560 324; x_wconf 88' lang='lat' dir='ltr'>quantum</span> <span class='ocrx_word' id='word_1_37' title='bbox 1578 286 1698 323; x_wconf 89' lang='lat' dir='ltr'>quisque</span> <span class='ocrx_word' id='word_1_38' title='bbox 1714 285 1843 319; x_wconf 84' lang='lat' dir='ltr'>intendit,</span> <span class='ocrx_word' id='word_1_39' title='bbox 1860 288 1968 314; x_wconf 90' lang='lat' dir='ltr'>tantum</span> <span class='ocrx_word' id='word_1_40' title='bbox 1991 285 2079 314; x_wconf 85' lang='lat' dir='ltr'>faciat.</span> 
     </span>
    </p>
   </div>
   <div class='ocr_carea' id='block_1_6' title="bbox 1312 332 2078 371">
    <p class='ocr_par' dir='ltr' id='par_1_8' title="bbox 1312 332 2078 371">
     <span class='ocr_line' id='line_1_10' title="bbox 1312 332 2078 371; baseline -0.003 -9"><span class='ocrx_word' id='word_1_41' title='bbox 1312 334 1405 364; x_wconf 88' lang='lat' dir='ltr'>Tertio</span> <span class='ocrx_word' id='word_1_42' title='bbox 1416 334 1562 371; x_wconf 86' lang='lat' dir='ltr'>quaeritur</span> <span class='ocrx_word' id='word_1_43' title='bbox 1571 335 1708 370; x_wconf 86' lang='lat' dir='ltr'>quantum</span> <span class='ocrx_word' id='word_1_44' title='bbox 1720 332 1756 361; x_wconf 85' lang='lat' dir='ltr'>ad</span> <span class='ocrx_word' id='word_1_45' title='bbox 1767 332 1970 367; x_wconf 85' lang='lat' dir='ltr'>necessitatem,</span> <span class='ocrx_word' id='word_1_46' title='bbox 1982 335 2078 360; x_wconf 89' lang='lat' dir='ltr'>utrum</span> 
     </span>
    </p>
   </div>
   <div class='ocr_carea' id='block_1_7' title="bbox 1234 378 2081 457">
    <p class='ocr_par' dir='ltr' id='par_1_9' title="bbox 1234 378 2081 457">
     <span class='ocr_line' id='line_1_11' title="bbox 1234 378 2081 417; baseline -0.004 -7"><span class='ocrx_word' id='word_1_47' title='bbox 1234 381 1338 410; x_wconf 74' lang='lat' dir='ltr'>scillcet</span> <span class='ocrx_word' id='word_1_48' title='bbox 1353 381 1425 410; x_wconf 87' lang='lat' dir='ltr'>bona</span> <span class='ocrx_word' id='word_1_49' title='bbox 1440 381 1555 410; x_wconf 89' lang='lat' dir='ltr'>intentio</span> <span class='ocrx_word' id='word_1_50' title='bbox 1569 380 1676 417; x_wconf 79' lang='lat' dir='ltr'>absque</span> <span class='ocrx_word' id='word_1_51' title='bbox 1690 379 1823 417; x_wconf 81' lang='lat' dir='ltr'>operibus</span> <span class='ocrx_word' id='word_1_52' title='bbox 1841 379 1877 408; x_wconf 93' lang='lat' dir='ltr'>ad</span> <span class='ocrx_word' id='word_1_53' title='bbox 1892 379 2010 408; x_wconf 89' lang='lat' dir='ltr'>salutem</span> <span class='ocrx_word' id='word_1_54' title='bbox 2027 378 2081 408; x_wconf 87' lang='lat' dir='ltr'>suf-</span> 
     </span>
     <span class='ocr_line' id='line_1_12' title="bbox 1235 428 1298 457; baseline -0.016 0"><span class='ocrx_word' id='word_1_55' title='bbox 1235 428 1298 457; x_wconf 81' lang='lat' dir='ltr'>ciat.</span> 
     </span>
    </p>
   </div>
   <div class='ocr_carea' id='block_1_8' title="bbox 1063 572 1347 607">
    <p class='ocr_par' dir='ltr' id='par_1_10' title="bbox 1063 572 1347 607">
     <span class='ocr_line' id='line_1_13' title="bbox 1063 572 1347 607; baseline 0 -1"><span class='ocrx_word' id='word_1_56' title='bbox 1063 572 1299 607; x_wconf 85' lang='lat' dir='ltr'>ARTICULUS</span> <span class='ocrx_word' id='word_1_57' title='bbox 1324 573 1347 606; x_wconf 95' lang='lat' dir='ltr'>I.</span> 
     </span>
    </p>
   </div>
   <div class='ocr_carea' id='block_1_9' title="bbox 788 666 1630 706">
    <p class='ocr_par' dir='ltr' id='par_1_11' title="bbox 788 666 1630 706">
     <span class='ocr_line' id='line_1_14' title="bbox 788 666 1630 706; baseline -0.005 -8"><span class='ocrx_word' id='word_1_58' title='bbox 788 670 828 698; x_wconf 82' lang='lat' dir='ltr'>De</span> <span class='ocrx_word' id='word_1_59' title='bbox 850 668 988 703; x_wconf 70' lang='lat' dir='ltr'>bonitate,</span> <span class='ocrx_word' id='word_1_60' title='bbox 1011 677 1101 706; x_wconf 78' lang='lat' dir='ltr'>qaam</span> <span class='ocrx_word' id='word_1_61' title='bbox 1124 676 1213 705; x_wconf 79' lang='lat' dir='ltr'>opera</span> <span class='ocrx_word' id='word_1_62' title='bbox 1234 667 1271 695; x_wconf 88' lang='lat' dir='ltr'>ab</span> <span class='ocrx_word' id='word_1_63' title='bbox 1293 667 1448 695; x_wconf 67' lang='lat' dir='ltr'>intentione</span> <span class='ocrx_word' id='word_1_64' title='bbox 1474 666 1630 703; x_wconf 72' lang='lat' dir='ltr'>recipiunt.</span> 
     </span>
    </p>
   </div>
   <div class='ocr_carea' id='block_1_10' title="bbox 1112 753 1316 790">
    <p class='ocr_par' dir='ltr' id='par_1_12' title="bbox 1112 753 1316 790">
     <span class='ocr_line' id='line_1_15' title="bbox 1112 753 1316 790; baseline -0.01 -7"><span class='ocrx_word' id='word_1_65' title='bbox 1112 753 1276 790; x_wconf 73' lang='lat' dir='ltr'><strong>QUAESTIO</strong></span> <span class='ocrx_word' id='word_1_66' title='bbox 1297 753 1316 782; x_wconf 87' lang='grc' dir='ltr'>Ι.</span> 
     </span>
    </p>
   </div>
   <div class='ocr_carea' id='block_1_11' title="bbox 666 840 1750 880">
    <p class='ocr_par' dir='ltr' id='par_1_13' title="bbox 666 840 1750 880">
     <span class='ocr_line' id='line_1_16' title="bbox 666 840 1750 880; baseline -0.001 -10"><span class='ocrx_word' id='word_1_67' title='bbox 666 843 770 871; x_wconf 78' lang='lat' dir='ltr'>Utrum</span> <span class='ocrx_word' id='word_1_68' title='bbox 791 841 921 879; x_wconf 67' lang='lat' dir='ltr'>qualitas</span> <span class='ocrx_word' id='word_1_69' title='bbox 943 850 1063 878; x_wconf 80' lang='lat' dir='ltr'>operum</span> <span class='ocrx_word' id='word_1_70' title='bbox 1085 850 1198 878; x_wconf 72' lang='lat' dir='ltr'>semper</span> <span class='ocrx_word' id='word_1_71' title='bbox 1219 842 1392 879; x_wconf 72' lang='lat' dir='ltr'>respondeat</span> <span class='ocrx_word' id='word_1_72' title='bbox 1413 841 1553 880; x_wconf 72' lang='lat' dir='ltr'>qualitati</span> <span class='ocrx_word' id='word_1_73' title='bbox 1574 840 1750 870; x_wconf 56' lang='lat' dir='ltr'>intentioni&amp;</span> 
     </span>
    </p>
   </div>
   <div class='ocr_carea' id='block_1_12' title="bbox 337 936 1190 2338">
    <p class='ocr_par' dir='ltr' id='par_1_14' title="bbox 337 936 1182 1114">
     <span class='ocr_line' id='line_1_17' title="bbox 415 936 1181 976; baseline -0.008 -6"><span class='ocrx_word' id='word_1_74' title='bbox 415 941 493 969; x_wconf 85' lang='lat' dir='ltr'>Circa</span> <span class='ocrx_word' id='word_1_75' title='bbox 507 940 629 976; x_wconf 79' lang='lat' dir='ltr'>prImum</span> <span class='ocrx_word' id='word_1_76' title='bbox 645 938 684 966; x_wconf 89' lang='lat' dir='ltr'>sic</span> <span class='ocrx_word' id='word_1_77' title='bbox 695 936 857 974; x_wconf 78' lang='lat' dir='ltr'>proceditur</span> <span class='ocrx_word' id='word_1_78' title='bbox 871 939 899 965; x_wconf 91' lang='lat' dir='ltr'>et</span> <span class='ocrx_word' id='word_1_79' title='bbox 912 936 1067 973; x_wconf 88' lang='lat' dir='ltr'>quaeritur,</span> <span class='ocrx_word' id='word_1_80' title='bbox 1082 940 1181 965; x_wconf 88' lang='lat' dir='ltr'>utrum</span> 
     </span>
     <span class='ocr_line' id='line_1_18' title="bbox 337 983 1182 1026; baseline -0.007 -9"><span class='ocrx_word' id='word_1_81' title='bbox 337 988 456 1026; x_wconf 76' lang='lat' dir='ltr'>qualitas</span> <span class='ocrx_word' id='word_1_82' title='bbox 477 994 593 1024; x_wconf 88' lang='lat' dir='ltr'>operum</span> <span class='ocrx_word' id='word_1_83' title='bbox 616 992 726 1022; x_wconf 79' lang='lat' dir='ltr'>semper</span> <span class='ocrx_word' id='word_1_84' title='bbox 748 984 913 1020; x_wconf 82' lang='lat' dir='ltr'>respondeat</span> <span class='ocrx_word' id='word_1_85' title='bbox 942 983 1068 1020; x_wconf 85' lang='lat' dir='ltr'>qualitati</span> <span class='ocrx_word' id='word_1_86' title='bbox 1097 983 1182 1012; x_wconf 88' lang='lat' dir='ltr'>inten-</span> 
     </span>
     <span class='ocr_line' id='line_1_19' title="bbox 338 1030 1180 1069; baseline -0.007 -5"><span class='ocrx_word' id='word_1_87' title='bbox 338 1035 432 1069; x_wconf 79' lang='lat' dir='ltr'>tionis3</span> <span class='ocrx_word' id='word_1_88' title='bbox 454 1037 480 1063; x_wconf 90' lang='lat' dir='ltr'>et</span> <span class='ocrx_word' id='word_1_89' title='bbox 496 1034 547 1062; x_wconf 85' lang='lat' dir='ltr'>hoc</span> <span class='ocrx_word' id='word_1_90' title='bbox 568 1035 609 1062; x_wconf 91' lang='lat' dir='ltr'>est</span> <span class='ocrx_word' id='word_1_91' title='bbox 624 1039 773 1069; x_wconf 83' lang='lat' dir='ltr'>quaerere,</span> <span class='ocrx_word' id='word_1_92' title='bbox 793 1034 889 1059; x_wconf 89' lang='lat' dir='ltr'>utrum</span> <span class='ocrx_word' id='word_1_93' title='bbox 906 1038 988 1059; x_wconf 92' lang='lat' dir='ltr'>omne</span> <span class='ocrx_word' id='word_1_94' title='bbox 1006 1038 1090 1067; x_wconf 91' lang='lat' dir='ltr'>opus,</span> <span class='ocrx_word' id='word_1_95' title='bbox 1106 1030 1180 1067; x_wconf 90' lang='lat' dir='ltr'>quod</span> 
     </span>
     <span class='ocr_line' id='line_1_20' title="bbox 337 1077 1180 1114; baseline -0.006 -4"><span class='ocrx_word' id='word_1_96' title='bbox 337 1082 368 1110; x_wconf 87' lang='lat' dir='ltr'>fit</span> <span class='ocrx_word' id='word_1_97' title='bbox 389 1081 460 1110; x_wconf 85' lang='lat' dir='ltr'>bona</span> <span class='ocrx_word' id='word_1_98' title='bbox 481 1080 643 1113; x_wconf 84' lang='lat' dir='ltr'>intenti0ne‚</span> <span class='ocrx_word' id='word_1_99' title='bbox 666 1078 700 1107; x_wconf 87' lang='lat' dir='ltr'>sit</span> <span class='ocrx_word' id='word_1_100' title='bbox 722 1078 835 1106; x_wconf 90' lang='lat' dir='ltr'>bonum.</span> <span class='ocrx_word' id='word_1_101' title='bbox 852 1078 881 1105; x_wconf 82' lang='lat' dir='ltr'>Et</span> <span class='ocrx_word' id='word_1_102' title='bbox 896 1077 971 1114; x_wconf 88' lang='lat' dir='ltr'>quod</span> <span class='ocrx_word' id='word_1_103' title='bbox 987 1077 1038 1111; x_wconf 88' lang='lat' dir='ltr'>sic,</span> <span class='ocrx_word' id='word_1_104' title='bbox 1054 1077 1180 1105; x_wconf 88' lang='lat' dir='ltr'>videtur:</span> 
     </span>
    </p>

    <p class='ocr_par' dir='ltr' id='par_1_15' title="bbox 337 1124 1184 1351">
     <span class='ocr_line' id='line_1_21' title="bbox 418 1124 1182 1161; baseline -0.005 -5"><span class='ocrx_word' id='word_1_105' title='bbox 418 1129 442 1156; x_wconf 75' lang='lat'>1.</span> <span class='ocrx_word' id='word_1_106' title='bbox 467 1127 558 1155; x_wconf 90' lang='lat' dir='ltr'>Primo</span> <span class='ocrx_word' id='word_1_107' title='bbox 582 1125 746 1154; x_wconf 83' lang='lat' dir='ltr'>auctoritate</span> <span class='ocrx_word' id='word_1_108' title='bbox 768 1124 920 1159; x_wconf 84' lang='lat' dir='ltr'>Ambrosii,</span> <span class='ocrx_word' id='word_1_109' title='bbox 946 1132 1030 1161; x_wconf 86' lang='lat' dir='ltr'>quam</span> <span class='ocrx_word' id='word_1_110' title='bbox 1053 1124 1182 1161; x_wconf 82' lang='lat' dir='ltr'>Magister</span> 
     </span>
     <span class='ocr_line' id='line_1_22' title="bbox 337 1172 1183 1208; baseline -0.005 -5"><span class='ocrx_word' id='word_1_111' title='bbox 337 1175 451 1204; x_wconf 84' lang='lat' dir='ltr'>adducit</span> <span class='ocrx_word' id='word_1_112' title='bbox 473 1174 499 1202; x_wconf 88' lang='lat' dir='ltr'>In</span> <span class='ocrx_word' id='word_1_113' title='bbox 516 1173 606 1201; x_wconf 87' lang='lat' dir='ltr'>littera</span> <span class='ocrx_word' id='word_1_114' title='bbox 619 1173 626 1187; x_wconf 88' lang='lat'><strong>¹</strong></span> <span class='ocrx_word' id='word_1_115' title='bbox 641 1183 646 1200; x_wconf 74' lang='grc' dir='ltr'>ε</span> <span class='ocrx_word' id='word_1_116' title='bbox 665 1183 677 1197; x_wconf 70' lang='grc' dir='ltr'><strong>κ</strong></span> <span class='ocrx_word' id='word_1_117' title='bbox 692 1172 811 1200; x_wconf 80' lang='lat' dir='ltr'>Affectus</span> <span class='ocrx_word' id='word_1_118' title='bbox 827 1175 893 1200; x_wconf 86' lang='lat' dir='ltr'>tuus</span> <span class='ocrx_word' id='word_1_119' title='bbox 915 1172 992 1208; x_wconf 87' lang='lat' dir='ltr'>operi</span> <span class='ocrx_word' id='word_1_120' title='bbox 1012 1175 1060 1199; x_wconf 90' lang='lat' dir='ltr'>tuo</span> <span class='ocrx_word' id='word_1_121' title='bbox 1082 1179 1183 1199; x_wconf 89' lang='lat' dir='ltr'>nomen</span> 
     </span>
     <span class='ocr_line' id='line_1_23' title="bbox 338 1219 1184 1258; baseline -0.004 -8"><span class='ocrx_word' id='word_1_122' title='bbox 338 1221 454 1258; x_wconf 87' lang='lat' dir='ltr'>imponit</span> <span class='ocrx_word' id='word_1_123' title='bbox 468 1231 496 1248; x_wconf 88' lang='lat'>»:</span> <span class='ocrx_word' id='word_1_124' title='bbox 521 1220 542 1248; x_wconf 90' lang='lat' dir='ltr'>si</span> <span class='ocrx_word' id='word_1_125' title='bbox 569 1227 635 1256; x_wconf 80' lang='lat' dir='ltr'>ergo</span> <span class='ocrx_word' id='word_1_126' title='bbox 663 1219 850 1248; x_wconf 84' lang='lat' dir='ltr'>denominatio</span> <span class='ocrx_word' id='word_1_127' title='bbox 876 1219 969 1256; x_wconf 76' lang='lat' dir='ltr'>operIs</span> <span class='ocrx_word' id='word_1_128' title='bbox 990 1222 1032 1247; x_wconf 89' lang='lat' dir='ltr'>est</span> <span class='ocrx_word' id='word_1_129' title='bbox 1059 1227 1075 1247; x_wconf 89' lang='lat' dir='ltr'>a</span> <span class='ocrx_word' id='word_1_130' title='bbox 1097 1219 1184 1256; x_wconf 85' lang='lat' dir='ltr'>quali-</span> 
     </span>
     <span class='ocr_line' id='line_1_24' title="bbox 337 1265 1184 1303; baseline -0.005 -6"><span class='ocrx_word' id='word_1_131' title='bbox 337 1272 405 1303; x_wconf 83' lang='lat' dir='ltr'>tate,</span> <span class='ocrx_word' id='word_1_132' title='bbox 426 1272 453 1297; x_wconf 88' lang='lat' dir='ltr'>et</span> <span class='ocrx_word' id='word_1_133' title='bbox 474 1267 588 1296; x_wconf 90' lang='lat' dir='ltr'>intentio</span> <span class='ocrx_word' id='word_1_134' title='bbox 609 1266 666 1295; x_wconf 85' lang='lat' dir='ltr'>sive</span> <span class='ocrx_word' id='word_1_135' title='bbox 688 1266 803 1295; x_wconf 80' lang='lat' dir='ltr'>affectus</span> <span class='ocrx_word' id='word_1_136' title='bbox 818 1274 889 1303; x_wconf 88' lang='lat' dir='ltr'>opus</span> <span class='ocrx_word' id='word_1_137' title='bbox 911 1265 1087 1299; x_wconf 83' lang='lat' dir='ltr'>denommat;</span> <span class='ocrx_word' id='word_1_138' title='bbox 1111 1265 1184 1294; x_wconf 76' lang='lat' dir='ltr'>vide-</span> 
     </span>
     <span class='ocr_line' id='line_1_25' title="bbox 337 1312 985 1351; baseline -0.006 -7"><span class='ocrx_word' id='word_1_139' title='bbox 337 1318 384 1344; x_wconf 92' lang='lat' dir='ltr'>tur</span> <span class='ocrx_word' id='word_1_140' title='bbox 405 1315 501 1348; x_wconf 84' lang='lat' dir='ltr'>etiam,</span> <span class='ocrx_word' id='word_1_141' title='bbox 523 1314 595 1351; x_wconf 86' lang='lat' dir='ltr'>quod</span> <span class='ocrx_word' id='word_1_142' title='bbox 620 1313 749 1342; x_wconf 84' lang='lat' dir='ltr'>informet</span> <span class='ocrx_word' id='word_1_143' title='bbox 771 1312 904 1350; x_wconf 81' lang='lat' dir='ltr'>qualitate</span> <span class='ocrx_word' id='word_1_144' title='bbox 926 1320 985 1341; x_wconf 90' lang='lat' dir='ltr'>sua.</span> 
     </span>
    </p>

    <p class='ocr_par' dir='ltr' id='par_1_16' title="bbox 337 1360 1186 1586">
     <span class='ocr_line' id='line_1_26' title="bbox 417 1360 1184 1397; baseline -0.003 -7"><span class='ocrx_word' id='word_1_145' title='bbox 417 1364 442 1390; x_wconf 85' lang='grc'>2.</span> <span class='ocrx_word' id='word_1_146' title='bbox 464 1362 544 1395; x_wconf 73' lang='lat' dir='ltr'>Item,</span> <span class='ocrx_word' id='word_1_147' title='bbox 566 1361 650 1389; x_wconf 89' lang='lat' dir='ltr'>arbor</span> <span class='ocrx_word' id='word_1_148' title='bbox 665 1361 749 1394; x_wconf 83' lang='lat' dir='ltr'>bona,</span> <span class='ocrx_word' id='word_1_149' title='bbox 771 1368 843 1397; x_wconf 90' lang='lat' dir='ltr'>quae</span> <span class='ocrx_word' id='word_1_150' title='bbox 858 1363 1005 1396; x_wconf 87' lang='lat' dir='ltr'>operatur,</span> <span class='ocrx_word' id='word_1_151' title='bbox 1028 1360 1184 1388; x_wconf 79' lang='lat' dir='ltr'>secundum</span> 
     </span>
     <span class='ocr_line' id='line_1_27' title="bbox 339 1407 1186 1447; baseline -0.004 -9"><span class='ocrx_word' id='word_1_152' title='bbox 339 1409 413 1447; x_wconf 90' lang='lat' dir='ltr'>quod</span> <span class='ocrx_word' id='word_1_153' title='bbox 429 1409 512 1443; x_wconf 70' lang='lat' dir='ltr'>bona„</span> <span class='ocrx_word' id='word_1_154' title='bbox 527 1408 591 1437; x_wconf 85' lang='lat' dir='ltr'>facit</span> <span class='ocrx_word' id='word_1_155' title='bbox 612 1415 722 1444; x_wconf 84' lang='lat' dir='ltr'>semper</span> <span class='ocrx_word' id='word_1_156' title='bbox 738 1407 859 1436; x_wconf 84' lang='lat' dir='ltr'>fructum</span> <span class='ocrx_word' id='word_1_157' title='bbox 883 1407 988 1435; x_wconf 89' lang='lat' dir='ltr'>bonum</span> <span class='ocrx_word' id='word_1_158' title='bbox 998 1419 1005 1442; x_wconf 78' lang='lat'>3</span> <span class='ocrx_word' id='word_1_159' title='bbox 1021 1408 1069 1436; x_wconf 89' lang='lat' dir='ltr'>sed</span> <span class='ocrx_word' id='word_1_160' title='bbox 1089 1407 1186 1436; x_wconf 86' lang='lat' dir='ltr'>volun-</span> 
     </span>
     <span class='ocr_line' id='line_1_28' title="bbox 337 1454 1184 1492; baseline -0.004 -7"><span class='ocrx_word' id='word_1_161' title='bbox 337 1459 392 1488; x_wconf 86' lang='lat' dir='ltr'>tas,</span> <span class='ocrx_word' id='word_1_162' title='bbox 413 1463 485 1492; x_wconf 88' lang='lat' dir='ltr'>quae</span> <span class='ocrx_word' id='word_1_163' title='bbox 506 1459 547 1484; x_wconf 88' lang='lat' dir='ltr'>est</span> <span class='ocrx_word' id='word_1_164' title='bbox 567 1455 664 1488; x_wconf 77' lang='lat' dir='ltr'>arbor,</span> <span class='ocrx_word' id='word_1_165' title='bbox 686 1462 749 1483; x_wconf 85' lang='lat' dir='ltr'>cum</span> <span class='ocrx_word' id='word_1_166' title='bbox 773 1454 844 1482; x_wconf 88' lang='lat' dir='ltr'>bona</span> <span class='ocrx_word' id='word_1_167' title='bbox 866 1454 1017 1483; x_wconf 86' lang='lat' dir='ltr'>intentione</span> <span class='ocrx_word' id='word_1_168' title='bbox 1042 1457 1184 1491; x_wconf 73' lang='lat' dir='ltr'>operatur,</span> 
     </span>
     <span class='ocr_line' id='line_1_29' title="bbox 337 1500 1184 1540; baseline -0.002 -9"><span class='ocrx_word' id='word_1_169' title='bbox 337 1506 470 1540; x_wconf 84' lang='lat' dir='ltr'>operatur</span> <span class='ocrx_word' id='word_1_170' title='bbox 495 1502 651 1530; x_wconf 85' lang='lat' dir='ltr'>secundum</span> <span class='ocrx_word' id='word_1_171' title='bbox 673 1501 747 1538; x_wconf 88' lang='lat' dir='ltr'>quod</span> <span class='ocrx_word' id='word_1_172' title='bbox 772 1501 853 1530; x_wconf 88' lang='lat' dir='ltr'>bona:</span> <span class='ocrx_word' id='word_1_173' title='bbox 873 1509 940 1538; x_wconf 80' lang='lat' dir='ltr'>ergo</span> <span class='ocrx_word' id='word_1_174' title='bbox 963 1501 1083 1535; x_wconf 81' lang='lat' dir='ltr'>videtur,</span> <span class='ocrx_word' id='word_1_175' title='bbox 1109 1500 1184 1538; x_wconf 90' lang='lat' dir='ltr'>quod</span> 
     </span>
     <span class='ocr_line' id='line_1_30' title="bbox 337 1548 670 1586; baseline -0.009 -7"><span class='ocrx_word' id='word_1_176' title='bbox 337 1550 418 1579; x_wconf 82' lang='lat' dir='ltr'>faciat</span> <span class='ocrx_word' id='word_1_177' title='bbox 439 1557 509 1586; x_wconf 92' lang='lat' dir='ltr'>opus</span> <span class='ocrx_word' id='word_1_178' title='bbox 531 1549 634 1577; x_wconf 88' lang='lat' dir='ltr'>bonum</span> <span class='ocrx_word' id='word_1_179' title='bbox 652 1548 670 1576; x_wconf 73' lang='lat'>².</span> 
     </span>
    </p>

    <p class='ocr_par' dir='ltr' id='par_1_17' title="bbox 339 1596 1187 1917">
     <span class='ocr_line' id='line_1_31' title="bbox 418 1596 1186 1625; baseline -0.003 0"><span class='ocrx_word' id='word_1_180' title='bbox 418 1596 442 1625; x_wconf 85' lang='lat'>3.</span> <span class='ocrx_word' id='word_1_181' title='bbox 465 1596 548 1625; x_wconf 85' lang='lat' dir='ltr'>Item.</span> <span class='ocrx_word' id='word_1_182' title='bbox 569 1599 648 1624; x_wconf 89' lang='lat' dir='ltr'>actus</span> <span class='ocrx_word' id='word_1_183' title='bbox 670 1603 723 1624; x_wconf 93' lang='lat' dir='ltr'>non</span> <span class='ocrx_word' id='word_1_184' title='bbox 746 1599 788 1624; x_wconf 87' lang='lat' dir='ltr'>est</span> <span class='ocrx_word' id='word_1_185' title='bbox 813 1596 974 1624; x_wconf 88' lang='lat' dir='ltr'>meritorius</span> <span class='ocrx_word' id='word_1_186' title='bbox 997 1603 1047 1624; x_wconf 89' lang='lat' dir='ltr'>nec</span> <span class='ocrx_word' id='word_1_187' title='bbox 1069 1596 1186 1624; x_wconf 83' lang='lat' dir='ltr'>demeri-</span> 
     </span>
     <span class='ocr_line' id='line_1_32' title="bbox 339 1644 1185 1681; baseline -0.001 -7"><span class='ocrx_word' id='word_1_188' title='bbox 339 1646 440 1677; x_wconf 82' lang='lat' dir='ltr'>torius,</span> <span class='ocrx_word' id='word_1_189' title='bbox 468 1645 519 1673; x_wconf 89' lang='lat' dir='ltr'>nisi</span> <span class='ocrx_word' id='word_1_190' title='bbox 549 1644 615 1681; x_wconf 90' lang='lat' dir='ltr'>quia</span> <span class='ocrx_word' id='word_1_191' title='bbox 636 1644 829 1677; x_wconf 74' lang='lat' dir='ltr'>voluntarius3</span> <span class='ocrx_word' id='word_1_192' title='bbox 859 1647 885 1673; x_wconf 89' lang='lat' dir='ltr'>et</span> <span class='ocrx_word' id='word_1_193' title='bbox 907 1644 1037 1673; x_wconf 88' lang='lat' dir='ltr'>voluntas</span> <span class='ocrx_word' id='word_1_194' title='bbox 1065 1652 1115 1673; x_wconf 82' lang='lat' dir='ltr'>nec</span> <span class='ocrx_word' id='word_1_195' title='bbox 1144 1647 1185 1673; x_wconf 90' lang='lat' dir='ltr'>est</span> 
     </span>
     <span class='ocr_line' id='line_1_33' title="bbox 339 1691 1184 1728; baseline -0.002 -7"><span class='ocrx_word' id='word_1_196' title='bbox 339 1693 411 1722; x_wconf 86' lang='lat' dir='ltr'>bona</span> <span class='ocrx_word' id='word_1_197' title='bbox 432 1700 481 1721; x_wconf 84' lang='lat' dir='ltr'>nec</span> <span class='ocrx_word' id='word_1_198' title='bbox 503 1695 543 1721; x_wconf 86' lang='lat' dir='ltr'>est</span> <span class='ocrx_word' id='word_1_199' title='bbox 565 1691 638 1720; x_wconf 86' lang='lat' dir='ltr'>mala</span> <span class='ocrx_word' id='word_1_200' title='bbox 660 1691 711 1720; x_wconf 90' lang='lat' dir='ltr'>uisi</span> <span class='ocrx_word' id='word_1_201' title='bbox 735 1699 771 1719; x_wconf 83' lang='lat' dir='ltr'>ex</span> <span class='ocrx_word' id='word_1_202' title='bbox 795 1691 958 1724; x_wconf 84' lang='lat' dir='ltr'>intentione,</span> <span class='ocrx_word' id='word_1_203' title='bbox 981 1691 1052 1720; x_wconf 89' lang='lat' dir='ltr'>sicut</span> <span class='ocrx_word' id='word_1_204' title='bbox 1074 1699 1161 1728; x_wconf 88' lang='lat' dir='ltr'>supra</span> <span class='ocrx_word' id='word_1_205' title='bbox 1175 1691 1184 1704; x_wconf 78' lang='lat'>²³</span> 
     </span>
     <span class='ocr_line' id='line_1_34' title="bbox 340 1738 1186 1776; baseline -0.002 -8"><span class='ocrx_word' id='word_1_206' title='bbox 340 1744 480 1769; x_wconf 86' lang='lat' dir='ltr'>ostensum</span> <span class='ocrx_word' id='word_1_207' title='bbox 503 1742 558 1768; x_wconf 87' lang='lat' dir='ltr'>est:</span> <span class='ocrx_word' id='word_1_208' title='bbox 582 1739 603 1768; x_wconf 88' lang='lat' dir='ltr'>si</span> <span class='ocrx_word' id='word_1_209' title='bbox 625 1746 692 1776; x_wconf 81' lang='lat' dir='ltr'>ergo</span> <span class='ocrx_word' id='word_1_210' title='bbox 718 1739 826 1767; x_wconf 88' lang='lat' dir='ltr'>bonitas</span> <span class='ocrx_word' id='word_1_211' title='bbox 848 1738 999 1767; x_wconf 87' lang='lat' dir='ltr'>voluntatis</span> <span class='ocrx_word' id='word_1_212' title='bbox 1026 1738 1090 1767; x_wconf 82' lang='lat' dir='ltr'>facit</span> <span class='ocrx_word' id='word_1_213' title='bbox 1112 1738 1186 1767; x_wconf 89' lang='lat' dir='ltr'>boni-</span> 
     </span>
     <span class='ocr_line' id='line_1_35' title="bbox 340 1785 1186 1823; baseline -0.002 -8"><span class='ocrx_word' id='word_1_214' title='bbox 340 1790 423 1815; x_wconf 84' lang='lat' dir='ltr'>tatem</span> <span class='ocrx_word' id='word_1_215' title='bbox 447 1786 473 1814; x_wconf 92' lang='lat' dir='ltr'>in</span> <span class='ocrx_word' id='word_1_216' title='bbox 503 1794 599 1823; x_wconf 87' lang='lat' dir='ltr'>opere,</span> <span class='ocrx_word' id='word_1_217' title='bbox 620 1789 648 1814; x_wconf 87' lang='lat' dir='ltr'>et</span> <span class='ocrx_word' id='word_1_218' title='bbox 674 1785 782 1814; x_wconf 85' lang='lat' dir='ltr'>bonitas</span> <span class='ocrx_word' id='word_1_219' title='bbox 810 1785 970 1814; x_wconf 87' lang='lat' dir='ltr'>intentionis</span> <span class='ocrx_word' id='word_1_220' title='bbox 996 1785 1060 1814; x_wconf 80' lang='lat' dir='ltr'>facit</span> <span class='ocrx_word' id='word_1_221' title='bbox 1082 1785 1186 1814; x_wconf 82' lang='lat' dir='ltr'>bonita-</span> 
     </span>
     <span class='ocr_line' id='line_1_36' title="bbox 341 1832 1187 1870; baseline 0 -9"><span class='ocrx_word' id='word_1_222' title='bbox 341 1837 394 1862; x_wconf 85' lang='lat' dir='ltr'>tem</span> <span class='ocrx_word' id='word_1_223' title='bbox 412 1833 438 1861; x_wconf 92' lang='lat' dir='ltr'>in</span> <span class='ocrx_word' id='word_1_224' title='bbox 454 1833 607 1862; x_wconf 88' lang='lat' dir='ltr'>voluntate:</span> <span class='ocrx_word' id='word_1_225' title='bbox 630 1841 697 1869; x_wconf 74' lang='lat' dir='ltr'>ergo</span> <span class='ocrx_word' id='word_1_226' title='bbox 711 1841 731 1861; x_wconf 83' lang='lat' dir='ltr'>a</span> <span class='ocrx_word' id='word_1_227' title='bbox 751 1833 859 1869; x_wconf 73' lang='lat' dir='ltr'>primo,</span> <span class='ocrx_word' id='word_1_228' title='bbox 878 1832 998 1869; x_wconf 83' lang='lat' dir='ltr'>qualitas</span> <span class='ocrx_word' id='word_1_229' title='bbox 1017 1833 1110 1870; x_wconf 89' lang='lat' dir='ltr'>operis</span> <span class='ocrx_word' id='word_1_230' title='bbox 1125 1841 1187 1861; x_wconf 85' lang='lat' dir='ltr'>cau-</span> 
     </span>
     <span class='ocr_line' id='line_1_37' title="bbox 341 1879 797 1917; baseline -0.002 -8"><span class='ocrx_word' id='word_1_231' title='bbox 341 1884 418 1910; x_wconf 86' lang='lat' dir='ltr'>satur</span> <span class='ocrx_word' id='word_1_232' title='bbox 439 1888 455 1908; x_wconf 90' lang='lat' dir='ltr'>a</span> <span class='ocrx_word' id='word_1_233' title='bbox 476 1880 608 1917; x_wconf 84' lang='lat' dir='ltr'>qualitate</span> <span class='ocrx_word' id='word_1_234' title='bbox 630 1879 797 1908; x_wconf 81' lang='lat' dir='ltr'>intentionis.</span> 
     </span>
    </p>

    <p class='ocr_par' dir='ltr' id='par_1_18' title="bbox 341 1926 1190 2338">
     <span class='ocr_line' id='line_1_38' title="bbox 419 1926 1187 1963; baseline -0.001 -8"><span class='ocrx_word' id='word_1_235' title='bbox 419 1927 445 1955; x_wconf 69' lang='lat' dir='ltr'>lt.</span> <span class='ocrx_word' id='word_1_236' title='bbox 466 1927 549 1961; x_wconf 88' lang='lat' dir='ltr'>Item,</span> <span class='ocrx_word' id='word_1_237' title='bbox 578 1926 718 1963; x_wconf 86' lang='lat' dir='ltr'>potentius</span> <span class='ocrx_word' id='word_1_238' title='bbox 745 1929 786 1954; x_wconf 89' lang='lat' dir='ltr'>est</span> <span class='ocrx_word' id='word_1_239' title='bbox 815 1926 918 1954; x_wconf 88' lang='lat' dir='ltr'>bonum</span> <span class='ocrx_word' id='word_1_240' title='bbox 949 1930 1077 1963; x_wconf 89' lang='lat' dir='ltr'>respectu</span> <span class='ocrx_word' id='word_1_241' title='bbox 1107 1926 1187 1960; x_wconf 91' lang='lat' dir='ltr'>boni,</span> 
     </span>
     <span class='ocr_line' id='line_1_39' title="bbox 341 1973 1188 2012; baseline -0.001 -9"><span class='ocrx_word' id='word_1_242' title='bbox 341 1982 424 2012; x_wconf 87' lang='lat' dir='ltr'>quam</span> <span class='ocrx_word' id='word_1_243' title='bbox 447 1974 551 2002; x_wconf 88' lang='lat' dir='ltr'>malum</span> <span class='ocrx_word' id='word_1_244' title='bbox 573 1976 702 2010; x_wconf 85' lang='lat' dir='ltr'>respectu</span> <span class='ocrx_word' id='word_1_245' title='bbox 724 1973 828 2006; x_wconf 74' lang='lat' dir='ltr'>mali⁴;</span> <span class='ocrx_word' id='word_1_246' title='bbox 850 1973 898 2002; x_wconf 88' lang='lat' dir='ltr'>sed</span> <span class='ocrx_word' id='word_1_247' title='bbox 921 1973 1127 2010; x_wconf 83' lang='lat' dir='ltr'>qualecumque</span> <span class='ocrx_word' id='word_1_248' title='bbox 1153 1974 1188 2002; x_wconf 88' lang='lat' dir='ltr'>sit</span> 
     </span>
     <span class='ocr_line' id='line_1_40' title="bbox 341 2021 1188 2058; baseline -0.001 -8"><span class='ocrx_word' id='word_1_249' title='bbox 341 2029 411 2058; x_wconf 90' lang='lat' dir='ltr'>opus</span> <span class='ocrx_word' id='word_1_250' title='bbox 436 2024 462 2050; x_wconf 88' lang='lat' dir='ltr'>et</span> <span class='ocrx_word' id='word_1_251' title='bbox 493 2024 753 2058; x_wconf 87' lang='lat' dir='ltr'>quantumcumque</span> <span class='ocrx_word' id='word_1_252' title='bbox 775 2021 810 2049; x_wconf 87' lang='lat' dir='ltr'>sit</span> <span class='ocrx_word' id='word_1_253' title='bbox 831 2021 949 2052; x_wconf 79' lang='lat' dir='ltr'>bonum,</span> <span class='ocrx_word' id='word_1_254' title='bbox 971 2021 1120 2057; x_wconf 84' lang='lat' dir='ltr'>depravari</span> <span class='ocrx_word' id='word_1_255' title='bbox 1144 2029 1188 2057; x_wconf 89' lang='lat' dir='ltr'>po-</span> 
     </span>
     <span class='ocr_line' id='line_1_41' title="bbox 341 2067 1189 2106; baseline -0.002 -8"><span class='ocrx_word' id='word_1_256' title='bbox 341 2072 394 2098; x_wconf 89' lang='lat' dir='ltr'>test</span> <span class='ocrx_word' id='word_1_257' title='bbox 408 2076 458 2106; x_wconf 91' lang='lat' dir='ltr'>per</span> <span class='ocrx_word' id='word_1_258' title='bbox 479 2068 581 2097; x_wconf 79' lang='lat' dir='ltr'>malam</span> <span class='ocrx_word' id='word_1_259' title='bbox 597 2068 788 2097; x_wconf 84' lang='lat' dir='ltr'>intentionem:</span> <span class='ocrx_word' id='word_1_260' title='bbox 811 2075 877 2104; x_wconf 82' lang='lat' dir='ltr'>ergo</span> <span class='ocrx_word' id='word_1_261' title='bbox 892 2067 981 2096; x_wconf 87' lang='lat' dir='ltr'>multo</span> <span class='ocrx_word' id='word_1_262' title='bbox 1003 2068 1102 2097; x_wconf 82' lang='lat' dir='ltr'>fortius</span> <span class='ocrx_word' id='word_1_263' title='bbox 1120 2076 1189 2105; x_wconf 86' lang='lat' dir='ltr'>qua-</span> 
     </span>
     <span class='ocr_line' id='line_1_42' title="bbox 342 2114 1189 2152; baseline -0.001 -9"><span class='ocrx_word' id='word_1_264' title='bbox 342 2115 489 2152; x_wconf 89' lang='lat' dir='ltr'>lecumque</span> <span class='ocrx_word' id='word_1_265' title='bbox 518 2114 552 2143; x_wconf 91' lang='lat' dir='ltr'>sit</span> <span class='ocrx_word' id='word_1_266' title='bbox 573 2122 644 2151; x_wconf 87' lang='lat' dir='ltr'>opus</span> <span class='ocrx_word' id='word_1_267' title='bbox 669 2117 696 2142; x_wconf 93' lang='lat' dir='ltr'>et</span> <span class='ocrx_word' id='word_1_268' title='bbox 717 2117 977 2150; x_wconf 81' lang='lat' dir='ltr'>quantumcumque</span> <span class='ocrx_word' id='word_1_269' title='bbox 1007 2114 1127 2148; x_wconf 88' lang='lat' dir='ltr'>malum,</span> <span class='ocrx_word' id='word_1_270' title='bbox 1149 2122 1189 2143; x_wconf 88' lang='lat' dir='ltr'>re-</span> 
     </span>
     <span class='ocr_line' id='line_1_43' title="bbox 342 2160 1188 2198; baseline -0.002 -8"><span class='ocrx_word' id='word_1_271' title='bbox 342 2161 455 2191; x_wconf 86' lang='lat' dir='ltr'>ctificari</span> <span class='ocrx_word' id='word_1_272' title='bbox 483 2164 573 2198; x_wconf 87' lang='lat' dir='ltr'>potest</span> <span class='ocrx_word' id='word_1_273' title='bbox 598 2169 632 2189; x_wconf 82' lang='lat' dir='ltr'>ex</span> <span class='ocrx_word' id='word_1_274' title='bbox 655 2161 727 2189; x_wconf 86' lang='lat' dir='ltr'>bona</span> <span class='ocrx_word' id='word_1_275' title='bbox 753 2160 912 2189; x_wconf 90' lang='lat' dir='ltr'>intentione.</span> <span class='ocrx_word' id='word_1_276' title='bbox 937 2161 966 2188; x_wconf 86' lang='lat' dir='ltr'>Et</span> <span class='ocrx_word' id='word_1_277' title='bbox 991 2164 1082 2197; x_wconf 86' lang='lat' dir='ltr'>potest</span> <span class='ocrx_word' id='word_1_278' title='bbox 1104 2161 1188 2189; x_wconf 85' lang='lat' dir='ltr'>buius</span> 
     </span>
     <span class='ocr_line' id='line_1_44' title="bbox 341 2206 1189 2245; baseline -0.002 -9"><span class='ocrx_word' id='word_1_279' title='bbox 341 2208 497 2245; x_wconf 85' lang='lat' dir='ltr'>argumenti</span> <span class='ocrx_word' id='word_1_280' title='bbox 514 2207 599 2236; x_wconf 80' lang='lat' dir='ltr'>illatio</span> <span class='ocrx_word' id='word_1_281' title='bbox 621 2207 781 2236; x_wconf 79' lang='lat' dir='ltr'>confirmari</span> <span class='ocrx_word' id='word_1_282' title='bbox 797 2206 876 2243; x_wconf 86' lang='lat' dir='ltr'>quasi</span> <span class='ocrx_word' id='word_1_283' title='bbox 898 2215 917 2234; x_wconf 88' lang='lat' dir='ltr'>a</span> <span class='ocrx_word' id='word_1_284' title='bbox 933 2206 1044 2235; x_wconf 73' lang='lat' dir='ltr'>minori</span> <span class='ocrx_word' id='word_1_285' title='bbox 1064 2210 1091 2235; x_wconf 88' lang='lat' dir='ltr'>et</span> <span class='ocrx_word' id='word_1_286' title='bbox 1113 2215 1132 2235; x_wconf 88' lang='lat' dir='ltr'>a</span> <span class='ocrx_word' id='word_1_287' title='bbox 1153 2207 1189 2235; x_wconf 77' lang='lat' dir='ltr'>si-</span> 
     </span>
     <span class='ocr_line' id='line_1_45' title="bbox 342 2254 1190 2292; baseline -0.001 -9"><span class='ocrx_word' id='word_1_288' title='bbox 342 2255 406 2283; x_wconf 69' lang='lat' dir='ltr'>mitt</span> <span class='ocrx_word' id='word_1_289' title='bbox 426 2259 453 2284; x_wconf 90' lang='lat' dir='ltr'>et</span> <span class='ocrx_word' id='word_1_290' title='bbox 472 2264 524 2292; x_wconf 78' lang='lat' dir='ltr'>per</span> <span class='ocrx_word' id='word_1_291' title='bbox 546 2254 778 2292; x_wconf 72' lang='lat' dir='ltr'>consequentiam</span> <span class='ocrx_word' id='word_1_292' title='bbox 800 2254 918 2290; x_wconf 75' lang='lat' dir='ltr'>inipso,</span> <span class='ocrx_word' id='word_1_293' title='bbox 946 2266 958 2279; x_wconf 71' lang='grc' dir='ltr'>α</span> <span class='ocrx_word' id='word_1_294' title='bbox 974 2254 1039 2291; x_wconf 85' lang='lat' dir='ltr'>quia</span> <span class='ocrx_word' id='word_1_295' title='bbox 1063 2254 1085 2282; x_wconf 86' lang='lat' dir='ltr'>si</span> <span class='ocrx_word' id='word_1_296' title='bbox 1107 2262 1190 2291; x_wconf 85' lang='lat' dir='ltr'>oppo-</span> 
     </span>
     <span class='ocr_line' id='line_1_46' title="bbox 342 2300 1188 2338; baseline -0.001 -8"><span class='ocrx_word' id='word_1_297' title='bbox 342 2302 426 2330; x_wconf 87' lang='lat' dir='ltr'>situm</span> <span class='ocrx_word' id='word_1_298' title='bbox 449 2305 491 2330; x_wconf 91' lang='lat' dir='ltr'>est</span> <span class='ocrx_word' id='word_1_299' title='bbox 512 2309 596 2330; x_wconf 77' lang='lat' dir='ltr'>eausa</span> <span class='ocrx_word' id='word_1_300' title='bbox 621 2301 751 2338; x_wconf 68' lang='lat' dir='ltr'>oppositi,</span> <span class='ocrx_word' id='word_1_301' title='bbox 773 2304 800 2330; x_wconf 89' lang='lat' dir='ltr'>et</span> <span class='ocrx_word' id='word_1_302' title='bbox 824 2300 997 2338; x_wconf 87' lang='lat' dir='ltr'>propositum</span> <span class='ocrx_word' id='word_1_303' title='bbox 1019 2301 1153 2338; x_wconf 86' lang='lat' dir='ltr'>propositi</span> <span class='ocrx_word' id='word_1_304' title='bbox 1170 2301 1188 2329; x_wconf 84' lang='lat'>⁵.</span> 
     </span>
    </p>
   </div>
   <div class='ocr_carea' id='block_1_13' title="bbox 1239 936 2225 2340">
    <p class='ocr_par' dir='ltr' id='par_1_19' title="bbox 1239 936 2088 1020">
     <span class='ocr_line' id='line_1_47' title="bbox 1239 936 2088 974; baseline -0.001 -9"><span class='ocrx_word' id='word_1_305' title='bbox 1239 937 1263 965; x_wconf 87' lang='lat' dir='ltr'>Si</span> <span class='ocrx_word' id='word_1_306' title='bbox 1287 945 1353 974; x_wconf 80' lang='lat' dir='ltr'>ergo</span> <span class='ocrx_word' id='word_1_307' title='bbox 1376 937 1449 965; x_wconf 85' lang='lat' dir='ltr'>mala</span> <span class='ocrx_word' id='word_1_308' title='bbox 1476 937 1591 965; x_wconf 85' lang='lat' dir='ltr'>intenti0</span> <span class='ocrx_word' id='word_1_309' title='bbox 1613 944 1724 974; x_wconf 89' lang='lat' dir='ltr'>semper</span> <span class='ocrx_word' id='word_1_310' title='bbox 1752 939 1848 965; x_wconf 89' lang='lat' dir='ltr'>causat</span> <span class='ocrx_word' id='word_1_311' title='bbox 1869 936 1991 970; x_wconf 86' lang='lat' dir='ltr'>malum,</span> <span class='ocrx_word' id='word_1_312' title='bbox 2016 936 2088 964; x_wconf 85' lang='lat' dir='ltr'>bona</span> 
     </span>
     <span class='ocr_line' id='line_1_48' title="bbox 1239 984 1602 1020; baseline -0.003 -8"><span class='ocrx_word' id='word_1_313' title='bbox 1239 991 1349 1020; x_wconf 87' lang='lat' dir='ltr'>semper</span> <span class='ocrx_word' id='word_1_314' title='bbox 1370 987 1467 1012; x_wconf 86' lang='lat' dir='ltr'>causat</span> <span class='ocrx_word' id='word_1_315' title='bbox 1488 984 1602 1012; x_wconf 85' lang='lat' dir='ltr'>bonum.</span> 
     </span>
    </p>

    <p class='ocr_par' dir='ltr' id='par_1_20' title="bbox 1240 1030 2093 1586">
     <span class='ocr_line' id='line_1_49' title="bbox 1320 1030 2086 1067; baseline -0.001 -8"><span class='ocrx_word' id='word_1_316' title='bbox 1320 1032 1345 1059; x_wconf 79' lang='lat'>5.</span> <span class='ocrx_word' id='word_1_317' title='bbox 1365 1031 1446 1065; x_wconf 74' lang='lat' dir='ltr'>Item,</span> <span class='ocrx_word' id='word_1_318' title='bbox 1468 1033 1527 1059; x_wconf 89' lang='lat' dir='ltr'>esto</span> <span class='ocrx_word' id='word_1_319' title='bbox 1556 1030 1631 1067; x_wconf 91' lang='lat' dir='ltr'>quod</span> <span class='ocrx_word' id='word_1_320' title='bbox 1653 1030 1754 1067; x_wconf 87' lang='lat' dir='ltr'>aliquis</span> <span class='ocrx_word' id='word_1_321' title='bbox 1779 1030 1861 1059; x_wconf 79' lang='lat' dir='ltr'>faeiat</span> <span class='ocrx_word' id='word_1_322' title='bbox 1888 1038 1960 1067; x_wconf 91' lang='lat' dir='ltr'>opus</span> <span class='ocrx_word' id='word_1_323' title='bbox 1982 1030 2086 1059; x_wconf 86' lang='lat' dir='ltr'>malum</span> 
     </span>
     <span class='ocr_line' id='line_1_50' title="bbox 1240 1077 2089 1115; baseline -0.001 -9"><span class='ocrx_word' id='word_1_324' title='bbox 1240 1078 1312 1106; x_wconf 91' lang='lat' dir='ltr'>bono</span> <span class='ocrx_word' id='word_1_325' title='bbox 1334 1078 1401 1112; x_wconf 87' lang='lat' dir='ltr'>fine,</span> <span class='ocrx_word' id='word_1_326' title='bbox 1423 1078 1461 1106; x_wconf 86' lang='lat' dir='ltr'>ita</span> <span class='ocrx_word' id='word_1_327' title='bbox 1481 1077 1556 1115; x_wconf 87' lang='lat' dir='ltr'>quod</span> <span class='ocrx_word' id='word_1_328' title='bbox 1579 1077 1683 1105; x_wconf 88' lang='lat' dir='ltr'>malitia</span> <span class='ocrx_word' id='word_1_329' title='bbox 1705 1077 1740 1106; x_wconf 88' lang='lat' dir='ltr'>sit</span> <span class='ocrx_word' id='word_1_330' title='bbox 1762 1077 1789 1105; x_wconf 92' lang='lat' dir='ltr'>in</span> <span class='ocrx_word' id='word_1_331' title='bbox 1811 1085 1911 1114; x_wconf 88' lang='lat' dir='ltr'>opere,</span> <span class='ocrx_word' id='word_1_332' title='bbox 1933 1080 1960 1106; x_wconf 91' lang='lat' dir='ltr'>et</span> <span class='ocrx_word' id='word_1_333' title='bbox 1980 1077 2089 1106; x_wconf 85' lang='lat' dir='ltr'>bonitas</span> 
     </span>
     <span class='ocr_line' id='line_1_51' title="bbox 1241 1124 2091 1161; baseline -0.001 -8"><span class='ocrx_word' id='word_1_334' title='bbox 1241 1125 1267 1153; x_wconf 92' lang='lat' dir='ltr'>in</span> <span class='ocrx_word' id='word_1_335' title='bbox 1284 1125 1450 1159; x_wconf 65' lang='lat' dir='ltr'>mentione,</span> <span class='ocrx_word' id='word_1_336' title='bbox 1471 1128 1521 1153; x_wconf 89' lang='lat' dir='ltr'>aut</span> <span class='ocrx_word' id='word_1_337' title='bbox 1536 1124 1649 1153; x_wconf 86' lang='lat' dir='ltr'>Intentio</span> <span class='ocrx_word' id='word_1_338' title='bbox 1670 1127 1817 1161; x_wconf 82' lang='lat' dir='ltr'>permanet</span> <span class='ocrx_word' id='word_1_339' title='bbox 1833 1124 1912 1158; x_wconf 84' lang='lat' dir='ltr'>bona,</span> <span class='ocrx_word' id='word_1_340' title='bbox 1934 1131 2018 1161; x_wconf 90' lang='lat' dir='ltr'>opere</span> <span class='ocrx_word' id='word_1_341' title='bbox 2033 1124 2091 1153; x_wconf 78' lang='lat' dir='ltr'>exi—</span> 
     </span>
     <span class='ocr_line' id='line_1_52' title="bbox 1241 1171 2089 1208; baseline 0 -8"><span class='ocrx_word' id='word_1_342' title='bbox 1241 1175 1329 1201; x_wconf 84' lang='lat' dir='ltr'>stente</span> <span class='ocrx_word' id='word_1_343' title='bbox 1352 1171 1440 1206; x_wconf 85' lang='lat' dir='ltr'>malo;</span> <span class='ocrx_word' id='word_1_344' title='bbox 1469 1175 1517 1200; x_wconf 84' lang='lat' dir='ltr'>aut</span> <span class='ocrx_word' id='word_1_345' title='bbox 1539 1172 1654 1200; x_wconf 69' lang='lat' dir='ltr'>intendo</span> <span class='ocrx_word' id='word_1_346' title='bbox 1682 1171 1713 1200; x_wconf 85' lang='lat' dir='ltr'>fit</span> <span class='ocrx_word' id='word_1_347' title='bbox 1734 1171 1807 1199; x_wconf 83' lang='lat' dir='ltr'>mala</span> <span class='ocrx_word' id='word_1_348' title='bbox 1829 1179 1865 1200; x_wconf 86' lang='lat' dir='ltr'>ex</span> <span class='ocrx_word' id='word_1_349' title='bbox 1894 1179 1978 1208; x_wconf 83' lang='lat' dir='ltr'>opere</span> <span class='ocrx_word' id='word_1_350' title='bbox 2000 1171 2089 1206; x_wconf 62' lang='lat' dir='ltr'>malm</span> 
     </span>
     <span class='ocr_line' id='line_1_53' title="bbox 1241 1218 2090 1256; baseline 0 -9"><span class='ocrx_word' id='word_1_351' title='bbox 1241 1222 1289 1248; x_wconf 91' lang='lat' dir='ltr'>aut</span> <span class='ocrx_word' id='word_1_352' title='bbox 1310 1219 1425 1247; x_wconf 91' lang='lat' dir='ltr'>intentio</span> <span class='ocrx_word' id='word_1_353' title='bbox 1443 1219 1506 1248; x_wconf 83' lang='lat' dir='ltr'>facit</span> <span class='ocrx_word' id='word_1_354' title='bbox 1527 1227 1599 1256; x_wconf 88' lang='lat' dir='ltr'>opus</span> <span class='ocrx_word' id='word_1_355' title='bbox 1614 1219 1728 1248; x_wconf 83' lang='lat' dir='ltr'>bonum.</span> <span class='ocrx_word' id='word_1_356' title='bbox 1750 1219 1775 1247; x_wconf 88' lang='lat' dir='ltr'>Si</span> <span class='ocrx_word' id='word_1_357' title='bbox 1789 1218 1889 1256; x_wconf 71' lang='lat' dir='ltr'>primo</span> <span class='ocrx_word' id='word_1_358' title='bbox 1912 1218 2007 1248; x_wconf 87' lang='lat' dir='ltr'>modo:</span> <span class='ocrx_word' id='word_1_359' title='bbox 2024 1226 2090 1256; x_wconf 86' lang='lat' dir='ltr'>ergo</span> 
     </span>
     <span class='ocr_line' id='line_1_54' title="bbox 1241 1265 2089 1303; baseline -0.001 -8"><span class='ocrx_word' id='word_1_360' title='bbox 1241 1266 1325 1295; x_wconf 85' lang='lat' dir='ltr'>simul</span> <span class='ocrx_word' id='word_1_361' title='bbox 1347 1270 1373 1294; x_wconf 89' lang='lat' dir='ltr'>et</span> <span class='ocrx_word' id='word_1_362' title='bbox 1396 1266 1480 1295; x_wconf 87' lang='lat' dir='ltr'>semel</span> <span class='ocrx_word' id='word_1_363' title='bbox 1499 1266 1652 1295; x_wconf 90' lang='lat' dir='ltr'>merebitur</span> <span class='ocrx_word' id='word_1_364' title='bbox 1673 1266 1737 1303; x_wconf 89' lang='lat' dir='ltr'>quis</span> <span class='ocrx_word' id='word_1_365' title='bbox 1751 1269 1778 1294; x_wconf 90' lang='lat' dir='ltr'>et</span> <span class='ocrx_word' id='word_1_366' title='bbox 1800 1265 2000 1300; x_wconf 82' lang='lat' dir='ltr'>demerebitur,</span> <span class='ocrx_word' id='word_1_367' title='bbox 2015 1266 2089 1303; x_wconf 88' lang='lat' dir='ltr'>quod</span> 
     </span>
     <span class='ocr_line' id='line_1_55' title="bbox 1242 1313 2091 1350; baseline 0 -8"><span class='ocrx_word' id='word_1_368' title='bbox 1242 1316 1283 1342; x_wconf 89' lang='lat' dir='ltr'>est</span> <span class='ocrx_word' id='word_1_369' title='bbox 1304 1313 1483 1350; x_wconf 89' lang='lat' dir='ltr'>impossibile.</span> <span class='ocrx_word' id='word_1_370' title='bbox 1510 1313 1535 1341; x_wconf 87' lang='lat' dir='ltr'>Si</span> <span class='ocrx_word' id='word_1_371' title='bbox 1551 1313 1677 1341; x_wconf 74' lang='lat' dir='ltr'>secando</span> <span class='ocrx_word' id='word_1_372' title='bbox 1701 1313 1796 1347; x_wconf 79' lang='lat' dir='ltr'>mod03</span> <span class='ocrx_word' id='word_1_373' title='bbox 1817 1313 1865 1342; x_wconf 89' lang='lat' dir='ltr'>sed</span> <span class='ocrx_word' id='word_1_374' title='bbox 1881 1316 1997 1341; x_wconf 72' lang='lat' dir='ltr'>contra:</span> <span class='ocrx_word' id='word_1_375' title='bbox 2020 1321 2091 1349; x_wconf 91' lang='lat' dir='ltr'>opus</span> 
     </span>
     <span class='ocr_line' id='line_1_56' title="bbox 1242 1359 2090 1393; baseline -0.001 -5"><span class='ocrx_word' id='word_1_376' title='bbox 1242 1363 1283 1388; x_wconf 91' lang='lat' dir='ltr'>est</span> <span class='ocrx_word' id='word_1_377' title='bbox 1305 1360 1420 1388; x_wconf 82' lang='lat' dir='ltr'>effectus</span> <span class='ocrx_word' id='word_1_378' title='bbox 1449 1360 1624 1393; x_wconf 85' lang='lat' dir='ltr'>intentionis;</span> <span class='ocrx_word' id='word_1_379' title='bbox 1654 1360 1702 1388; x_wconf 91' lang='lat' dir='ltr'>sed</span> <span class='ocrx_word' id='word_1_380' title='bbox 1724 1360 1840 1388; x_wconf 85' lang='lat' dir='ltr'>effectus</span> <span class='ocrx_word' id='word_1_381' title='bbox 1861 1368 1915 1388; x_wconf 91' lang='lat' dir='ltr'>non</span> <span class='ocrx_word' id='word_1_382' title='bbox 1945 1359 2036 1388; x_wconf 87' lang='lat' dir='ltr'>influit</span> <span class='ocrx_word' id='word_1_383' title='bbox 2064 1359 2090 1387; x_wconf 91' lang='lat' dir='ltr'>in</span> 
     </span>
     <span class='ocr_line' id='line_1_57' title="bbox 1242 1407 2093 1444; baseline 0 -9"><span class='ocrx_word' id='word_1_384' title='bbox 1242 1415 1369 1441; x_wconf 87' lang='lat' dir='ltr'>causam,</span> <span class='ocrx_word' id='word_1_385' title='bbox 1391 1407 1439 1436; x_wconf 86' lang='lat' dir='ltr'>sed</span> <span class='ocrx_word' id='word_1_386' title='bbox 1462 1407 1554 1444; x_wconf 87' lang='lat' dir='ltr'>potius</span> <span class='ocrx_word' id='word_1_387' title='bbox 1576 1415 1590 1436; x_wconf 89' lang='lat' dir='ltr'>e</span> <span class='ocrx_word' id='word_1_388' title='bbox 1613 1414 1747 1436; x_wconf 87' lang='lat' dir='ltr'>converso</span> <span class='ocrx_word' id='word_1_389' title='bbox 1761 1407 1782 1435; x_wconf 69' lang='lat'>⁶:</span> <span class='ocrx_word' id='word_1_390' title='bbox 1805 1415 1872 1444; x_wconf 81' lang='lat' dir='ltr'>ergo</span> <span class='ocrx_word' id='word_1_391' title='bbox 1894 1407 1986 1444; x_wconf 90' lang='lat' dir='ltr'>potius</span> <span class='ocrx_word' id='word_1_392' title='bbox 2008 1407 2093 1435; x_wconf 88' lang='lat' dir='ltr'>inten-</span> 
     </span>
     <span class='ocr_line' id='line_1_58' title="bbox 1242 1454 2093 1491; baseline 0 -9"><span class='ocrx_word' id='word_1_393' title='bbox 1242 1455 1280 1483; x_wconf 92' lang='lat' dir='ltr'>tio</span> <span class='ocrx_word' id='word_1_394' title='bbox 1294 1454 1482 1483; x_wconf 86' lang='lat' dir='ltr'>communicat</span> <span class='ocrx_word' id='word_1_395' title='bbox 1496 1462 1576 1483; x_wconf 87' lang='lat' dir='ltr'>suam</span> <span class='ocrx_word' id='word_1_396' title='bbox 1595 1454 1795 1491; x_wconf 89' lang='lat' dir='ltr'>proprietatem</span> <span class='ocrx_word' id='word_1_397' title='bbox 1811 1454 1902 1491; x_wconf 90' lang='lat' dir='ltr'>operi,</span> <span class='ocrx_word' id='word_1_398' title='bbox 1921 1462 2005 1491; x_wconf 88' lang='lat' dir='ltr'>quam</span> <span class='ocrx_word' id='word_1_399' title='bbox 2022 1462 2093 1490; x_wconf 87' lang='lat' dir='ltr'>opus</span> 
     </span>
     <span class='ocr_line' id='line_1_59' title="bbox 1242 1501 2093 1538; baseline 0 -8"><span class='ocrx_word' id='word_1_400' title='bbox 1242 1502 1401 1531; x_wconf 83' lang='lat' dir='ltr'>intentIoni:</span> <span class='ocrx_word' id='word_1_401' title='bbox 1419 1509 1485 1538; x_wconf 81' lang='lat' dir='ltr'>ergo</span> <span class='ocrx_word' id='word_1_402' title='bbox 1500 1502 1523 1530; x_wconf 88' lang='lat' dir='ltr'>si</span> <span class='ocrx_word' id='word_1_403' title='bbox 1539 1501 1653 1530; x_wconf 85' lang='lat' dir='ltr'>intentio</span> <span class='ocrx_word' id='word_1_404' title='bbox 1668 1505 1710 1530; x_wconf 84' lang='lat' dir='ltr'>est</span> <span class='ocrx_word' id='word_1_405' title='bbox 1724 1501 1809 1535; x_wconf 79' lang='lat' dir='ltr'>bona,</span> <span class='ocrx_word' id='word_1_406' title='bbox 1825 1509 1937 1530; x_wconf 78' lang='lat' dir='ltr'>necesse</span> <span class='ocrx_word' id='word_1_407' title='bbox 1952 1504 2006 1535; x_wconf 87' lang='lat' dir='ltr'>est,</span> <span class='ocrx_word' id='word_1_408' title='bbox 2022 1509 2093 1538; x_wconf 86' lang='lat' dir='ltr'>opus</span> 
     </span>
     <span class='ocr_line' id='line_1_60' title="bbox 1242 1549 1838 1586; baseline -0.002 -8"><span class='ocrx_word' id='word_1_409' title='bbox 1242 1557 1303 1578; x_wconf 89' lang='lat' dir='ltr'>esse</span> <span class='ocrx_word' id='word_1_410' title='bbox 1325 1549 1444 1579; x_wconf 87' lang='lat' dir='ltr'>bonum.</span> <span class='ocrx_word' id='word_1_411' title='bbox 1466 1549 1541 1586; x_wconf 86' lang='lat' dir='ltr'>quod</span> <span class='ocrx_word' id='word_1_412' title='bbox 1563 1557 1600 1577; x_wconf 82' lang='lat' dir='ltr'>ex</span> <span class='ocrx_word' id='word_1_413' title='bbox 1623 1549 1682 1585; x_wconf 84' lang='lat' dir='ltr'>Ipsa</span> <span class='ocrx_word' id='word_1_414' title='bbox 1703 1549 1838 1586; x_wconf 88' lang='lat' dir='ltr'>procedit.</span> 
     </span>
    </p>

    <p class='ocr_par' dir='ltr' id='par_1_21' title="bbox 1243 1596 2096 2002">
     <span class='ocr_line' id='line_1_61' title="bbox 1323 1596 2093 1634; baseline 0 -10"><span class='ocrx_word' id='word_1_415' title='bbox 1323 1598 1348 1625; x_wconf 83' lang='grc'>6.</span> <span class='ocrx_word' id='word_1_416' title='bbox 1370 1596 1450 1631; x_wconf 84' lang='lat' dir='ltr'>Item,</span> <span class='ocrx_word' id='word_1_417' title='bbox 1476 1600 1738 1634; x_wconf 85' lang='lat' dir='ltr'>quantumcumque</span> <span class='ocrx_word' id='word_1_418' title='bbox 1764 1604 1835 1633; x_wconf 90' lang='lat' dir='ltr'>opus</span> <span class='ocrx_word' id='word_1_419' title='bbox 1863 1596 1897 1625; x_wconf 90' lang='lat' dir='ltr'>de</span> <span class='ocrx_word' id='word_1_420' title='bbox 1918 1603 1948 1625; x_wconf 90' lang='lat' dir='ltr'>se</span> <span class='ocrx_word' id='word_1_421' title='bbox 1978 1596 2012 1624; x_wconf 90' lang='lat' dir='ltr'>sit</span> <span class='ocrx_word' id='word_1_422' title='bbox 2034 1603 2093 1624; x_wconf 89' lang='lat' dir='ltr'>ma-</span> 
     </span>
     <span class='ocr_line' id='line_1_62' title="bbox 1243 1643 2095 1680; baseline 0 -9"><span class='ocrx_word' id='word_1_423' title='bbox 1243 1644 1317 1678; x_wconf 72' lang='lat' dir='ltr'>lum,</span> <span class='ocrx_word' id='word_1_424' title='bbox 1341 1643 1361 1672; x_wconf 94' lang='lat' dir='ltr'>si</span> <span class='ocrx_word' id='word_1_425' title='bbox 1383 1647 1473 1671; x_wconf 88' lang='lat' dir='ltr'>tamen</span> <span class='ocrx_word' id='word_1_426' title='bbox 1497 1643 1545 1671; x_wconf 88' lang='lat' dir='ltr'>fiat</span> <span class='ocrx_word' id='word_1_427' title='bbox 1560 1643 1595 1671; x_wconf 90' lang='lat' dir='ltr'>ab</span> <span class='ocrx_word' id='word_1_428' title='bbox 1616 1651 1648 1672; x_wconf 90' lang='lat' dir='ltr'>eo</span> <span class='ocrx_word' id='word_1_429' title='bbox 1671 1643 1717 1680; x_wconf 88' lang='lat' dir='ltr'>qui</span> <span class='ocrx_word' id='word_1_430' title='bbox 1733 1646 1867 1680; x_wconf 84' lang='lat' dir='ltr'>operatur</span> <span class='ocrx_word' id='word_1_431' title='bbox 1889 1643 2002 1671; x_wconf 89' lang='lat' dir='ltr'>omnino</span> <span class='ocrx_word' id='word_1_432' title='bbox 2016 1651 2095 1680; x_wconf 89' lang='lat' dir='ltr'>prae-</span> 
     </span>
     <span class='ocr_line' id='line_1_63' title="bbox 1243 1690 2094 1728; baseline 0 -9"><span class='ocrx_word' id='word_1_433' title='bbox 1243 1694 1284 1719; x_wconf 90' lang='lat' dir='ltr'>ter</span> <span class='ocrx_word' id='word_1_434' title='bbox 1307 1691 1502 1725; x_wconf 79' lang='lat' dir='ltr'>intentionem,</span> <span class='ocrx_word' id='word_1_435' title='bbox 1525 1690 1597 1719; x_wconf 81' lang='lat' dir='ltr'>sicut</span> <span class='ocrx_word' id='word_1_436' title='bbox 1617 1690 1653 1719; x_wconf 87' lang='lat' dir='ltr'>ab</span> <span class='ocrx_word' id='word_1_437' title='bbox 1674 1698 1707 1719; x_wconf 88' lang='lat' dir='ltr'>eo</span> <span class='ocrx_word' id='word_1_438' title='bbox 1733 1691 1780 1728; x_wconf 87' lang='lat' dir='ltr'>qui</span> <span class='ocrx_word' id='word_1_439' title='bbox 1803 1691 1916 1719; x_wconf 89' lang='lat' dir='ltr'>omnino</span> <span class='ocrx_word' id='word_1_440' title='bbox 1942 1693 2019 1720; x_wconf 86' lang='lat' dir='ltr'>caret</span> <span class='ocrx_word' id='word_1_441' title='bbox 2039 1698 2094 1719; x_wconf 91' lang='lat' dir='ltr'>usu</span> 
     </span>
     <span class='ocr_line' id='line_1_64' title="bbox 1244 1737 2095 1775; baseline -0.001 -8"><span class='ocrx_word' id='word_1_442' title='bbox 1244 1738 1371 1772; x_wconf 87' lang='lat' dir='ltr'>rationis,</span> <span class='ocrx_word' id='word_1_443' title='bbox 1386 1746 1440 1766; x_wconf 93' lang='lat' dir='ltr'>non</span> <span class='ocrx_word' id='word_1_444' title='bbox 1463 1741 1504 1766; x_wconf 91' lang='lat' dir='ltr'>est</span> <span class='ocrx_word' id='word_1_445' title='bbox 1519 1738 1613 1774; x_wconf 86' lang='lat' dir='ltr'>aliquo</span> <span class='ocrx_word' id='word_1_446' title='bbox 1629 1737 1712 1766; x_wconf 88' lang='lat' dir='ltr'>modo</span> <span class='ocrx_word' id='word_1_447' title='bbox 1727 1738 1867 1774; x_wconf 86' lang='lat' dir='ltr'>culpabile</span> <span class='ocrx_word' id='word_1_448' title='bbox 1878 1739 1899 1766; x_wconf 85' lang='lat'>⁷:</span> <span class='ocrx_word' id='word_1_449' title='bbox 1915 1745 1982 1775; x_wconf 86' lang='lat' dir='ltr'>ergo</span> <span class='ocrx_word' id='word_1_450' title='bbox 2004 1737 2026 1766; x_wconf 89' lang='lat' dir='ltr'>si</span> <span class='ocrx_word' id='word_1_451' title='bbox 2042 1738 2095 1775; x_wconf 91' lang='lat' dir='ltr'>pri-</span> 
     </span>
     <span class='ocr_line' id='line_1_65' title="bbox 1244 1784 2092 1821; baseline 0 -9"><span class='ocrx_word' id='word_1_452' title='bbox 1244 1785 1317 1813; x_wconf 85' lang='lat' dir='ltr'>vatio</span> <span class='ocrx_word' id='word_1_453' title='bbox 1333 1784 1491 1813; x_wconf 87' lang='lat' dir='ltr'>intentiouis</span> <span class='ocrx_word' id='word_1_454' title='bbox 1513 1792 1584 1821; x_wconf 84' lang='lat' dir='ltr'>opus</span> <span class='ocrx_word' id='word_1_455' title='bbox 1603 1787 1864 1821; x_wconf 87' lang='lat' dir='ltr'>quantumcumque</span> <span class='ocrx_word' id='word_1_456' title='bbox 1886 1785 1921 1813; x_wconf 90' lang='lat' dir='ltr'>de</span> <span class='ocrx_word' id='word_1_457' title='bbox 1936 1792 1965 1813; x_wconf 92' lang='lat' dir='ltr'>se</span> <span class='ocrx_word' id='word_1_458' title='bbox 1987 1784 2092 1813; x_wconf 86' lang='lat' dir='ltr'>malum</span> 
     </span>
     <span class='ocr_line' id='line_1_66' title="bbox 1244 1831 2093 1869; baseline -0.001 -8"><span class='ocrx_word' id='word_1_459' title='bbox 1244 1835 1334 1869; x_wconf 89' lang='lat' dir='ltr'>potest</span> <span class='ocrx_word' id='word_1_460' title='bbox 1355 1832 1467 1869; x_wconf 86' lang='lat' dir='ltr'>privare</span> <span class='ocrx_word' id='word_1_461' title='bbox 1484 1831 1588 1859; x_wconf 87' lang='lat' dir='ltr'>malitia</span> <span class='ocrx_word' id='word_1_462' title='bbox 1610 1835 1637 1860; x_wconf 90' lang='lat' dir='ltr'>et</span> <span class='ocrx_word' id='word_1_463' title='bbox 1652 1831 1755 1865; x_wconf 79' lang='lat' dir='ltr'>facere,</span> <span class='ocrx_word' id='word_1_464' title='bbox 1770 1832 1844 1868; x_wconf 90' lang='lat' dir='ltr'>quod</span> <span class='ocrx_word' id='word_1_465' title='bbox 1863 1840 1915 1860; x_wconf 88' lang='lat' dir='ltr'>non</span> <span class='ocrx_word' id='word_1_466' title='bbox 1938 1832 1973 1860; x_wconf 88' lang='lat' dir='ltr'>sit</span> <span class='ocrx_word' id='word_1_467' title='bbox 1988 1832 2093 1860; x_wconf 85' lang='lat' dir='ltr'>malum</span> 
     </span>
     <span class='ocr_line' id='line_1_67' title="bbox 1245 1878 2095 1915; baseline 0.001 -8"><span class='ocrx_word' id='word_1_468' title='bbox 1245 1879 1350 1907; x_wconf 86' lang='lat' dir='ltr'>malitia</span> <span class='ocrx_word' id='word_1_469' title='bbox 1372 1878 1470 1911; x_wconf 81' lang='lat' dir='ltr'>moris;</span> <span class='ocrx_word' id='word_1_470' title='bbox 1486 1878 1545 1915; x_wconf 89' lang='lat' dir='ltr'>pari</span> <span class='ocrx_word' id='word_1_471' title='bbox 1569 1878 1675 1906; x_wconf 87' lang='lat' dir='ltr'>ratione</span> <span class='ocrx_word' id='word_1_472' title='bbox 1697 1878 1821 1911; x_wconf 84' lang='lat' dir='ltr'>videtur,</span> <span class='ocrx_word' id='word_1_473' title='bbox 1836 1878 1912 1915; x_wconf 91' lang='lat' dir='ltr'>quod</span> <span class='ocrx_word' id='word_1_474' title='bbox 1934 1879 2095 1908; x_wconf 83' lang='lat' dir='ltr'>rectificatio</span> 
     </span>
     <span class='ocr_line' id='line_1_68' title="bbox 1246 1926 2096 1963; baseline -0.001 -8"><span class='ocrx_word' id='word_1_475' title='bbox 1246 1926 1406 1955; x_wconf 86' lang='lat' dir='ltr'>intentionis</span> <span class='ocrx_word' id='word_1_476' title='bbox 1426 1933 1498 1962; x_wconf 84' lang='lat' dir='ltr'>opus</span> <span class='ocrx_word' id='word_1_477' title='bbox 1524 1929 1784 1963; x_wconf 84' lang='lat' dir='ltr'>quantumcumque</span> <span class='ocrx_word' id='word_1_478' title='bbox 1810 1926 1845 1954; x_wconf 90' lang='lat' dir='ltr'>de</span> <span class='ocrx_word' id='word_1_479' title='bbox 1867 1934 1896 1955; x_wconf 90' lang='lat' dir='ltr'>se</span> <span class='ocrx_word' id='word_1_480' title='bbox 1921 1926 2028 1954; x_wconf 91' lang='lat' dir='ltr'>malum</span> <span class='ocrx_word' id='word_1_481' title='bbox 2050 1934 2096 1963; x_wconf 90' lang='lat' dir='ltr'>po-</span> 
     </span>
     <span class='ocr_line' id='line_1_69' title="bbox 1245 1972 1726 2002; baseline -0.002 -1"><span class='ocrx_word' id='word_1_482' title='bbox 1245 1976 1299 2002; x_wconf 88' lang='lat' dir='ltr'>test</span> <span class='ocrx_word' id='word_1_483' title='bbox 1319 1973 1411 2001; x_wconf 82' lang='lat' dir='ltr'>facere</span> <span class='ocrx_word' id='word_1_484' title='bbox 1433 1972 1536 2001; x_wconf 88' lang='lat' dir='ltr'>bonum</span> <span class='ocrx_word' id='word_1_485' title='bbox 1560 1976 1587 2001; x_wconf 86' lang='lat' dir='ltr'>et</span> <span class='ocrx_word' id='word_1_486' title='bbox 1608 1975 1726 2000; x_wconf 86' lang='lat' dir='ltr'>rectum.</span> 
     </span>
    </p>

    <p class='ocr_par' dir='ltr' id='par_1_22' title="bbox 1246 2019 2225 2291">
     <span class='ocr_line' id='line_1_70' title="bbox 1325 2019 2225 2056; baseline 0.001 -9"><span class='ocrx_word' id='word_1_487' title='bbox 1325 2020 1377 2047; x_wconf 82' lang='lat' dir='ltr'>SED</span> <span class='ocrx_word' id='word_1_488' title='bbox 1392 2027 1514 2048; x_wconf 78' lang='lat' dir='ltr'>CONTRA:</span> <span class='ocrx_word' id='word_1_489' title='bbox 1533 2020 1557 2047; x_wconf 88' lang='grc'>1.</span> <span class='ocrx_word' id='word_1_490' title='bbox 1571 2019 1648 2056; x_wconf 79' lang='lat' dir='ltr'>nugo</span> <span class='ocrx_word' id='word_1_491' title='bbox 1663 2019 1697 2048; x_wconf 87' lang='lat' dir='ltr'>de</span> <span class='ocrx_word' id='word_1_492' title='bbox 1712 2023 1807 2048; x_wconf 82' lang='lat' dir='ltr'>sancto</span> <span class='ocrx_word' id='word_1_493' title='bbox 1822 2020 1932 2048; x_wconf 80' lang='lat' dir='ltr'>Victore</span> <span class='ocrx_word' id='word_1_494' title='bbox 1944 2020 1964 2048; x_wconf 79' lang='lat'>⁸:</span> <span class='ocrx_word' id='word_1_495' title='bbox 1989 2031 2002 2045; x_wconf 84' lang='lat'>«</span> <span class='ocrx_word' id='word_1_496' title='bbox 2014 2021 2096 2049; x_wconf 87' lang='lat' dir='ltr'>Amor</span> <span class='ocrx_word' id='word_1_497' title='bbox 2103 2024 2225 2042; x_wconf 58' lang='lat' dir='ltr'>Fundamenta</span> 
     </span>
     <span class='ocr_line' id='line_1_71' title="bbox 1246 2066 2095 2100; baseline 0 -6"><span class='ocrx_word' id='word_1_498' title='bbox 1246 2066 1427 2095; x_wconf 86' lang='lat' dir='ltr'>transformat</span> <span class='ocrx_word' id='word_1_499' title='bbox 1448 2070 1587 2095; x_wconf 81' lang='lat' dir='ltr'>amantem</span> <span class='ocrx_word' id='word_1_500' title='bbox 1611 2066 1638 2094; x_wconf 92' lang='lat' dir='ltr'>in</span> <span class='ocrx_word' id='word_1_501' title='bbox 1660 2069 1784 2095; x_wconf 86' lang='lat' dir='ltr'>amatum</span> <span class='ocrx_word' id='word_1_502' title='bbox 1802 2077 1832 2100; x_wconf 79' lang='lat'>»3</span> <span class='ocrx_word' id='word_1_503' title='bbox 1856 2067 1907 2095; x_wconf 88' lang='lat' dir='ltr'>boc</span> <span class='ocrx_word' id='word_1_504' title='bbox 1925 2070 2019 2095; x_wconf 88' lang='lat' dir='ltr'>autem</span> <span class='ocrx_word' id='word_1_505' title='bbox 2041 2074 2095 2094; x_wconf 91' lang='lat' dir='ltr'>non</span> 
     </span>
     <span class='ocr_line' id='line_1_72' title="bbox 1246 2113 2096 2150; baseline 0.001 -9"><span class='ocrx_word' id='word_1_506' title='bbox 1246 2113 1349 2142; x_wconf 88' lang='lat' dir='ltr'>dicitur</span> <span class='ocrx_word' id='word_1_507' title='bbox 1371 2121 1385 2141; x_wconf 91' lang='lat' dir='ltr'>e</span> <span class='ocrx_word' id='word_1_508' title='bbox 1408 2121 1557 2141; x_wconf 84' lang='lat' dir='ltr'>converso:</span> <span class='ocrx_word' id='word_1_509' title='bbox 1580 2121 1647 2150; x_wconf 83' lang='lat' dir='ltr'>ergo</span> <span class='ocrx_word' id='word_1_510' title='bbox 1668 2113 1883 2150; x_wconf 85' lang='lat' dir='ltr'>qualiscumque</span> <span class='ocrx_word' id='word_1_511' title='bbox 1909 2113 1944 2142; x_wconf 88' lang='lat' dir='ltr'>sit</span> <span class='ocrx_word' id='word_1_512' title='bbox 1966 2113 2096 2147; x_wconf 80' lang='lat' dir='ltr'>intentio,</span> 
     </span>
     <span class='ocr_line' id='line_1_73' title="bbox 1246 2160 2098 2194; baseline 0.001 -6"><span class='ocrx_word' id='word_1_513' title='bbox 1246 2160 1268 2189; x_wconf 92' lang='lat' dir='ltr'>si</span> <span class='ocrx_word' id='word_1_514' title='bbox 1291 2160 1420 2188; x_wconf 86' lang='lat' dir='ltr'>voluntas</span> <span class='ocrx_word' id='word_1_515' title='bbox 1443 2160 1508 2188; x_wconf 88' lang='lat' dir='ltr'>velit</span> <span class='ocrx_word' id='word_1_516' title='bbox 1530 2161 1649 2193; x_wconf 72' lang='lat' dir='ltr'>malum,</span> <span class='ocrx_word' id='word_1_517' title='bbox 1668 2168 1781 2189; x_wconf 88' lang='lat' dir='ltr'>necesse</span> <span class='ocrx_word' id='word_1_518' title='bbox 1802 2164 1856 2194; x_wconf 83' lang='lat' dir='ltr'>est,</span> <span class='ocrx_word' id='word_1_519' title='bbox 1872 2169 1933 2189; x_wconf 89' lang='lat' dir='ltr'>eam</span> <span class='ocrx_word' id='word_1_520' title='bbox 1955 2160 2026 2190; x_wconf 90' lang='lat' dir='ltr'>effici</span> <span class='ocrx_word' id='word_1_521' title='bbox 2042 2169 2098 2189; x_wconf 90' lang='lat' dir='ltr'>ma-</span> 
     </span>
     <span class='ocr_line' id='line_1_74' title="bbox 1247 2207 2097 2245; baseline 0.002 -10"><span class='ocrx_word' id='word_1_522' title='bbox 1247 2207 1317 2235; x_wconf 84' lang='lat' dir='ltr'>lam:</span> <span class='ocrx_word' id='word_1_523' title='bbox 1341 2215 1407 2243; x_wconf 85' lang='lat' dir='ltr'>ergo</span> <span class='ocrx_word' id='word_1_524' title='bbox 1429 2215 1482 2235; x_wconf 88' lang='lat' dir='ltr'>non</span> <span class='ocrx_word' id='word_1_525' title='bbox 1506 2207 1633 2241; x_wconf 75' lang='lat' dir='ltr'>videtur,</span> <span class='ocrx_word' id='word_1_526' title='bbox 1651 2208 1725 2244; x_wconf 91' lang='lat' dir='ltr'>quod</span> <span class='ocrx_word' id='word_1_527' title='bbox 1749 2208 1869 2245; x_wconf 86' lang='lat' dir='ltr'>qualitas</span> <span class='ocrx_word' id='word_1_528' title='bbox 1891 2208 1984 2244; x_wconf 88' lang='lat' dir='ltr'>operis</span> <span class='ocrx_word' id='word_1_529' title='bbox 2008 2216 2097 2237; x_wconf 86' lang='lat' dir='ltr'>corre-</span> 
     </span>
     <span class='ocr_line' id='line_1_75' title="bbox 1247 2254 1714 2291; baseline 0.002 -9"><span class='ocrx_word' id='word_1_530' title='bbox 1247 2254 1381 2291; x_wconf 83' lang='lat' dir='ltr'>spondeat</span> <span class='ocrx_word' id='word_1_531' title='bbox 1402 2254 1528 2291; x_wconf 87' lang='lat' dir='ltr'>qualitati</span> <span class='ocrx_word' id='word_1_532' title='bbox 1548 2255 1714 2284; x_wconf 88' lang='lat' dir='ltr'>intentionis.</span> 
     </span>
    </p>

    <p class='ocr_par' dir='ltr' id='par_1_23' title="bbox 1326 2301 2096 2340">
     <span class='ocr_line' id='line_1_76' title="bbox 1326 2301 2096 2340; baseline 0.004 -12"><span class='ocrx_word' id='word_1_533' title='bbox 1326 2302 1351 2329; x_wconf 79' lang='grc'>2.</span> <span class='ocrx_word' id='word_1_534' title='bbox 1374 2301 1454 2335; x_wconf 85' lang='lat' dir='ltr'>Item,</span> <span class='ocrx_word' id='word_1_535' title='bbox 1469 2301 1674 2339; x_wconf 65' lang='lat' dir='ltr'>Philosophus-⁰</span> <span class='ocrx_word' id='word_1_536' title='bbox 1696 2302 1774 2335; x_wconf 82' lang='lat' dir='ltr'>dicit,</span> <span class='ocrx_word' id='word_1_537' title='bbox 1790 2302 1866 2339; x_wconf 89' lang='lat' dir='ltr'>quod</span> <span class='ocrx_word' id='word_1_538' title='bbox 1894 2302 2012 2340; x_wconf 84' lang='lat' dir='ltr'>«aliqua</span> <span class='ocrx_word' id='word_1_539' title='bbox 2030 2306 2096 2332; x_wconf 90' lang='lat' dir='ltr'>sunt</span> 
     </span>
    </p>
   </div>
   <div class='ocr_carea' id='block_1_14' title="bbox 956 2378 1474 2387">
    <p class='ocr_par' dir='ltr' id='par_1_24' title="bbox 956 2378 1474 2387">
     <span class='ocr_line' id='line_1_77' title="bbox 956 2378 1474 2387; baseline 0 0"><span class='ocrx_word' id='word_1_540' title='bbox 956 2378 1474 2387; x_wconf 95' lang='lat' dir='ltr'> </span> 
     </span>
    </p>
   </div>
   <div class='ocr_carea' id='block_1_15' title="bbox 345 2423 1193 2726">
    <p class='ocr_par' dir='ltr' id='par_1_25' title="bbox 345 2423 1192 2687">
     <span class='ocr_line' id='line_1_78' title="bbox 407 2423 1191 2452; baseline 0.003 -7"><span class='ocrx_word' id='word_1_541' title='bbox 407 2423 414 2437; x_wconf 86' lang='lat'><strong>¹</strong></span> <span class='ocrx_word' id='word_1_542' title='bbox 433 2424 484 2451; x_wconf 75' lang='lat' dir='ltr'>IIie,</span> <span class='ocrx_word' id='word_1_543' title='bbox 503 2424 562 2445; x_wconf 85' lang='lat' dir='ltr'>eirea</span> <span class='ocrx_word' id='word_1_544' title='bbox 581 2424 676 2445; x_wconf 87' lang='lat' dir='ltr'>initium.</span> <span class='ocrx_word' id='word_1_545' title='bbox 689 2424 754 2445; x_wconf 85' lang='lat' dir='ltr'>—In</span> <span class='ocrx_word' id='word_1_546' title='bbox 772 2424 822 2451; x_wconf 85' lang='lat' dir='ltr'>ipso</span> <span class='ocrx_word' id='word_1_547' title='bbox 840 2423 946 2446; x_wconf 80' lang='lat' dir='ltr'>Ambros.</span> <span class='ocrx_word' id='word_1_548' title='bbox 966 2425 1094 2446; x_wconf 82' lang='lat' dir='ltr'>testimonio</span> <span class='ocrx_word' id='word_1_549' title='bbox 1113 2425 1191 2452; x_wconf 79' lang='lat' dir='ltr'>plures</span> 
     </span>
     <span class='ocr_line' id='line_1_79' title="bbox 345 2462 1192 2493; baseline 0.002 -9"><span class='ocrx_word' id='word_1_550' title='bbox 345 2462 412 2485; x_wconf 85' lang='lat' dir='ltr'>codd.</span> <span class='ocrx_word' id='word_1_551' title='bbox 430 2469 482 2485; x_wconf 77' lang='lat' dir='ltr'>cum</span> <span class='ocrx_word' id='word_1_552' title='bbox 500 2463 553 2485; x_wconf 82' lang='lat' dir='ltr'>cdd.</span> <span class='ocrx_word' id='word_1_553' title='bbox 571 2464 678 2485; x_wconf 85' lang='lat' dir='ltr'>omittunt</span> <span class='ocrx_word' id='word_1_554' title='bbox 698 2464 761 2485; x_wconf 74' lang='lat' dir='ltr'>taus.</span> <span class='ocrx_word' id='word_1_555' title='bbox 782 2463 852 2485; x_wconf 80' lang='lat' dir='ltr'>Paulo</span> <span class='ocrx_word' id='word_1_556' title='bbox 870 2463 964 2485; x_wconf 77' lang='lat' dir='ltr'>interius</span> <span class='ocrx_word' id='word_1_557' title='bbox 981 2466 1033 2491; x_wconf 89' lang='lat' dir='ltr'>post</span> <span class='ocrx_word' id='word_1_558' title='bbox 1049 2464 1084 2486; x_wconf 80' lang='lat' dir='ltr'>est</span> <span class='ocrx_word' id='word_1_559' title='bbox 1100 2470 1114 2486; x_wconf 79' lang='lat' dir='ltr'>a</span> <span class='ocrx_word' id='word_1_560' title='bbox 1133 2470 1192 2493; x_wconf 77' lang='lat' dir='ltr'>qua-</span> 
     </span>
     <span class='ocr_line' id='line_1_80' title="bbox 346 2501 1192 2531; baseline 0.002 -7"><span class='ocrx_word' id='word_1_561' title='bbox 346 2501 410 2524; x_wconf 72' lang='lat' dir='ltr'>litate</span> <span class='ocrx_word' id='word_1_562' title='bbox 427 2502 477 2524; x_wconf 81' lang='lat' dir='ltr'>cod.</span> <span class='ocrx_word' id='word_1_563' title='bbox 497 2503 515 2525; x_wconf 87' lang='lat' dir='ltr'>V</span> <span class='ocrx_word' id='word_1_564' title='bbox 534 2503 627 2531; x_wconf 79' lang='lat' dir='ltr'>supplet</span> <span class='ocrx_word' id='word_1_565' title='bbox 643 2502 785 2525; x_wconf 76' lang='lat' dir='ltr'>z&#39;ntentionis.</span> <span class='ocrx_word' id='word_1_566' title='bbox 799 2503 902 2530; x_wconf 56' lang='lat' dir='ltr'>Ariston,</span> <span class='ocrx_word' id='word_1_567' title='bbox 922 2502 950 2524; x_wconf 85' lang='lat' dir='ltr'>do</span> <span class='ocrx_word' id='word_1_568' title='bbox 968 2503 1108 2525; x_wconf 80' lang='lat' dir='ltr'>Praedieam.</span> <span class='ocrx_word' id='word_1_569' title='bbox 1127 2509 1146 2525; x_wconf 85' lang='lat' dir='ltr'>c.</span> <span class='ocrx_word' id='word_1_570' title='bbox 1165 2503 1192 2526; x_wconf 80' lang='lat' dir='ltr'>de</span> 
     </span>
     <span class='ocr_line' id='line_1_81' title="bbox 347 2540 1191 2570; baseline 0.001 -7"><span class='ocrx_word' id='word_1_571' title='bbox 347 2540 464 2569; x_wconf 70' lang='lat' dir='ltr'>Qualitate</span> <span class='ocrx_word' id='word_1_572' title='bbox 482 2542 617 2569; x_wconf 77' lang='lat' dir='ltr'>generaliter</span> <span class='ocrx_word' id='word_1_573' title='bbox 633 2542 701 2564; x_wconf 82' lang='lat' dir='ltr'>dicit:</span> <span class='ocrx_word' id='word_1_574' title='bbox 718 2550 727 2561; x_wconf 69' lang='grc' dir='ltr'>ι(</span> <span class='ocrx_word' id='word_1_575' title='bbox 740 2542 874 2570; x_wconf 78' lang='lat' dir='ltr'>Qualitatem</span> <span class='ocrx_word' id='word_1_576' title='bbox 899 2547 955 2564; x_wconf 79' lang='lat' dir='ltr'>vero</span> <span class='ocrx_word' id='word_1_577' title='bbox 979 2541 1043 2569; x_wconf 80' lang='lat' dir='ltr'>dico,</span> <span class='ocrx_word' id='word_1_578' title='bbox 1062 2542 1191 2564; x_wconf 77' lang='lat' dir='ltr'>secundum</span> 
     </span>
     <span class='ocr_line' id='line_1_82' title="bbox 346 2580 1191 2609; baseline 0.004 -8"><span class='ocrx_word' id='word_1_579' title='bbox 346 2586 415 2608; x_wconf 83' lang='lat' dir='ltr'>quam</span> <span class='ocrx_word' id='word_1_580' title='bbox 442 2580 520 2608; x_wconf 79' lang='lat' dir='ltr'>quales</span> <span class='ocrx_word' id='word_1_581' title='bbox 546 2581 640 2609; x_wconf 84' lang='lat' dir='ltr'>quidam</span> <span class='ocrx_word' id='word_1_582' title='bbox 665 2587 715 2603; x_wconf 82' lang='lat' dir='ltr'>esso</span> <span class='ocrx_word' id='word_1_583' title='bbox 737 2581 875 2603; x_wconf 77' lang='lat' dir='ltr'>dicuutur».</span> <span class='ocrx_word' id='word_1_584' title='bbox 893 2581 916 2602; x_wconf 85' lang='lat' dir='ltr'>Et</span> <span class='ocrx_word' id='word_1_585' title='bbox 936 2584 986 2608; x_wconf 87' lang='lat' dir='ltr'>post</span> <span class='ocrx_word' id='word_1_586' title='bbox 1005 2587 1094 2609; x_wconf 72' lang='lat' dir='ltr'>pauca:</span> <span class='ocrx_word' id='word_1_587' title='bbox 1112 2582 1191 2609; x_wconf 79' lang='lat' dir='ltr'>Qualia</span> 
     </span>
     <span class='ocr_line' id='line_1_83' title="bbox 347 2620 1192 2649; baseline 0.002 -9"><span class='ocrx_word' id='word_1_588' title='bbox 347 2625 402 2641; x_wconf 84' lang='lat' dir='ltr'>vero</span> <span class='ocrx_word' id='word_1_589' title='bbox 420 2622 486 2647; x_wconf 64' lang='lat' dir='ltr'>sunt,</span> <span class='ocrx_word' id='word_1_590' title='bbox 504 2626 563 2648; x_wconf 74' lang='lat' dir='ltr'>quae</span> <span class='ocrx_word' id='word_1_591' title='bbox 581 2620 708 2642; x_wconf 72' lang='lat' dir='ltr'>sociindum</span> <span class='ocrx_word' id='word_1_592' title='bbox 727 2621 767 2642; x_wconf 85' lang='lat' dir='ltr'>lias</span> <span class='ocrx_word' id='word_1_593' title='bbox 790 2620 939 2649; x_wconf 76' lang='lat' dir='ltr'>[qualitates]</span> <span class='ocrx_word' id='word_1_594' title='bbox 964 2620 1136 2643; x_wconf 81' lang='lat' dir='ltr'>denornInative</span> <span class='ocrx_word' id='word_1_595' title='bbox 1162 2621 1192 2643; x_wconf 89' lang='lat' dir='ltr'>di-</span> 
     </span>
     <span class='ocr_line' id='line_1_84' title="bbox 348 2658 876 2687; baseline 0.002 -7"><span class='ocrx_word' id='word_1_596' title='bbox 348 2661 442 2685; x_wconf 85' lang='lat' dir='ltr'>cuntur,</span> <span class='ocrx_word' id='word_1_597' title='bbox 460 2658 496 2680; x_wconf 87' lang='lat' dir='ltr'>vel</span> <span class='ocrx_word' id='word_1_598' title='bbox 514 2659 688 2687; x_wconf 68' lang='lat' dir='ltr'>quomodolibet</span> <span class='ocrx_word' id='word_1_599' title='bbox 705 2659 769 2681; x_wconf 79' lang='lat' dir='ltr'>aIiter</span> <span class='ocrx_word' id='word_1_600' title='bbox 786 2658 815 2681; x_wconf 81' lang='lat' dir='ltr'>ab</span> <span class='ocrx_word' id='word_1_601' title='bbox 834 2660 876 2681; x_wconf 68' lang='lat' dir='ltr'>his..</span> 
     </span>
    </p>

    <p class='ocr_par' dir='ltr' id='par_1_26' title="bbox 410 2697 1193 2726">
     <span class='ocr_line' id='line_1_85' title="bbox 410 2697 1193 2726; baseline 0.004 -8"><span class='ocrx_word' id='word_1_602' title='bbox 410 2697 420 2711; x_wconf 73' lang='lat'>2</span> <span class='ocrx_word' id='word_1_603' title='bbox 436 2697 483 2719; x_wconf 85' lang='lat' dir='ltr'>Hoc</span> <span class='ocrx_word' id='word_1_604' title='bbox 500 2704 548 2725; x_wconf 85' lang='lat' dir='ltr'>arg.</span> <span class='ocrx_word' id='word_1_605' title='bbox 567 2699 694 2720; x_wconf 80' lang='lat' dir='ltr'>Insinuatur</span> <span class='ocrx_word' id='word_1_606' title='bbox 711 2699 731 2720; x_wconf 89' lang='lat' dir='ltr'>in</span> <span class='ocrx_word' id='word_1_607' title='bbox 750 2699 780 2720; x_wconf 88' lang='lat' dir='ltr'>Iit.</span> <span class='ocrx_word' id='word_1_608' title='bbox 794 2699 906 2726; x_wconf 75' lang='lat' dir='ltr'>Magistri,</span> <span class='ocrx_word' id='word_1_609' title='bbox 925 2700 985 2721; x_wconf 79' lang='lat' dir='ltr'>circa</span> <span class='ocrx_word' id='word_1_610' title='bbox 1003 2700 1099 2721; x_wconf 86' lang='lat' dir='ltr'>initium.</span> <span class='ocrx_word' id='word_1_611' title='bbox 1112 2700 1193 2721; x_wconf 82' lang='lat' dir='ltr'>Exem-</span> 
     </span>
    </p>
   </div>
   <div class='ocr_carea' id='block_1_16' title="bbox 349 2735 1192 2764">
    <p class='ocr_par' dir='ltr' id='par_1_27' title="bbox 349 2735 1192 2764">
     <span class='ocr_line' id='line_1_86' title="bbox 349 2735 1192 2764; baseline 0.005 -8"><span class='ocrx_word' id='word_1_612' title='bbox 349 2735 413 2762; x_wconf 85' lang='lat' dir='ltr'>plum</span> <span class='ocrx_word' id='word_1_613' title='bbox 438 2735 466 2757; x_wconf 86' lang='lat' dir='ltr'>de</span> <span class='ocrx_word' id='word_1_614' title='bbox 491 2735 573 2758; x_wconf 78' lang='lat' dir='ltr'>arbore</span> <span class='ocrx_word' id='word_1_615' title='bbox 599 2736 659 2758; x_wconf 82' lang='lat' dir='ltr'>hona</span> <span class='ocrx_word' id='word_1_616' title='bbox 682 2737 773 2764; x_wconf 74' lang='lat' dir='ltr'>respicit</span> <span class='ocrx_word' id='word_1_617' title='bbox 791 2737 845 2759; x_wconf 87' lang='lat' dir='ltr'>illud</span> <span class='ocrx_word' id='word_1_618' title='bbox 864 2737 939 2759; x_wconf 79' lang='lat' dir='ltr'>Mntth.</span> <span class='ocrx_word' id='word_1_619' title='bbox 957 2737 984 2764; x_wconf 80' lang='lat'>7,</span> <span class='ocrx_word' id='word_1_620' title='bbox 1006 2738 1045 2759; x_wconf 77' lang='lat'>18:</span> <span class='ocrx_word' id='word_1_621' title='bbox 1064 2737 1100 2759; x_wconf 83' lang='lat' dir='ltr'>Sic</span> <span class='ocrx_word' id='word_1_622' title='bbox 1117 2738 1192 2760; x_wconf 81' lang='lat' dir='ltr'>omnis</span> 
     </span>
    </p>
   </div>
   <div class='ocr_carea' id='block_1_17' title="bbox 350 2772 1194 2911">
    <p class='ocr_par' dir='ltr' id='par_1_28' title="bbox 350 2772 817 2797">
     <span class='ocr_line' id='line_1_87' title="bbox 350 2772 817 2797; baseline 0.006 -3"><span class='ocrx_word' id='word_1_623' title='bbox 350 2772 418 2794; x_wconf 83' lang='lat' dir='ltr'>arbor</span> <span class='ocrx_word' id='word_1_624' title='bbox 435 2773 494 2795; x_wconf 86' lang='lat' dir='ltr'>bona</span> <span class='ocrx_word' id='word_1_625' title='bbox 513 2774 599 2796; x_wconf 81' lang='lat' dir='ltr'>tructus</span> <span class='ocrx_word' id='word_1_626' title='bbox 617 2774 690 2797; x_wconf 85' lang='lat' dir='ltr'>bonos</span> <span class='ocrx_word' id='word_1_627' title='bbox 707 2775 759 2797; x_wconf 79' lang='lat' dir='ltr'>tacit</span> <span class='ocrx_word' id='word_1_628' title='bbox 776 2779 817 2797; x_wconf 80' lang='lat' dir='ltr'>ete.</span> 
     </span>
    </p>

    <p class='ocr_par' dir='ltr' id='par_1_29' title="bbox 352 2811 1194 2911">
     <span class='ocr_line' id='line_1_88' title="bbox 411 2811 1192 2844; baseline 0.006 -11"><span class='ocrx_word' id='word_1_629' title='bbox 411 2811 421 2826; x_wconf 76' lang='lat'>³</span> <span class='ocrx_word' id='word_1_630' title='bbox 438 2812 491 2835; x_wconf 75' lang='lat' dir='ltr'>D1st.</span> <span class='ocrx_word' id='word_1_631' title='bbox 510 2813 545 2834; x_wconf 68' lang='lat'>38.</span> <span class='ocrx_word' id='word_1_632' title='bbox 563 2819 582 2836; x_wconf 84' lang='lat' dir='ltr'>a.</span> <span class='ocrx_word' id='word_1_633' title='bbox 602 2815 622 2837; x_wconf 82' lang='grc'>1.</span> <span class='ocrx_word' id='word_1_634' title='bbox 640 2821 662 2842; x_wconf 84' lang='lat' dir='ltr'>q.</span> <span class='ocrx_word' id='word_1_635' title='bbox 685 2815 701 2836; x_wconf 85' lang='lat'>1.</span> <span class='ocrx_word' id='word_1_636' title='bbox 715 2826 745 2830; x_wconf 88' lang='lat'>-—</span> <span class='ocrx_word' id='word_1_637' title='bbox 756 2815 788 2836; x_wconf 81' lang='lat' dir='ltr'>Do</span> <span class='ocrx_word' id='word_1_638' title='bbox 805 2814 894 2838; x_wconf 74' lang='lat' dir='ltr'>maiori</span> <span class='ocrx_word' id='word_1_639' title='bbox 910 2815 963 2838; x_wconf 82' lang='lat' dir='ltr'>vide</span> <span class='ocrx_word' id='word_1_640' title='bbox 981 2822 1050 2844; x_wconf 84' lang='lat' dir='ltr'>supra</span> <span class='ocrx_word' id='word_1_641' title='bbox 1069 2823 1122 2844; x_wconf 84' lang='lat' dir='ltr'>pag.</span> <span class='ocrx_word' id='word_1_642' title='bbox 1140 2817 1192 2843; x_wconf 69' lang='lat'>892,</span> 
     </span>
     <span class='ocr_line' id='line_1_89' title="bbox 352 2851 1194 2884; baseline 0.007 -13"><span class='ocrx_word' id='word_1_643' title='bbox 352 2853 403 2872; x_wconf 77' lang='lat' dir='ltr'>nota</span> <span class='ocrx_word' id='word_1_644' title='bbox 421 2851 441 2872; x_wconf 84' lang='grc'>2.</span> <span class='ocrx_word' id='word_1_645' title='bbox 458 2863 489 2867; x_wconf 88' lang='grc'><strong>-</strong></span> <span class='ocrx_word' id='word_1_646' title='bbox 507 2852 593 2874; x_wconf 81' lang='lat' dir='ltr'>Versus</span> <span class='ocrx_word' id='word_1_647' title='bbox 611 2853 678 2875; x_wconf 80' lang='lat' dir='ltr'>tinem</span> <span class='ocrx_word' id='word_1_648' title='bbox 696 2860 744 2881; x_wconf 87' lang='lat' dir='ltr'>arg.</span> <span class='ocrx_word' id='word_1_649' title='bbox 764 2853 813 2876; x_wconf 75' lang='lat' dir='ltr'>Vat.</span> <span class='ocrx_word' id='word_1_650' title='bbox 832 2858 884 2881; x_wconf 78' lang='lat' dir='ltr'>post</span> <span class='ocrx_word' id='word_1_651' title='bbox 901 2861 914 2878; x_wconf 83' lang='lat' dir='ltr'>u</span> <span class='ocrx_word' id='word_1_652' title='bbox 932 2854 1011 2884; x_wconf 78' lang='lat' dir='ltr'>primo</span> <span class='ocrx_word' id='word_1_653' title='bbox 1030 2855 1093 2877; x_wconf 85' lang='lat' dir='ltr'>addit</span> <span class='ocrx_word' id='word_1_654' title='bbox 1109 2855 1141 2877; x_wconf 77' lang='lat' dir='ltr'>ud</span> <span class='ocrx_word' id='word_1_655' title='bbox 1158 2855 1194 2877; x_wconf 81' lang='lat' dir='ltr'>ul-</span> 
     </span>
     <span class='ocr_line' id='line_1_90' title="bbox 352 2887 443 2911; baseline 0.022 -2"><span class='ocrx_word' id='word_1_656' title='bbox 352 2887 443 2911; x_wconf 76' lang='lat' dir='ltr'>limam.</span> 
     </span>
    </p>
   </div>
   <div class='ocr_carea' id='block_1_18' title="bbox 353 2926 1194 3039">
    <p class='ocr_par' dir='ltr' id='par_1_30' title="bbox 353 2926 1194 3039">
     <span class='ocr_line' id='line_1_91' title="bbox 415 2926 1193 2960; baseline 0.009 -11"><span class='ocrx_word' id='word_1_657' title='bbox 415 2926 423 2940; x_wconf 78' lang='lat'>⁴</span> <span class='ocrx_word' id='word_1_658' title='bbox 441 2928 551 2954; x_wconf 66' lang='lat' dir='ltr'>Anselm.=</span> <span class='ocrx_word' id='word_1_659' title='bbox 571 2929 584 2951; x_wconf 96' lang='grc'>1.</span> <span class='ocrx_word' id='word_1_660' title='bbox 603 2929 648 2952; x_wconf 82' lang='lat' dir='ltr'>Cur</span> <span class='ocrx_word' id='word_1_661' title='bbox 666 2930 725 2952; x_wconf 77' lang='lat' dir='ltr'>Deus</span> <span class='ocrx_word' id='word_1_662' title='bbox 743 2931 826 2958; x_wconf 72' lang='lat' dir='ltr'>bomo,</span> <span class='ocrx_word' id='word_1_663' title='bbox 845 2938 863 2953; x_wconf 85' lang='lat' dir='ltr'>e.</span> <span class='ocrx_word' id='word_1_664' title='bbox 886 2932 927 2954; x_wconf 75' lang='lat' dir='ltr'>ts:</span> <span class='ocrx_word' id='word_1_665' title='bbox 945 2933 1001 2960; x_wconf 83' lang='lat' dir='ltr'>Quis</span> <span class='ocrx_word' id='word_1_666' title='bbox 1024 2934 1085 2955; x_wconf 71' lang='lat' dir='ltr'>enim</span> <span class='ocrx_word' id='word_1_667' title='bbox 1111 2933 1193 2955; x_wconf 78' lang='lat' dir='ltr'>audeat</span> 
     </span>
     <span class='ocr_line' id='line_1_92' title="bbox 353 2963 1194 2998; baseline 0.011 -13"><span class='ocrx_word' id='word_1_668' title='bbox 353 2963 443 2992; x_wconf 72' lang='lat' dir='ltr'>dicero⁷</span> <span class='ocrx_word' id='word_1_669' title='bbox 462 2966 513 2992; x_wconf 89' lang='lat' dir='ltr'>plus</span> <span class='ocrx_word' id='word_1_670' title='bbox 530 2967 605 2989; x_wconf 75' lang='lat' dir='ltr'>valere</span> <span class='ocrx_word' id='word_1_671' title='bbox 623 2969 752 2991; x_wconf 77' lang='lat' dir='ltr'>iniustitiam</span> <span class='ocrx_word' id='word_1_672' title='bbox 770 2969 798 2991; x_wconf 84' lang='lat' dir='ltr'>ad</span> <span class='ocrx_word' id='word_1_673' title='bbox 817 2971 957 2998; x_wconf 83' lang='lat' dir='ltr'>alligandum</span> <span class='ocrx_word' id='word_1_674' title='bbox 984 2973 1005 2993; x_wconf 92' lang='lat' dir='ltr'>in</span> <span class='ocrx_word' id='word_1_675' title='bbox 1029 2973 1138 2995; x_wconf 75' lang='lat' dir='ltr'>servitute</span> <span class='ocrx_word' id='word_1_676' title='bbox 1156 2973 1194 2994; x_wconf 81' lang='lat' dir='ltr'>lio-</span> 
     </span>
     <span class='ocr_line' id='line_1_93' title="bbox 354 3003 1194 3039; baseline 0.011 -16"><span class='ocrx_word' id='word_1_677' title='bbox 354 3003 438 3024; x_wconf 86' lang='lat' dir='ltr'>minem</span> <span class='ocrx_word' id='word_1_678' title='bbox 465 3004 485 3025; x_wconf 90' lang='lat' dir='ltr'>in</span> <span class='ocrx_word' id='word_1_679' title='bbox 513 3006 584 3031; x_wconf 84' lang='lat' dir='ltr'>prima</span> <span class='ocrx_word' id='word_1_680' title='bbox 611 3007 715 3028; x_wconf 80' lang='lat' dir='ltr'>suasione</span> <span class='ocrx_word' id='word_1_681' title='bbox 741 3007 783 3029; x_wconf 88' lang='lat' dir='ltr'>sibi</span> <span class='ocrx_word' id='word_1_682' title='bbox 809 3010 1001 3038; x_wconf 70' lang='lat' dir='ltr'>consentientem,</span> <span class='ocrx_word' id='word_1_683' title='bbox 1021 3017 1091 3039; x_wconf 70' lang='lat' dir='ltr'>quan]</span> <span class='ocrx_word' id='word_1_684' title='bbox 1108 3011 1194 3033; x_wconf 81' lang='lat' dir='ltr'>valeret</span> 
     </span>
    </p>
   </div>
   <div class='ocr_carea' id='block_1_19' title="bbox 1209 937 1225 3037">
    <p class='ocr_par' dir='ltr' id='par_1_31' title="bbox 1209 937 1225 3037">
     <span class='ocr_line' id='line_1_94' title="bbox 1209 937 1225 3037; baseline 0 0"><span class='ocrx_word' id='word_1_685' title='bbox 1209 937 1225 3037; x_wconf 95' lang='lat' dir='ltr'> </span> 
     </span>
    </p>
   </div>
   <div class='ocr_carea' id='block_1_20' title="bbox 1248 2424 2097 3039">
    <p class='ocr_par' dir='ltr' id='par_1_32' title="bbox 1248 2424 2096 2531">
     <span class='ocr_line' id='line_1_95' title="bbox 1248 2424 2096 2453; baseline 0 -6"><span class='ocrx_word' id='word_1_686' title='bbox 1248 2425 1330 2447; x_wconf 82' lang='lat' dir='ltr'>iustitIa</span> <span class='ocrx_word' id='word_1_687' title='bbox 1349 2425 1378 2447; x_wconf 84' lang='lat' dir='ltr'>ad</span> <span class='ocrx_word' id='word_1_688' title='bbox 1395 2424 1580 2447; x_wconf 77' lang='lat' dir='ltr'>confirmandum</span> <span class='ocrx_word' id='word_1_689' title='bbox 1599 2430 1652 2446; x_wconf 79' lang='lat' dir='ltr'>eum</span> <span class='ocrx_word' id='word_1_690' title='bbox 1670 2425 1692 2446; x_wconf 91' lang='lat' dir='ltr'>in</span> <span class='ocrx_word' id='word_1_691' title='bbox 1705 2424 1822 2452; x_wconf 80' lang='lat' dir='ltr'>libertate,</span> <span class='ocrx_word' id='word_1_692' title='bbox 1836 2424 1878 2447; x_wconf 82' lang='lat' dir='ltr'>sIbi</span> <span class='ocrx_word' id='word_1_693' title='bbox 1893 2425 1914 2446; x_wconf 86' lang='lat' dir='ltr'>in</span> <span class='ocrx_word' id='word_1_694' title='bbox 1927 2425 2009 2447; x_wconf 81' lang='lat' dir='ltr'>eadem</span> <span class='ocrx_word' id='word_1_695' title='bbox 2022 2426 2096 2453; x_wconf 83' lang='lat' dir='ltr'>prima</span> 
     </span>
     <span class='ocr_line' id='line_1_96' title="bbox 1249 2463 2095 2492; baseline 0.001 -6"><span class='ocrx_word' id='word_1_696' title='bbox 1249 2465 1370 2486; x_wconf 72' lang='lat' dir='ltr'>tentatione</span> <span class='ocrx_word' id='word_1_697' title='bbox 1388 2464 1567 2486; x_wconf 69' lang='lat' dir='ltr'>adhaerentem?</span> <span class='ocrx_word' id='word_1_698' title='bbox 1585 2463 1629 2486; x_wconf 85' lang='lat' dir='ltr'>Csr.</span> <span class='ocrx_word' id='word_1_699' title='bbox 1648 2470 1719 2492; x_wconf 80' lang='lat' dir='ltr'>supra</span> <span class='ocrx_word' id='word_1_700' title='bbox 1732 2470 1785 2492; x_wconf 82' lang='lat' dir='ltr'>pag.</span> <span class='ocrx_word' id='word_1_701' title='bbox 1804 2463 1855 2492; x_wconf 71' lang='lat'>684,</span> <span class='ocrx_word' id='word_1_702' title='bbox 1870 2467 1922 2487; x_wconf 85' lang='lat' dir='ltr'>nota</span> <span class='ocrx_word' id='word_1_703' title='bbox 1935 2465 1955 2492; x_wconf 79' lang='lat'>2,</span> <span class='ocrx_word' id='word_1_704' title='bbox 1969 2464 2007 2487; x_wconf 90' lang='lat' dir='ltr'>ubi</span> <span class='ocrx_word' id='word_1_705' title='bbox 2025 2464 2095 2487; x_wconf 82' lang='lat' dir='ltr'>verba</span> 
     </span>
     <span class='ocr_line' id='line_1_97' title="bbox 1249 2503 1627 2531; baseline 0 -6"><span class='ocrx_word' id='word_1_706' title='bbox 1249 2503 1349 2531; x_wconf 75' lang='lat' dir='ltr'>Dionysii</span> <span class='ocrx_word' id='word_1_707' title='bbox 1369 2503 1396 2525; x_wconf 89' lang='lat' dir='ltr'>de</span> <span class='ocrx_word' id='word_1_708' title='bbox 1414 2504 1457 2525; x_wconf 82' lang='lat' dir='ltr'>hac</span> <span class='ocrx_word' id='word_1_709' title='bbox 1474 2510 1498 2525; x_wconf 80' lang='lat' dir='ltr'>re</span> <span class='ocrx_word' id='word_1_710' title='bbox 1517 2503 1627 2525; x_wconf 71' lang='lat' dir='ltr'>invenies.</span> 
     </span>
    </p>

    <p class='ocr_par' dir='ltr' id='par_1_33' title="bbox 1249 2542 2097 2728">
     <span class='ocr_line' id='line_1_98' title="bbox 1311 2542 2094 2570; baseline -0.001 -5"><span class='ocrx_word' id='word_1_711' title='bbox 1311 2542 1321 2557; x_wconf 76' lang='lat'>⁵</span> <span class='ocrx_word' id='word_1_712' title='bbox 1338 2542 1414 2565; x_wconf 77' lang='lat' dir='ltr'>Verba</span> <span class='ocrx_word' id='word_1_713' title='bbox 1432 2543 1522 2565; x_wconf 67' lang='lat' dir='ltr'>Aristot.</span> <span class='ocrx_word' id='word_1_714' title='bbox 1541 2542 1594 2564; x_wconf 83' lang='lat' dir='ltr'>vide</span> <span class='ocrx_word' id='word_1_715' title='bbox 1611 2548 1681 2570; x_wconf 83' lang='lat' dir='ltr'>supra</span> <span class='ocrx_word' id='word_1_716' title='bbox 1695 2548 1748 2570; x_wconf 79' lang='lat' dir='ltr'>pag.</span> <span class='ocrx_word' id='word_1_717' title='bbox 1761 2542 1806 2564; x_wconf 79' lang='lat'>763</span> <span class='ocrx_word' id='word_1_718' title='bbox 1815 2561 1820 2570; x_wconf 86' lang='lat'>‚</span> <span class='ocrx_word' id='word_1_719' title='bbox 1833 2545 1884 2564; x_wconf 80' lang='lat' dir='ltr'>nota</span> <span class='ocrx_word' id='word_1_720' title='bbox 1898 2543 1919 2565; x_wconf 76' lang='grc'>2,</span> <span class='ocrx_word' id='word_1_721' title='bbox 1931 2554 1962 2559; x_wconf 90' lang='lat'><em>-</em></span> <span class='ocrx_word' id='word_1_722' title='bbox 1974 2543 2006 2565; x_wconf 83' lang='lat' dir='ltr'>De</span> <span class='ocrx_word' id='word_1_723' title='bbox 2018 2543 2094 2570; x_wconf 88' lang='lat' dir='ltr'>primo</span> 
     </span>
     <span class='ocr_line' id='line_1_99' title="bbox 1249 2581 2096 2610; baseline 0 -6"><span class='ocrx_word' id='word_1_724' title='bbox 1249 2589 1275 2604; x_wconf 81' lang='lat' dir='ltr'>ox</span> <span class='ocrx_word' id='word_1_725' title='bbox 1294 2582 1368 2604; x_wconf 78' lang='lat' dir='ltr'>modis</span> <span class='ocrx_word' id='word_1_726' title='bbox 1386 2581 1562 2610; x_wconf 84' lang='lat' dir='ltr'>argumentandi</span> <span class='ocrx_word' id='word_1_727' title='bbox 1589 2582 1624 2603; x_wconf 77' lang='lat' dir='ltr'>bie</span> <span class='ocrx_word' id='word_1_728' title='bbox 1643 2582 1767 2609; x_wconf 80' lang='lat' dir='ltr'>propositis</span> <span class='ocrx_word' id='word_1_729' title='bbox 1784 2581 1838 2603; x_wconf 78' lang='lat' dir='ltr'>vide</span> <span class='ocrx_word' id='word_1_730' title='bbox 1861 2585 1915 2603; x_wconf 86' lang='lat' dir='ltr'>tom.</span> <span class='ocrx_word' id='word_1_731' title='bbox 1932 2581 1945 2603; x_wconf 93' lang='lat' dir='ltr'>I.</span> <span class='ocrx_word' id='word_1_732' title='bbox 1965 2588 2017 2610; x_wconf 86' lang='lat' dir='ltr'>pag.</span> <span class='ocrx_word' id='word_1_733' title='bbox 2036 2582 2096 2609; x_wconf 82' lang='lat'>835,</span> 
     </span>
     <span class='ocr_line' id='line_1_100' title="bbox 1250 2619 2096 2648; baseline 0 -5"><span class='ocrx_word' id='word_1_734' title='bbox 1250 2624 1301 2643; x_wconf 81' lang='lat' dir='ltr'>nota</span> <span class='ocrx_word' id='word_1_735' title='bbox 1319 2621 1344 2648; x_wconf 69' lang='grc' dir='ltr'>ὃς</span> <span class='ocrx_word' id='word_1_736' title='bbox 1363 2620 1392 2643; x_wconf 79' lang='lat' dir='ltr'>&lt;le</span> <span class='ocrx_word' id='word_1_737' title='bbox 1410 2620 1512 2643; x_wconf 85' lang='lat' dir='ltr'>secundo</span> <span class='ocrx_word' id='word_1_738' title='bbox 1530 2627 1600 2648; x_wconf 82' lang='lat' dir='ltr'>supra</span> <span class='ocrx_word' id='word_1_739' title='bbox 1619 2626 1672 2648; x_wconf 84' lang='lat' dir='ltr'>pag.</span> <span class='ocrx_word' id='word_1_740' title='bbox 1690 2619 1748 2647; x_wconf 68' lang='lat'>784,</span> <span class='ocrx_word' id='word_1_741' title='bbox 1768 2623 1819 2642; x_wconf 85' lang='lat' dir='ltr'>nota</span> <span class='ocrx_word' id='word_1_742' title='bbox 1838 2619 1863 2647; x_wconf 70' lang='lat'>4;</span> <span class='ocrx_word' id='word_1_743' title='bbox 1883 2620 1911 2642; x_wconf 86' lang='lat' dir='ltr'>dc</span> <span class='ocrx_word' id='word_1_744' title='bbox 1929 2621 1994 2642; x_wconf 84' lang='lat' dir='ltr'>tertio</span> <span class='ocrx_word' id='word_1_745' title='bbox 2014 2623 2067 2642; x_wconf 86' lang='lat' dir='ltr'>tom.</span> <span class='ocrx_word' id='word_1_746' title='bbox 2081 2621 2096 2643; x_wconf 97' lang='grc'>1.</span> 
     </span>
     <span class='ocr_line' id='line_1_101' title="bbox 1250 2658 2097 2688; baseline 0.001 -7"><span class='ocrx_word' id='word_1_747' title='bbox 1250 2667 1302 2688; x_wconf 82' lang='lat' dir='ltr'>pag.</span> <span class='ocrx_word' id='word_1_748' title='bbox 1321 2661 1442 2687; x_wconf 72' lang='lat' dir='ltr'>822,110ta</span> <span class='ocrx_word' id='word_1_749' title='bbox 1460 2660 1482 2687; x_wconf 68' lang='lat' dir='ltr'>t,</span> <span class='ocrx_word' id='word_1_750' title='bbox 1501 2659 1540 2681; x_wconf 89' lang='lat' dir='ltr'>ubi</span> <span class='ocrx_word' id='word_1_751' title='bbox 1559 2660 1626 2681; x_wconf 79' lang='lat' dir='ltr'>etiam</span> <span class='ocrx_word' id='word_1_752' title='bbox 1645 2658 1701 2687; x_wconf 87' lang='lat' dir='ltr'>quid</span> <span class='ocrx_word' id='word_1_753' title='bbox 1719 2660 1747 2681; x_wconf 89' lang='lat' dir='ltr'>sit</span> <span class='ocrx_word' id='word_1_754' title='bbox 1764 2659 1929 2688; x_wconf 73' lang='lat' dir='ltr'>consequentia</span> <span class='ocrx_word' id='word_1_755' title='bbox 1947 2666 1958 2682; x_wconf 79' lang='lat' dir='ltr'>e</span> <span class='ocrx_word' id='word_1_756' title='bbox 1975 2659 2097 2683; x_wconf 76' lang='lat' dir='ltr'>contrario</span> 
     </span>
     <span class='ocr_line' id='line_1_102' title="bbox 1249 2698 2037 2728; baseline 0 -7"><span class='ocrx_word' id='word_1_757' title='bbox 1249 2700 1385 2727; x_wconf 72' lang='lat' dir='ltr'>exponitur,</span> <span class='ocrx_word' id='word_1_758' title='bbox 1403 2705 1462 2728; x_wconf 81' lang='lat' dir='ltr'>quae</span> <span class='ocrx_word' id='word_1_759' title='bbox 1480 2699 1548 2721; x_wconf 85' lang='lat' dir='ltr'>dictio</span> <span class='ocrx_word' id='word_1_760' title='bbox 1566 2699 1587 2720; x_wconf 87' lang='lat' dir='ltr'>in</span> <span class='ocrx_word' id='word_1_761' title='bbox 1606 2698 1672 2720; x_wconf 89' lang='lat' dir='ltr'>solut.</span> <span class='ocrx_word' id='word_1_762' title='bbox 1692 2699 1760 2720; x_wconf 79' lang='lat' dir='ltr'>liuius</span> <span class='ocrx_word' id='word_1_763' title='bbox 1778 2698 1913 2721; x_wconf 78' lang='lat' dir='ltr'>obiectionis</span> <span class='ocrx_word' id='word_1_764' title='bbox 1930 2700 2037 2721; x_wconf 83' lang='lat' dir='ltr'>occurrit.</span> 
     </span>
    </p>

    <p class='ocr_par' dir='ltr' id='par_1_34' title="bbox 1250 2737 2096 2845">
     <span class='ocr_line' id='line_1_103' title="bbox 1312 2737 2096 2765; baseline 0 -6"><span class='ocrx_word' id='word_1_765' title='bbox 1312 2738 1321 2752; x_wconf 78' lang='grc'><strong>6</strong></span> <span class='ocrx_word' id='word_1_766' title='bbox 1338 2737 1382 2760; x_wconf 84' lang='lat' dir='ltr'>Csr.</span> <span class='ocrx_word' id='word_1_767' title='bbox 1395 2738 1484 2760; x_wconf 73' lang='lat' dir='ltr'>Aristot.</span> <span class='ocrx_word' id='word_1_768' title='bbox 1495 2755 1500 2765; x_wconf 78' lang='grc'>,</span> <span class='ocrx_word' id='word_1_769' title='bbox 1514 2737 1536 2759; x_wconf 96' lang='lat' dir='ltr'>II.</span> <span class='ocrx_word' id='word_1_770' title='bbox 1550 2737 1616 2765; x_wconf 75' lang='lat' dir='ltr'>Phys.</span> <span class='ocrx_word' id='word_1_771' title='bbox 1631 2740 1681 2759; x_wconf 83' lang='lat' dir='ltr'>text.</span> <span class='ocrx_word' id='word_1_772' title='bbox 1696 2737 1731 2759; x_wconf 73' lang='grc'>27,</span> <span class='ocrx_word' id='word_1_773' title='bbox 1746 2743 1809 2765; x_wconf 82' lang='lat' dir='ltr'>seqq.</span> <span class='ocrx_word' id='word_1_774' title='bbox 1824 2737 1857 2764; x_wconf 70' lang='lat' dir='ltr'>(c.</span> <span class='ocrx_word' id='word_1_775' title='bbox 1876 2737 1913 2764; x_wconf 83' lang='lat'>3.)</span> <span class='ocrx_word' id='word_1_776' title='bbox 1926 2740 1948 2759; x_wconf 73' lang='lat' dir='ltr'>et</span> <span class='ocrx_word' id='word_1_777' title='bbox 1961 2737 1986 2759; x_wconf 77' lang='lat' dir='ltr'>V.</span> <span class='ocrx_word' id='word_1_778' title='bbox 2000 2737 2096 2765; x_wconf 72' lang='lat' dir='ltr'>Metapa.</span> 
     </span>
     <span class='ocr_line' id='line_1_104' title="bbox 1250 2775 2096 2806; baseline 0 -7"><span class='ocrx_word' id='word_1_779' title='bbox 1250 2780 1301 2799; x_wconf 69' lang='lat' dir='ltr'>text.</span> <span class='ocrx_word' id='word_1_780' title='bbox 1320 2778 1340 2799; x_wconf 84' lang='grc'>2.</span> <span class='ocrx_word' id='word_1_781' title='bbox 1359 2783 1406 2805; x_wconf 86' lang='lat' dir='ltr'>seq.</span> <span class='ocrx_word' id='word_1_782' title='bbox 1425 2776 1477 2801; x_wconf 84' lang='lat' dir='ltr'>(IV.</span> <span class='ocrx_word' id='word_1_783' title='bbox 1496 2782 1516 2798; x_wconf 79' lang='lat' dir='ltr'>c.</span> <span class='ocrx_word' id='word_1_784' title='bbox 1534 2777 1577 2803; x_wconf 87' lang='grc'>2.).</span> <span class='ocrx_word' id='word_1_785' title='bbox 1597 2789 1626 2792; x_wconf 88' lang='grc'>--</span> <span class='ocrx_word' id='word_1_786' title='bbox 1644 2776 1765 2804; x_wconf 79' lang='lat' dir='ltr'>Aliquanto</span> <span class='ocrx_word' id='word_1_787' title='bbox 1790 2777 1898 2804; x_wconf 85' lang='lat' dir='ltr'>superius</span> <span class='ocrx_word' id='word_1_788' title='bbox 1925 2782 1966 2804; x_wconf 86' lang='lat' dir='ltr'>pro</span> <span class='ocrx_word' id='word_1_789' title='bbox 1989 2775 2015 2806; x_wconf 77' lang='lat' dir='ltr'>fit</span> <span class='ocrx_word' id='word_1_790' title='bbox 2031 2775 2096 2799; x_wconf 81' lang='lat' dir='ltr'>mala</span> 
     </span>
     <span class='ocr_line' id='line_1_105' title="bbox 1250 2814 2003 2845; baseline -0.001 -7"><span class='ocrx_word' id='word_1_791' title='bbox 1250 2822 1280 2838; x_wconf 66' lang='lat' dir='ltr'>em</span> <span class='ocrx_word' id='word_1_792' title='bbox 1297 2822 1366 2845; x_wconf 69' lang='lat' dir='ltr'>opere</span> <span class='ocrx_word' id='word_1_793' title='bbox 1383 2815 1447 2838; x_wconf 80' lang='lat' dir='ltr'>mulo</span> <span class='ocrx_word' id='word_1_794' title='bbox 1465 2815 1515 2837; x_wconf 76' lang='lat' dir='ltr'>cod.</span> <span class='ocrx_word' id='word_1_795' title='bbox 1534 2815 1552 2837; x_wconf 89' lang='lat' dir='ltr'>H</span> <span class='ocrx_word' id='word_1_796' title='bbox 1569 2814 1595 2845; x_wconf 76' lang='lat' dir='ltr'>fit</span> <span class='ocrx_word' id='word_1_797' title='bbox 1612 2814 1694 2843; x_wconf 76' lang='lat' dir='ltr'>mula,</span> <span class='ocrx_word' id='word_1_798' title='bbox 1714 2821 1783 2844; x_wconf 78' lang='lat' dir='ltr'>opere</span> <span class='ocrx_word' id='word_1_799' title='bbox 1800 2815 1912 2838; x_wconf 63' lang='lat' dir='ltr'>eoeistente</span> <span class='ocrx_word' id='word_1_800' title='bbox 1929 2814 2003 2838; x_wconf 78' lang='lat' dir='ltr'>malo.</span> 
     </span>
    </p>

    <p class='ocr_par' dir='ltr' id='par_1_35' title="bbox 1252 2854 2097 2923">
     <span class='ocr_line' id='line_1_106' title="bbox 1313 2854 2097 2882; baseline -0.001 -5"><span class='ocrx_word' id='word_1_801' title='bbox 1313 2855 1322 2869; x_wconf 91' lang='lat'><em>⁷</em></span> <span class='ocrx_word' id='word_1_802' title='bbox 1341 2855 1398 2877; x_wconf 74' lang='lat' dir='ltr'>vide</span> <span class='ocrx_word' id='word_1_803' title='bbox 1423 2861 1494 2882; x_wconf 84' lang='lat' dir='ltr'>supra</span> <span class='ocrx_word' id='word_1_804' title='bbox 1519 2861 1572 2882; x_wconf 79' lang='lat' dir='ltr'>pag.</span> <span class='ocrx_word' id='word_1_805' title='bbox 1591 2854 1648 2882; x_wconf 76' lang='lat'>525,</span> <span class='ocrx_word' id='word_1_806' title='bbox 1668 2857 1719 2877; x_wconf 80' lang='lat' dir='ltr'>nota</span> <span class='ocrx_word' id='word_1_807' title='bbox 1739 2855 1759 2876; x_wconf 87' lang='grc'>6.</span> <span class='ocrx_word' id='word_1_808' title='bbox 1777 2866 1808 2871; x_wconf 94' lang='grc'>-</span> <span class='ocrx_word' id='word_1_809' title='bbox 1826 2855 1847 2876; x_wconf 93' lang='grc' dir='ltr'>1η</span> <span class='ocrx_word' id='word_1_810' title='bbox 1873 2854 1917 2877; x_wconf 86' lang='lat' dir='ltr'>fine</span> <span class='ocrx_word' id='word_1_811' title='bbox 1944 2861 1992 2882; x_wconf 80' lang='lat' dir='ltr'>arg.</span> <span class='ocrx_word' id='word_1_812' title='bbox 2011 2854 2062 2877; x_wconf 89' lang='lat' dir='ltr'>cod.</span> <span class='ocrx_word' id='word_1_813' title='bbox 2081 2855 2097 2876; x_wconf 87' lang='lat' dir='ltr'><strong>B</strong></span> 
     </span>
     <span class='ocr_line' id='line_1_107' title="bbox 1252 2893 1586 2923; baseline 0.003 -8"><span class='ocrx_word' id='word_1_814' title='bbox 1252 2893 1323 2916; x_wconf 71' lang='lat' dir='ltr'>verbo</span> <span class='ocrx_word' id='word_1_815' title='bbox 1339 2894 1416 2923; x_wconf 72' lang='lat' dir='ltr'>potest</span> <span class='ocrx_word' id='word_1_816' title='bbox 1432 2893 1495 2915; x_wconf 85' lang='lat' dir='ltr'>addit</span> <span class='ocrx_word' id='word_1_817' title='bbox 1512 2893 1539 2916; x_wconf 78' lang='lat' dir='ltr'>de</span> <span class='ocrx_word' id='word_1_818' title='bbox 1556 2899 1586 2916; x_wconf 71' lang='lat' dir='ltr'>Se.</span> 
     </span>
    </p>

    <p class='ocr_par' dir='ltr' id='par_1_36' title="bbox 1314 2932 1992 2960">
     <span class='ocr_line' id='line_1_108' title="bbox 1314 2932 1992 2960; baseline 0 -6"><span class='ocrx_word' id='word_1_819' title='bbox 1314 2932 1323 2947; x_wconf 75' lang='grc'>8</span> <span class='ocrx_word' id='word_1_820' title='bbox 1341 2933 1390 2960; x_wconf 78' lang='lat' dir='ltr'>Ipsa</span> <span class='ocrx_word' id='word_1_821' title='bbox 1408 2934 1458 2955; x_wconf 81' lang='lat' dir='ltr'>eius</span> <span class='ocrx_word' id='word_1_822' title='bbox 1474 2932 1546 2955; x_wconf 73' lang='lat' dir='ltr'>verba</span> <span class='ocrx_word' id='word_1_823' title='bbox 1565 2932 1678 2955; x_wconf 84' lang='lat' dir='ltr'>habentur</span> <span class='ocrx_word' id='word_1_824' title='bbox 1696 2939 1766 2960; x_wconf 82' lang='lat' dir='ltr'>supra</span> <span class='ocrx_word' id='word_1_825' title='bbox 1785 2939 1837 2960; x_wconf 85' lang='lat' dir='ltr'>pag.</span> <span class='ocrx_word' id='word_1_826' title='bbox 1856 2932 1882 2960; x_wconf 72' lang='grc'>4,</span> <span class='ocrx_word' id='word_1_827' title='bbox 1901 2935 1953 2955; x_wconf 84' lang='lat' dir='ltr'>nota</span> <span class='ocrx_word' id='word_1_828' title='bbox 1972 2933 1992 2954; x_wconf 74' lang='lat'>8.</span> 
     </span>
    </p>

    <p class='ocr_par' dir='ltr' id='par_1_37' title="bbox 1252 2971 2094 3039">
     <span class='ocr_line' id='line_1_109' title="bbox 1314 2971 2094 2999; baseline 0 -6"><span class='ocrx_word' id='word_1_829' title='bbox 1314 2971 1323 2986; x_wconf 79' lang='lat'>⁹</span> <span class='ocrx_word' id='word_1_830' title='bbox 1340 2972 1400 2994; x_wconf 84' lang='lat' dir='ltr'>Libr.</span> <span class='ocrx_word' id='word_1_831' title='bbox 1419 2972 1441 2994; x_wconf 96' lang='lat' dir='ltr'>Il.</span> <span class='ocrx_word' id='word_1_832' title='bbox 1460 2972 1529 2994; x_wconf 82' lang='lat' dir='ltr'>Etbie.</span> <span class='ocrx_word' id='word_1_833' title='bbox 1548 2978 1566 2994; x_wconf 84' lang='lat' dir='ltr'>e.</span> <span class='ocrx_word' id='word_1_834' title='bbox 1585 2972 1606 2993; x_wconf 80' lang='lat'>6.</span> <span class='ocrx_word' id='word_1_835' title='bbox 1624 2971 1669 2994; x_wconf 84' lang='lat' dir='ltr'>Csr.</span> <span class='ocrx_word' id='word_1_836' title='bbox 1686 2974 1740 2993; x_wconf 75' lang='lat' dir='ltr'>toni.</span> <span class='ocrx_word' id='word_1_837' title='bbox 1759 2972 1772 2994; x_wconf 93' lang='grc'>1.</span> <span class='ocrx_word' id='word_1_838' title='bbox 1791 2978 1843 2999; x_wconf 82' lang='lat' dir='ltr'>pag.</span> <span class='ocrx_word' id='word_1_839' title='bbox 1863 2972 1906 2999; x_wconf 77' lang='lat'>32,</span> <span class='ocrx_word' id='word_1_840' title='bbox 1925 2974 1976 2993; x_wconf 86' lang='lat' dir='ltr'>nota</span> <span class='ocrx_word' id='word_1_841' title='bbox 1994 2972 2015 2994; x_wconf 80' lang='lat'>6.</span> <span class='ocrx_word' id='word_1_842' title='bbox 2028 2971 2094 2993; x_wconf 89' lang='lat' dir='ltr'>—In</span> 
     </span>
     <span class='ocr_line' id='line_1_110' title="bbox 1252 3009 1970 3039; baseline -0.001 -6"><span class='ocrx_word' id='word_1_843' title='bbox 1252 3011 1296 3033; x_wconf 78' lang='lat' dir='ltr'>fine</span> <span class='ocrx_word' id='word_1_844' title='bbox 1314 3018 1363 3039; x_wconf 77' lang='lat' dir='ltr'>arg.</span> <span class='ocrx_word' id='word_1_845' title='bbox 1381 3011 1431 3033; x_wconf 84' lang='lat' dir='ltr'>cod.</span> <span class='ocrx_word' id='word_1_846' title='bbox 1451 3017 1476 3033; x_wconf 84' lang='lat' dir='ltr'>ee.</span> <span class='ocrx_word' id='word_1_847' title='bbox 1493 3015 1515 3033; x_wconf 79' lang='lat' dir='ltr'>et</span> <span class='ocrx_word' id='word_1_848' title='bbox 1532 3011 1568 3033; x_wconf 86' lang='lat' dir='ltr'>ed.</span> <span class='ocrx_word' id='word_1_849' title='bbox 1590 3011 1595 3032; x_wconf 91' lang='grc'><strong>1</strong></span> <span class='ocrx_word' id='word_1_850' title='bbox 1617 3017 1659 3039; x_wconf 83' lang='lat' dir='ltr'>pro</span> <span class='ocrx_word' id='word_1_851' title='bbox 1676 3012 1760 3033; x_wconf 76' lang='lat' dir='ltr'>nostra</span> <span class='ocrx_word' id='word_1_852' title='bbox 1777 3010 1884 3033; x_wconf 79' lang='lat' dir='ltr'>exhibent</span> <span class='ocrx_word' id='word_1_853' title='bbox 1902 3009 1970 3033; x_wconf 79' lang='lat' dir='ltr'>bona.</span> 
     </span>
    </p>
   </div>
  </div>
 </body>
</html>
