2243 3425
734 221 816 250 DIST.
838 221 915 250 XXX.
938 222 1009 250 ΛΒΤ.
1032 222 1072 250 111.
1095 222 1230 259 QUAEST.
1254 223 1270 250 l.

1825 221 1880 251 733

874 362 1136 399 SOHOLION.

193 483 206 504 l.
224 482 282 505 Cum
295 483 430 510 propagatio
443 482 530 510 peccati
542 481 659 509 originalis
671 484 797 509 supponat,
810 481 873 509 quod
885 483 976 504 natura

129 523 197 545 totius
218 521 309 550 generis
326 522 420 543 humani
442 521 519 549 aliquo
544 520 614 542 modo
635 521 703 542 suerit
724 521 747 542 in
769 520 857 548 Adam,
879 522 902 542 et
922 526 975 543 cum

130 563 226 588 constet,
244 560 342 583 eandem
360 566 387 582 ex
405 562 469 588 parte
486 558 625 582 animarum
642 559 691 581 sive
713 559 840 581 formarum
852 577 857 587 ,
877 558 906 581 al)
924 560 974 587 ipso

129 600 175 623 Deo
192 599 332 628 procedente
349 602 453 626 tempore
470 598 649 626 productarum,
669 604 710 620 nec
725 597 850 620 formaliter
868 604 909 620 nec
927 604 975 620 ma-

128 640 233 663 terialiter
258 640 279 661 in
302 639 339 660 illo
362 638 443 665 tuisse,
466 637 544 660 incidit
565 637 601 659 hic
624 638 727 666 quaestio
750 636 780 659 ad
800 635 975 666 physioloqiam

127 681 245 708 spectans,
259 677 377 707 quomodo
395 684 422 700 ex
434 680 499 705 parte
510 676 642 700 materialis
650 675 764 706 principii
780 679 861 698 natura
874 677 974 698 humana

127 719 194 741 luerit
210 719 233 740 in
250 717 331 740 Adam.
344 717 391 739 Hoc
408 716 528 745 problema
549 722 577 738 eo
595 715 726 744 diligentius
743 715 773 738 ab
789 715 887 744 antiquis
904 716 974 743 magi·

125 758 177 780 stris
191 756 320 779 secundum
338 756 451 784 principia
463 755 571 778 naturalis
583 755 743 783 philosophiae
754 757 809 777 tunc
825 756 917 782 recepta
932 753 974 775 dis-

126 802 220 820 cussum
245 799 289 824 est,
313 796 365 824 quia
384 795 490 823 Magister
507 800 560 817 cum
582 794 679 822 Hugone
700 800 712 816 a
730 794 751 816 S.
770 793 863 816 Victore
884 793 974 815 solutio⁴

126 842 179 858 nem
205 835 328 863 docuerat,
354 840 413 864 quae
440 833 606 862 posterioribus
628 833 781 855 communiter
803 831 926 854 videbatur
948 832 974 853 ir-

127 874 279 902 rationabilis,
292 877 315 896 et
327 874 401 901 etiam,
416 874 469 902 quia
482 872 588 895 eiusdem
599 871 738 895 difficultatis
750 871 908 894 determinatio
929 876 974 892 non

127 916 214 936 tantum
232 913 261 936 ad
273 912 433 935 illustrandum
451 913 587 939 mysterium
600 912 687 940 peccati
700 910 828 939 originalis,
847 909 888 932 sed
900 910 975 938 magis

127 954 195 977 etiam
212 953 241 975 ad
259 952 422 981 explicandum
440 952 526 980 dogma
543 951 716 973 resurrectionis
733 953 755 973 et
772 953 886 973 secretum
910 952 975 972 natu-

127 993 180 1016 ralis
197 992 349 1020 generationis
366 991 454 1014 servire
476 990 625 1019 dignoscitur.
644 990 766 1018 Quaeritur
788 992 865 1011 autem
883 995 927 1011 non
946 989 975 1011 de

126 1031 218 1055 ratione
235 1029 345 1054 seminali
360 1031 409 1053 sive
426 1029 512 1053 virtute
531 1029 620 1057 activa,
644 1035 704 1058 quae
721 1029 750 1051 ad
771 1030 869 1051 formam
887 1030 975 1056 spectat

127 1070 265 1099 (secundum
278 1075 349 1099 quam
361 1070 469 1092 virtutem
482 1074 579 1097 corpora
591 1069 691 1091 humana
704 1070 849 1096 posterorum
866 1068 888 1089 in
901 1067 974 1090 Adam

126 1111 202 1138 fuisse,
215 1115 283 1132 nemo
296 1108 412 1137 negabat),
430 1108 471 1131 sed
483 1109 586 1136 praecise
599 1107 629 1130 de
640 1106 762 1130 materiali
777 1107 898 1135 principio.
911 1106 976 1129 Iuvat

126 1152 204 1172 autem
221 1148 322 1171 recolere
338 1154 398 1177 quae
420 1148 449 1170 de
466 1148 634 1176 propagatione
649 1146 800 1176 formarum,
824 1152 894 1174 supra
913 1145 934 1168 d.
952 1145 974 1168 7.

125 1194 148 1217 p.
167 1188 189 1210 11.
208 1194 227 1210 a.
246 1188 266 1210 2.
290 1194 312 1217 q.
336 1188 355 1209 «l.
379 1188 399 1209 2.
418 1190 439 1209 et
461 1187 483 1209 d.
506 1187 542 1209 18.
565 1193 585 1209 a.
608 1187 628 1208 1.
647 1193 668 1216 q.
687 1187 708 1208 2.
732 1186 752 1208 3.
775 1186 835 1208 dicta
858 1185 976 1208 511111.Νο-

126 1231 175 1250 tum
197 1230 274 1250 autem
297 1230 346 1255 est,
364 1226 518 1250 recentiorem
539 1224 714 1256 physioloyiam
732 1225 809 1254 quoad
832 1228 921 1253 partem
939 1231 976 1247 ex-

127 1266 300 1293 perimentalem
318 1264 499 1288 accuratioribus
516 1264 718 1287 observationibus
735 1264 834 1292 plurima
849 1264 975 1291 invenisse,

127 1310 186 1333 quae
203 1305 239 1327 illa
257 1307 329 1327 aetate
349 1306 414 1326 erant
434 1304 556 1332 incognita.
574 1315 603 1319 —-
621 1303 684 1325 Duae
707 1303 776 1325 huius
797 1302 884 1325 articuli
906 1308 976 1331 quae-

125 1344 209 1366 stiones
221 1345 300 1366 intime
320 1344 453 1370 cohaerent;
466 1349 525 1372 quae
537 1346 562 1366 ut
573 1342 661 1365 facilius
680 1342 839 1370 intelligantur,
854 1342 895 1364 tria
913 1347 976 1369 prae-

126 1385 239 1405 notamus.

189 1423 209 1444 1.
227 1422 287 1444 Alex.
307 1422 354 1444 Hal.
378 1421 414 1448 (S.
433 1427 455 1450 p.
473 1421 496 1443 ΙΙ.
515 1427 536 1450 11.
555 1421 592 1443 80.
611 1426 641 1443 m.
660 1421 681 1443 2.
699 1427 718 1442 a.
741 1421 768 1448 l.)
791 1421 847 1442 haec
868 1419 977 1442 observat

126 1466 148 1485 et
164 1462 232 1484 simul
254 1467 320 1484 suam
342 1461 477 1483 sententiam
499 1461 619 1489 proponit:
647 1468 657 1480 α
675 1460 803 1487 Tripliciter
826 1459 908 1481 dicitur
931 1461 976 1481 tota

126 1503 226 1524 humana
249 1504 328 1524 natura
351 1501 421 1523 tuisse
443 1501 466 1522 in
483 1499 568 1522 Adam:
593 1502 614 1521 et
631 1500 684 1528 quia
709 1502 788 1521 natura
807 1499 906 1520 humana
924 1504 976 1528 per-

124 1540 181 1570 fecte
202 1544 251 1564 erat
275 1541 297 1562 in
319 1546 362 1568 eo;
384 1544 406 1563 et
431 1540 484 1569 quia
506 1540 595 1567 species
617 1539 716 1560 humana
739 1537 880 1567 quandoque
903 1538 925 1559 in
948 1543 975 1559 eo

125 1580 175 1604 solo
192 1580 279 1603 salvata
296 1582 355 1607 erat,
371 1585 430 1608 quae
442 1581 521 1607 postea
538 1581 572 1601 est
589 1577 618 1600 ab
635 1577 684 1600 aliis
704 1578 850 1605 participata;
869 1580 891 1599 et
907 1577 975 1599 etiam

125 1621 179 1650 quia
196 1618 283 1648 aliquid
300 1619 322 1640 in
340 1619 390 1646 ipso
408 1621 468 1646 erat,
486 1617 549 1646 quod
567 1623 609 1645 per
622 1617 814 1645 propagationem
832 1619 866 1638 est
882 1615 910 1639 de
922 1622 976 1639 con-

125 1658 243 1683 stitutione
266 1663 396 1687 corporum
418 1656 526 1680 omnium
541 1655 672 1679 hominum.
695 1655 754 1678 Cum
771 1661 828 1683 ergo
845 1655 974 1684 quaeritur,

126 1698 244 1728 quomodo
261 1700 306 1720 tota
324 1698 424 1720 humana
443 1699 522 1719 natura
540 1696 582 1718 fuit
598 1696 619 1717 in
638 1695 724 1723 Adam,
744 1695 830 1717 scilicet
846 1694 975 1716 secundum

125 1737 263 1765 materiam,
284 1739 322 1759 aut
339 1736 468 1759 secundum
479 1735 598 1765 formam;
616 1734 752 1762 dicendum,
771 1733 834 1763 quod
846 1733 975 1756 secundum

125 1776 263 1804 mammam,
278 1776 331 1805 quia
349 1776 444 1798 materia
456 1775 560 1797 omnium
573 1780 698 1802 corporum
710 1774 759 1796 sive
772 1773 899 1801 materiale,
911 1772 975 1802 quod

125 1819 159 1840 est
182 1816 210 1839 de
231 1816 391 1838 constitutione
414 1815 519 1837 omnium
543 1819 667 1842 corporum
691 1814 858 1840 humanorum,
882 1815 930 1835 erat
953 1813 974 1834 in

126 1862 223 1885 corpore
240 1855 310 1878 Adae.
328 1855 354 1876 Et
376 1854 406 1876 ad
424 1854 535 1876 maiorem
553 1853 621 1875 huius
639 1853 741 1875 notitiam
757 1852 891 1880 sciendum,
912 1851 975 1880 quod

126 1897 148 1918 in
166 1901 262 1924 corpore
284 1893 347 1916 Adae
364 1896 413 1916 erat
434 1892 555 1923 quantitas
576 1891 646 1915 molis
668 1898 722 1915 curn
744 1891 837 1914 ratione
853 1890 975 1914 semimili:

126 1936 213 1958 ratione
235 1933 373 1964 quantitatis
390 1932 455 1955 illius
478 1931 547 1955 molis
564 1934 654 1960 poterat
670 1930 761 1953 extendi
780 1933 802 1953 et
823 1930 920 1953 diffundi
943 1936 975 1953 se-

126 1975 229 1998 cundum
253 1974 409 1996 extensionem
431 1972 534 2000 corporis
557 1971 623 2000 quasi
648 1970 882 1998 improportionaliter
904 1971 976 1992 maio-

127 2015 179 2036 ris...
206 2013 323 2035 Praeterea
349 2011 412 2034 ratio
436 2009 557 2034 seminalis
579 2011 601 2032 in
624 2010 661 2032 illo
683 2009 795 2032 virtutem
818 2008 897 2032 habuit
919 2009 976 2032 acti-

127 2058 197 2080 vam,
218 2058 263 2080 qua
281 2053 371 2079 poterat
387 2056 412 2073 se
432 2049 583 2077 multiplicare
601 2050 622 2070 in
641 2049 735 2071 materia
749 2047 899 2076 susceptibili,
918 2049 976 2070 sicut

127 2094 201 2119 potest
217 2091 290 2113 virtus
307 2090 363 2112 lucis
380 2092 402 2112 et
419 2089 478 2117 ignis
495 2091 518 2111 et
534 2088 660 2110 consimilia
673 2096 683 2108 n
704 2087 773 2114 (vide
791 2087 876 2109 Bonav.
900 2088 935 2109 hic
953 2094 975 2116 q.

128 2131 147 2152 i.
166 2130 231 2153 solut.
250 2129 279 2152 ad
297 2129 335 2157 5.).

189 2170 210 2192 2.
228 2169 322 2191 Locutio
335 2167 452 2197 pertinere
464 2166 495 2190 ad
506 2166 628 2190 venitatem
640 2167 742 2189 naturae
754 2165 883 2188 secundum
896 2171 976 2187 omnes

128 2208 240 2237 significat
256 2207 281 2230 in
299 2213 383 2237 (severe
400 2206 423 2229 id
440 2206 502 2236 quod
520 2209 554 2228 est
570 2205 599 2228 de
616 2206 775 2228 constitutione
793 2208 887 2227 naturae
904 2205 976 2232 ipsius

129 2248 159 2275 (S.
178 2248 268 2275 Thom.⁷
282 2247 303 2269 S.
322 2247 336 2269 l.
349 2253 370 2275 q.
388 2247 436 2268 149.
455 2252 474 2268 a.
494 2246 532 2273 11.),
550 2249 572 2268 et
589 2251 643 2267 cum
660 2245 751 2267 natura·
769 2244 889 2272 dupliciter
905 2245 977 2272 possit

128 2287 279 2310 considerari:
293 2295 302 2306 «
313 2287 334 2308 in
348 2285 469 2309 communi
479 2284 607 2307 secundum
621 2286 725 2306 naturam
738 2284 829 2312 speciei,
842 2284 886 2306 alio
898 2283 976 2311 modo,

129 2326 257 2349 secundum
276 2325 338 2354 quod
361 2329 395 2348 est
412 2325 434 2346 in
457 2323 500 2347 hoc
523 2322 643 2347 individuo
658 2331 681 2351 »ς
705 2322 748 2346 sub
772 2323 848 2351 primo
871 2326 976 2350 respectu

129 2365 157 2388 ad
174 2366 294 2388 veritatem
317 2368 411 2387 naturae
434 2364 531 2392 pertinet
552 2363 624 2386 forma
645 2365 667 2385 et
684 2363 789 2390 materia⁷
813 2363 834 2384 in
857 2361 978 2385 contniimi

130 2408 234 2432 accepta,
253 2403 281 2426 de
299 2409 345 2432 quo
364 2409 410 2425 non
427 2405 461 2425 est
478 2402 644 2429 controversia3
664 2401 708 2424 sub
726 2400 828 2423 secundo
846 2404 922 2422 autem
945 2406 977 2421 re-

130 2447 208 2471 spectu
231 2442 259 2465 ad
282 2442 380 2464 eandem
403 2442 499 2470 pertinet
525 2449 534 2460 <c
548 2441 641 2463 materia
664 2438 816 2463 individualis
838 2438 933 2467 siquam
956 2442 977 2461 et

130 2483 201 2504 torma
219 2488 261 2510 per
283 2480 415 2503 huiusmodi
438 2480 557 2502 materiam
583 2478 753 2502 individuam»
776 2477 861 2505 (ibid).
880 2477 912 2499 De
936 2478 977 2500 hac

130 2523 205 2543 autem
223 2521 317 2543 materia
330 2521 352 2542 in
369 2518 491 2542 individuo
508 2520 561 2541 sunt
572 2518 623 2540 illae
641 2517 747 2539 diversae
764 2517 890 2545 opiniones,
904 2517 939 2538 hic
955 2516 977 2538 in

131 2561 261 2588 quaestione
280 2560 300 2581 1.
320 2559 453 2585 recensitae,
473 2564 532 2587 quae
544 2557 699 2585 principaliter
715 2559 837 2578 versantur
849 2556 908 2577 circa
921 2555 977 2577 hoc:

131 2602 207 2622 utrum
219 2599 306 2627 aliquid
318 2598 433 2621 materiale
448 2598 469 2620 in
479 2597 562 2619 eodem
574 2595 694 2618 individuo
707 2601 804 2623 corpore
816 2594 844 2617 ab
854 2595 916 2616 initio
929 2595 978 2616 eius

132 2644 204 2667 usque
221 2637 249 2660 ad
268 2640 365 2660 mortem
384 2643 475 2665 semper
493 2639 583 2658 maneat
600 2638 622 2657 ct
638 2636 659 2657 in
678 2635 844 2657 resurrectione
861 2636 976 2665 resurgat,

132 2683 158 2699 an
176 2683 256 2699 omnes
273 2680 350 2705 partes
363 2676 471 2699 materiae
484 2676 591 2698 continue
608 2675 679 2696 tluant
695 2678 717 2696 et
728 2673 831 2696 refluant.
845 2672 978 2695 Secundum

132 2716 199 2738 huius
215 2717 247 2738 rei
267 2715 481 2738 determinationem
498 2715 566 2737 etiam
584 2712 739 2736 diversimode
758 2712 867 2739 accipitur
880 2711 902 2733 id
915 2711 978 2740 quod

133 2755 228 2783 pertinet
245 2755 273 2777 ad
285 2754 407 2778 veritatem
419 2753 539 2777 humanae
550 2754 659 2776 natm-ae.
669 2765 699 2768 —
709 2752 847 2774 Sententiam
860 2751 977 2778 propriam

133 2795 190 2816 circa
208 2795 251 2816 hoc
268 2794 360 2822 exponit
381 2794 402 2815 S.
422 2793 515 2820 Bonav.,
538 2792 595 2814 intra
613 2798 635 2820 q.
660 2792 680 2813 2.
699 2792 720 2812 in
738 2796 809 2818 corp.‚
828 2795 887 2818 quae
905 2789 979 2816 inagis

134 2832 255 2855 illustratur
273 2833 307 2855 his
325 2832 403 2854 verbis
420 2831 541 2854 Alexandri
558 2831 606 2853 lvlal.
626 2830 677 2857 (loc.
695 2830 731 2852 cit.
749 2829 778 2851 ad
797 2828 840 2857 4.):
863 2836 872 2847 «
883 2828 979 2851 Natura

134 2871 155 2893 in
172 2872 245 2899 primo
258 2873 349 2894 homine
362 2874 408 2893 erat
427 2871 521 2899 duplex:
539 2876 590 2897 una,
608 2875 668 2897 (1030
685 2871 733 2890 erat
744 2868 876 2895 simpliciter
894 2867 977 2894 ipsius,

136 2913 159 2932 ut
175 2914 222 2932 erat
238 2910 403 2937 individuum,-
420 2911 474 2937 alia,
492 2915 551 2938 quae
569 2910 617 2930 erat
634 2908 706 2935 illius,
725 2910 749 2929 ut
765 2909 813 2928 erat
835 2904 979 2934 principium

134 2948 244 2972 aliorum.
263 2950 323 2972 Haec
340 2953 416 2972 autem
434 2949 524 2972 natura
545 2948 628 2976 duplex
646 2946 768 2974 respondet
792 2945 878 2972 duplici
895 2944 979 2974 appeti-

135 2987 181 3014 tui,
201 2994 300 3016 quorum
319 2994 378 3010 unus
400 2991 448 3010 erat
466 2991 571 3015 respectu
594 2985 678 3009 salutis
696 2985 721 3007 in
737 2990 774 3012 se,
794 2985 851 3006 alius
874 2986 979 3011 respectu

135 3026 218 3050 salutis
235 3027 259 3049 in
277 3026 340 3054 alio;
357 3030 378 3049 et
395 3027 481 3054 duplici
499 3025 593 3053 virtuti,
618 3025 702 3047 scillcet
718 3022 861 3046 mumanae.
887 3028 932 3050 1103
950 3022 980 3043 111-

1033 482 1132 505 tenditur
1149 484 1211 506 53105
1228 485 1277 506 sive
1300 485 1444 507 conservatio
1462 485 1493 506 rei
1512 485 1532 506 in
1551 491 1586 512 sa,
1610 488 1632 507 et
1648 484 1809 514 qaum-ativae,
1836 490 1881 513 qua

1033 521 1156 544 intenditur
1174 523 1317 545 conservatio
1335 524 1367 545 rei
1380 523 1402 545 in
1419 524 1486 546 alio...
1500 524 1556 546 Huic
1575 523 1659 552 duplici
1676 525 1779 546 naturae
1797 523 1881 552 duplex

1032 560 1157 588 respondet
1174 561 1276 584 veritas.-
1296 568 1355 590 una⁷
1374 568 1433 591 quae
1450 563 1543 590 respicit
1559 568 1607 586 esse
1625 562 1738 585 individui
1760 561 1879 591 absolate,

1032 598 1074 620 alia
1086 616 1091 626 ‚
1109 605 1169 627 quae
1186 601 1278 627 respicit
1299 606 1359 628 esse,
1380 601 1402 623 in
1420 605 1532 630 quantum
1549 606 1583 625 est
1596 601 1744 631 principium
1761 601 1880 624 aliorum:

1032 637 1065 659 sic
1081 640 1115 659 est
1136 644 1180 659 11113
1198 637 1284 661 veritas
1307 640 1424 667 naturae,
1450 646 1510 669 quae
1532 641 1624 668 respicit
1645 646 1694 663 esse
1719 640 1780 663 Adae
1805 641 1827 662 in
1845 646 1881 668 se;

1032 676 1088 704 alia,
1107 682 1166 704 quae
1184 678 1277 704 respicit
1293 683 1341 701 csse
1358 678 1429 707 illius,
1453 682 1477 701 ut
1494 682 1527 701 est
1544 679 1572 701 ad
1592 679 1768 707 producendum
1787 680 1842 702 alios
1860 681 1881 702 in

1032 720 1087 737 esse.
1109 714 1200 738 Veritas
1218 722 1274 744 ergo
1290 717 1406 745 naturae,
1426 723 1485 746 quae
1503 720 1550 740 erat
1567 719 1589 740 in
1612 718 1685 740 Adam
1703 721 1809 746 respectu
1826 719 1878 746 siti,

1032 757 1138 782 resurget
1154 755 1176 776 111
1194 755 1244 782 ipso
1262 755 1346 783 Adam;
1364 755 1406 778 sed
1423 762 1483 785 quae
1500 759 1548 779 crat
1565 757 1586 778 in
1605 757 1655 785 ipso
1673 760 1778 785 respectu
1799 757 1882 787 speciei

1032 796 1137 821 resurget
1154 794 1175 815 in
1194 794 1237 816 alio
1250 803 1271 816 n.

1096 832 1116 854 3.
1135 833 1262 861 Distinctio,
1281 839 1307 856 ex
1325 834 1444 856 Aristotele
1462 836 1548 862 sumta,
1563 835 1620 856 inter
1637 840 1735 857 carnem
1751 834 1882 858 secundum

1031 870 1158 894 materiam
1175 874 1197 894 et
1218 878 1315 895 carnem
1337 872 1469 896 secundum
1485 872 1584 902 speciem
1603 872 1760 895 diversimode
1781 874 1883 902 intelligi-

1032 911 1080 938 tur,
1098 913 1120 932 et
1136 910 1242 933 Richard.
1262 917 1273 933 a
1291 911 1348 933 Med.
1367 911 1417 938 (1110
1434 917 1453 933 3.
1473 911 1493 933 5,
1512 917 1533 940 q.
1553 912 1573 933 l.
1592 911 1620 934 ad
1638 912 1669 939 2.)
1692 912 1794 940 quinque
1818 913 1882 935 inter-

1032 950 1171 977 pretationes
1188 954 1298 973 recenset.
1317 950 1377 978 Quid
1394 951 1475 973 sentiat
1493 950 1521 972 de
1539 951 1582 973 hoc
1600 950 1621 972 S.
1641 950 1734 978 Bonam,
1753 951 1813 973 clare
1830 956 1883 978 pro-

1033 989 1125 1016 ponitur
1142 990 1164 1011 in
1183 990 1203 1011 2.
1222 992 1317 1018 quaest,
1335 989 1392 1018 quid
1414 996 1471 1012 vero
1489 990 1510 1011 S.
1535 990 1625 1018 Thom„
1644 990 1697 1012 vide
1715 989 1777 1018 apud
1795 991 1885 1018 ipsum,

1032 1028 1069 1050 hic
1088 1034 1109 1056 q.
1128 1029 1148 1050 2.
1167 1034 1186 1050 a.
1206 1029 1226 1050 11.
1244 1028 1273 1051 ad
1291 1029 1316 1057 23
1334 1029 1398 1051 Sum.
1418 1029 1459 1051 loc.
1478 1029 1513 1052 cit.
1531 1029 1561 1052 ad
1578 1030 1598 1052 2.

1097 1068 1119 1090 11.
1138 1067 1221 1090 Prima
1238 1070 1260 1090 et
1276 1070 1377 1090 extrema
1400 1069 1478 1096 opinio
1496 1069 1555 1090 circa
1573 1069 1716 1096 propositam
1739 1072 1826 1098 quaest.
1850 1071 1885 1092 est

1033 1106 1154 1137 Magistri,
1175 1107 1226 1135 qui,
1239 1108 1347 1136 quamvis
1359 1106 1482 1135 concedat,
1500 1106 1565 1129 cibos
1576 1113 1618 1135 per
1636 1108 1782 1130 nutritionem
1800 1108 1822 1130 in
1834 1114 1883 1130 san·

1033 1147 1128 1175 guinem
1146 1149 1168 1169 et
1185 1152 1279 1168 carnem
1297 1147 1402 1174 transire,
1417 1149 1485 1174 negat
1502 1149 1591 1175 tamen,
1604 1152 1644 1169 eos
1656 1148 1751 1169 transire
1764 1148 1785 1169 in
1797 1146 1883 1170 verita-

1032 1187 1078 1209 tem
1089 1185 1209 1209 humanae
1221 1186 1323 1209 naturae
1332 1204 1338 1214 ,
1353 1187 1440 1215 quippe
1453 1192 1512 1215 quae
1524 1187 1592 1209 etiam
1604 1185 1762 1209 materialiter
1780 1190 1823 1209 tota
1837 1187 1883 1209 tue-

1033 1225 1061 1247 rit
1073 1226 1095 1247 in
1106 1224 1191 1253 Adam,
1204 1231 1258 1247 cum
1270 1225 1293 1247 in
1305 1226 1403 1253 posteris
1415 1226 1465 1247 eius
1477 1225 1624 1253 multiplicata
1637 1226 1665 1247 sit
1682 1226 1703 1247 in
1716 1231 1741 1248 se
1753 1226 1814 1253 ipsa,
1834 1226 1883 1248 sine

1034 1265 1185 1287 conversione
1202 1265 1298 1287 alicuius
1315 1265 1456 1287 extrinsecus
1473 1265 1587 1293 appositi;
1606 1271 1698 1287 carnem
1716 1268 1792 1287 autem
1809 1265 1881 1292 illam,

1034 1309 1075 1332 per
1095 1304 1242 1326 nutritionem
1259 1309 1410 1331 conversam,
1430 1309 1474 1325 non
1492 1309 1543 1326 esse
1564 1304 1605 1326 nisi
1622 1303 1754 1332 fomentum
1767 1304 1842 1326 carnis
1853 1304 1883 1327 ab

1034 1343 1108 1365 Adam
1120 1346 1214 1371 tractae,
1227 1348 1269 1365 nec
1286 1348 1339 1365 cum
1352 1343 1388 1365 illa
1406 1345 1588 1366 resurrecturam
1600 1349 1657 1366 esse.
1676 1343 1801 1371 Triplicem
1814 1344 1882 1366 huius

1034 1383 1148 1410 opinionis
1158 1383 1367 1410 interpretationem
1380 1388 1434 1404 cum
1446 1382 1468 1404 S.
1478 1382 1563 1404 Bonav.
1577 1382 1642 1405 affert
1653 1383 1721 1405 etiam
1732 1382 1753 1404 S.
1765 1382 1847 1405 Thom.
1860 1383 1882 1405 in

1033 1420 1161 1444 Coniment.
1185 1421 1226 1443 loc.
1249 1421 1285 1444 cit.
1309 1420 1371 1443 [lanc
1394 1420 1493 1449 Magistri
1516 1421 1661 1449 opinionem,
1685 1421 1883 1450 qualitercumque

1035 1461 1183 1488 intellectam,
1208 1463 1254 1482 tum
1279 1461 1300 1482 in
1318 1465 1343 1482 se
1359 1458 1537 1488 improbabilem
1562 1462 1610 1482 tum
1635 1460 1827 1488 insufficientem,
1846 1460 1882 1482 vel

1033 1499 1114 1522 saltem
1138 1505 1183 1521 non
1205 1499 1357 1521 necessariam
1379 1505 1430 1521 esse
1453 1498 1480 1520 ad
1505 1498 1667 1526 explicandum
1691 1500 1882 1527 propagationem

1034 1539 1121 1566 peccati
1147 1538 1278 1566 originalis,
1303 1538 1442 1566 posteriores
1459 1538 1590 1560 Scholastici
1613 1538 1766 1560 communiter
1783 1541 1882 1560 censent.

1034 1578 1096 1600 Alex.
1114 1577 1161 1600 Hal.
1180 1580 1256 1600 autem
1274 1577 1322 1600 vult
1340 1576 1437 1599 eandem
1459 1576 1601 1603 (secundum
1619 1577 1640 1599 3.
1659 1577 1882 1606 interpretationem)

1033 1620 1143 1646 tanquam
1159 1615 1306 1646 probabilem
1323 1622 1448 1645 exponere,
1468 1616 1519 1638 licet
1541 1617 1591 1644 ipse
1608 1617 1630 1638 in
1654 1616 1703 1639 aliis
1721 1616 1798 1639 verbis
1821 1613 1898 1639 idom'

1033 1657 1117 1679 sentire
1135 1655 1227 1678 videtur
1244 1661 1269 1677 ac
1287 1656 1422 1683 seraphicus
1446 1661 1502 1677 suus
1520 1655 1654 1684 discipulus.

1097 1694 1208 1719 Secunda
1225 1698 1246 1717 et
1258 1695 1352 1717 omnino
1367 1695 1472 1722 opposita
1485 1695 1595 1717 sententia
1615 1696 1703 1717 tenetur
1715 1701 1727 1716 a
1745 1695 1767 1717 S.
1781 1695 1882 1722 Thoma⁷

1033 1735 1072 1764 qui
1091 1735 1194 1763 sequitur
1212 1733 1356 1756 Aristotelem
1373 1737 1395 1756 et
1412 1733 1539 1755 Averroem
1551 1736 1573 1756 et
1585 1733 1663 1761 docet,
1682 1736 1751 1756 totam
1764 1734 1884 1756 materiam

1034 1774 1138 1802 corporis
1155 1773 1226 1795 fluere
1244 1776 1266 1795 et
1283 1773 1392 1800 refluere,
1410 1775 1432 1794 et
1449 1778 1493 1794 non
1512 1778 1562 1794 esse
1581 1772 1736 1794 diversitatem
1757 1773 1815 1794 inter
1835 1778 1885 1795 car·

1033 1819 1086 1836 nem
1112 1819 1124 1835 a
1146 1811 1280 1840 parentibus
1301 1814 1396 1835 tractam
1420 1815 1441 1834 et
1464 1817 1505 1839 per
1527 1811 1652 1839 potentiam
1676 1811 1808 1834 nutritivam
1832 1817 1884 1834 con·

1033 1858 1137 1879 versam;
1155 1851 1220 1881 quod
1232 1852 1333 1880 legitime
1350 1852 1396 1873 iam
1413 1856 1439 1872 ex
1453 1850 1555 1873 doctrina
1574 1849 1603 1872 de
1627 1850 1711 1872 unitate
1728 1850 1815 1872 formae
1832 1849 1885 1873 suh·

1033 1892 1142 1915 stantialis
1164 1891 1229 1919 sequi
1253 1890 1344 1913 videtur
1363 1890 1370 1917 (
1377 1889 1431 1912 vide
1453 1890 1475 1912 in
1497 1895 1560 1918 corp.
1584 1890 1661 1918 opinio
1680 1890 1718 1917 2.).
1742 1889 1776 1911 Ab
1802 1889 1885 1912 eodem

1034 1932 1102 1954 etiam
1121 1930 1228 1958 docetur,
1247 1929 1310 1958 quod
1328 1930 1403 1952 lotum
1420 1934 1499 1952 semen
1516 1929 1544 1951 sit
1561 1928 1589 1951 de
1607 1928 1729 1958 superfluo
1746 1927 1858 1951 alimenti.

1099 1968 1178 1992 Tertia
1195 1969 1316 1995 sententia,
1335 1974 1394 1997 quae
1412 1967 1515 1990 medium
1533 1968 1591 1990 inter
1607 1968 1707 1995 primam
1719 1970 1741 1990 et
1758 1967 1883 1990 secundam

1034 2010 1171 2037 positionem
1195 2012 1271 2031 tenere
1288 2008 1349 2036 vult,
1374 2007 1502 2035 praefertur
1519 2013 1531 2029 a
1555 2007 1577 2029 S.
1595 2006 1681 2029 Bonav.
1704 2010 1813 2035 tanquam
1831 2012 1884 2034 pro-

1033 2048 1138 2071 babilior.
1158 2048 1260 2070 Breviter
1277 2046 1358 2069 eadem
1382 2046 1503 2074 exponitur
1521 2046 1543 2067 in
1561 2045 1606 2068 fine
1624 2046 1644 2067 2.
1664 2048 1763 2074 quaest,
1787 2045 1826 2068 ubi
1845 2045 1884 2067 du-

1034 2087 1086 2116 plici
1108 2087 1254 2109 conclusione
1277 2085 1371 2113 dicitur,
1390 2084 1508 2114 quomodo
1532 2084 1619 2113 aliquid
1636 2085 1789 2106 extrinsecum
1812 2084 1884 2111 possit

1034 2127 1130 2150 transire
1143 2127 1164 2148 111
1180 2127 1299 2148 veritatem
1318 2126 1432 2147 humanae
1450 2127 1551 2152 naturae,
1566 2123 1665 2154 proprie
1683 2123 1797 2145 mediante
1813 2129 1884 2151 opere

1034 2166 1192 2194 gouel-ativae,
1217 2164 1283 2194 larye
1301 2165 1368 2187 etiam
1391 2169 1462 2192 opere
1480 2164 1608 2186 nutritivae.
1628 2162 1659 2185 De
1677 2163 1719 2185 hac
1741 2166 1818 2184 autem
1835 2167 1883 2184 sen-

1035 2205 1103 2227 tentia
1120 2205 1143 2227 S.
1161 2204 1244 2226 Thom.
1263 2204 1283 2225 in
1302 2202 1430 2226 Commeat.
1446 2203 1488 2224 loc.
1507 2203 1542 2224 cit.
1561 2201 1627 2224 dicit:
1650 2210 1660 2221 α
1672 2200 1808 2223 Huiusmodi
1825 2201 1884 2228 posi-

1034 2244 1101 2266 tionis
1127 2244 1217 2271 primus
1242 2246 1322 2265 auctor
1347 2242 1462 2264 invenitur
1486 2240 1623 2264 Alea-ander
1649 2241 1832 2268 commentator,
1860 2243 1885 2262 ut

1034 2284 1149 2305 Averroes
1166 2283 1187 2304 in
1206 2281 1264 2304 libro
1283 2281 1311 2304 de
1328 2281 1479 2303 Generatione
1491 2280 1515 2308 [l.
1529 2282 1578 2302 text.
1599 2279 1645 2307 384
1665 2279 1718 2301 dicit
1730 2288 1750 2306 v,
1764 2281 1786 2301 et
1796 2278 1882 2301 ibidem

1035 2322 1132 2345 eandem
1151 2321 1257 2349 pluribus
1275 2319 1401 2343 rationibus
1419 2321 1547 2347 impugnat.

1100 2360 1130 2382 111.
1149 2360 1190 2382 Alii
1209 2359 1340 2381 Scholastici
1363 2358 1449 2386 antiqui
1468 2357 1496 2379 de
1515 2358 1534 2378 l.
1557 2360 1579 2379 et
1597 2357 1616 2378 2.
1635 2359 1721 2385 quaest.
1746 2357 1883 2384 plerumque

1035 2401 1126 2422 inverso
1144 2399 1224 2421 ordine
1242 2401 1343 2420 tractant.
1366 2397 1425 2419 Scot.
1445 2398 1466 2418 in
1485 2400 1583 2425 utroque
1606 2396 1695 2423 Scripta
1714 2395 1758 2422 (IV.
1776 2395 1836 2417 Seni.
1860 2394 1882 2417 d.

1036 2438 1107 2467 11.(1,
1127 2438 1155 2465 1.)
1173 2438 1222 2459 tuse
1236 2437 1263 2459 de
1283 2437 1316 2458 his
1334 2438 1355 2458 et
1372 2436 1466 2457 annexis
1478 2438 1565 2464 quaest.
1583 2435 1684 2462 disputat
1702 2438 1723 2457 et
1741 2435 1815 2462 magis
1829 2439 1883 2456 cuin

1035 2478 1056 2500 S.
1076 2478 1164 2499 Thoma
1183 2476 1307 2498 convenire
1325 2474 1426 2502 videtur,
1444 2474 1486 2496 sed
1504 2475 1582 2496 nonin
1599 2473 1718 2501 omnibus,
1737 2473 1804 2495 docet
1815 2473 1883 2495 etiam

1035 2522 1088 2539 cum
1106 2516 1128 2537 S.
1147 2515 1248 2541 Thema,
1267 2519 1345 2536 semen
1363 2519 1413 2535 esse
1430 2513 1459 2535 de
1477 2512 1595 2540 superfluo
1613 2512 1711 2534 alimenti
1731 2511 1806 2539 (apud
1823 2511 1882 2534 Hier.

1035 2554 1065 2577 de
1082 2554 1249 2580 Mona-tortino,
1268 2552 1289 2574 S.
1307 2555 1322 2574 t.
1340 2551 1363 2574 ll.
1383 2558 1404 2580 q.
1426 2552 1475 2573 119.
1494 2557 1512 2573 a.
1531 2551 1614 2579 2-)·.-
1626 2550 1649 2572 B.
1667 2549 1751 2573 Albert.
1770 2550 1801 2577 (S.
1820 2556 1842 2578 p.
1860 2550 1882 2572 ll.

1036 2596 1062 2615 tr.
1084 2593 1116 2615 17.
1135 2599 1156 2621 q.
1179 2592 1227 2613 tto.
1246 2597 1276 2613 111.
1298 2591 1315 2613 Ι.
1333 2591 1364 2619 2.)
1382 2591 1490 2613 convenit
1507 2596 1560 2612 cum
1573 2589 1701 2612 Alexandro
1718 2589 1765 2611 Hal.
1777 2602 1806 2605 —
1825 2589 1882 2612 Petr.

1036 2638 1047 2654 a
1066 2632 1118 2654 Tar.
1137 2630 1182 2656 (liic
1195 2637 1216 2659 q.
1233 2630 1252 2652 si.
1272 2637 1290 2651 a.
1315 2631 1330 2651 Ι.
1349 2630 1380 2657 2.)
1398 2629 1451 2651 nihil
1471 2629 1606 2651 determinat
1622 2628 1699 2656 quoad
1717 2628 1848 2656 opinionem
1862 2628 1883 2650 2.

1036 2674 1057 2694 et
1075 2671 1095 2693 3.
1109 2669 1254 2692 -llichard
1268 2675 1279 2691 a
1298 2668 1354 2691 Med.
1374 2669 1424 2693 (loc.
1438 2669 1474 2690 cit.
1493 2674 1514 2696 q.
1529 2668 1548 2689 1.
1567 2668 1598 2695 2.)
1615 2668 1690 2695 arguit
1702 2671 1779 2689 contra
1797 2668 1884 2695 opinio-

1036 2716 1087 2732 nem
1107 2713 1155 2732 tum
1173 2709 1272 2736 Magistri
1290 2711 1338 2730 tum
1356 2708 1377 2729 S.
1391 2707 1495 2729 Thomae
1513 2707 1562 2733 (001
1580 2710 1655 2729 tamen
1674 2706 1788 2733 concedit,
1805 2712 1883 2728 semen

1036 2755 1086 2771 esse
1104 2748 1132 2770 de
1150 2747 1268 2774 superfluo
1287 2746 1434 2773 nutrimenti),
1448 2748 1469 2767 at
1487 2746 1508 2767 in
1527 2745 1575 2767 aliis
1597 2745 1702 2774 sequitur
1719 2747 1823 2767 nostrum
1842 2744 1884 2767 Do-

1036 2790 1129 2810 ctorcm.
1146 2799 1176 2803 -—
1192 2786 1259 2814 AEgid
1277 2786 1303 2808 R.
1322 2785 1368 2813 (hic
1385 2791 1406 2814 q.
1429 2785 1449 2807 2.
1468 2791 1487 2807 a.
1507 2785 1526 2806 rl.
1545 2785 1576 2812 2.)
1595 2788 1616 2807 et
1634 2784 1734 2806 Durand.
1754 2785 1789 2806 liic
1808 2783 1838 2812 (q.
1863 2784 1883 2806 i..

1037 2827 1068 2855 5.)
1081 2828 1102 2849 in
1119 2832 1142 2848 re
1161 2825 1278 2853 principali
1297 2827 1425 2854 sequuntur
1437 2825 1458 2846 S.
1478 2824 1599 2846 Tliomam.
1617 2824 1685 2846 Henr.
1699 2823 1770 2845 Gand.
1791 2823 1884 2852 (Quodl.

1037 2866 1057 2888 2.
1077 2872 1097 2894 q.
1125 2865 1169 2892 Ἰ10.)
1189 2870 1232 2886 11011
1257 2864 1316 2886 clare
1337 2863 1444 2891 explicat,
1469 2869 1539 2891 quam
1561 2863 1693 2890 opinionem
1716 2862 1836 2890 praeterat.
1856 2875 1885 2878 —

1037 2905 1129 2932 Dionys.
1147 2903 1222 2925 Carth.
1242 2903 1287 2929 (hic
1305 2909 1326 2931 q.
1349 2902 1379 2930 5.)
1404 2901 1470 2924 dicit:
1498 2910 1507 2922 a
1522 2902 1579 2925 lnter
1602 2904 1634 2924 tot
1652 2902 1771 2930 opiniones
1793 2902 1884 2924 videtur

1038 2944 1119 2972 positio
1137 2943 1171 2964 illa
1187 2941 1319 2965 Aleoeanclri
1335 2940 1468 2970 philosophi
1479 2941 1634 2964 rationabilior
1646 2947 1707 2969 esse,
1723 2944 1834 2970 quantum
1855 2941 1885 2964 ad

1036 2981 1209 3012 philosophicae
1227 2981 1327 3003 veritatis
1344 2981 1442 3008 pertinet
1459 2981 1547 3007 torum;
1570 2982 1680 3008 quantum
1699 2986 1755 3002 vero
1777 2979 1806 3002 ad
1825 2978 1884 3002 thea-

1039 3020 1127 3050 laqicae
1153 3020 1252 3042 veritatis
1278 3022 1365 3047 spectat
1390 3019 1557 3046 sinceritatem,
1584 3019 1666 3047 positio
1690 3019 1724 3041 illa
1750 3017 1886 3042 Alemandrz'
