2243 3425
756 217 836 244 DlST.
860 216 936 244 XXX.
960 216 1081 244 Divisio
1103 216 1239 245 TEXTUS.
1817 213 1873 242 713

119 298 169 324 lioo
190 297 284 323 modo:
307 304 386 330 puer,
407 296 451 329 qui
476 296 563 322 statim
589 299 649 329 post
676 298 762 321 ortum
784 294 913 324 moritur,
942 294 965 320 in

119 341 162 367 illa
181 343 282 367 statura
303 343 435 372 resurget,
456 346 535 373 qnam
563 339 704 365 habiturus
730 342 799 369 erat,
823 339 844 364 si
866 338 967 364 viveret

118 391 203 418 usque
224 382 256 409 ad
278 386 391 409 aetatem
413 383 518 414 triginta
539 389 682 412 annorum,
703 381 775 407 nullo
797 381 859 406 vitio
874 388 967 414 corpo-

119 427 155 453 ris
181 426 333 460 impeditus.
361 425 436 452 Unde
461 432 524 458 ergo
550 424 591 450 illa
617 424 778 452 substantia.
804 432 874 458 qnae
900 424 967 449 adeo

119 476 202 503 parva
222 469 270 494 suit
290 472 408 498 mortua,
434 468 458 493 in
483 467 679 493 resurrectione
704 470 756 492 tam
779 473 872 498 magna
900 466 966 495 erit,

119 512 167 538 nisi
194 512 235 537 sui
262 511 286 536 in
311 518 339 537 se
364 510 605 544 multiplicatione?
632 509 706 536 Unde
736 512 866 543 apparet,
894 508 965 542 quod

119 555 197 581 etiam
224 554 245 580 si
275 554 387 585 viveret,
410 561 460 579 non
482 548 601 583 aliunde,
622 552 667 579 sed
690 553 715 578 in
736 560 764 579 se
785 555 967 584 augmentare-

119 601 162 623 tur
182 597 224 622 illa
245 597 409 626 substantia:
432 597 501 622 sieut
521 599 609 627 costa,
632 596 666 622 de
686 603 738 629 qua
760 595 827 621 sacta
849 598 888 620 cst
915 601 967 619 mu-

1026 293 1086 323 lier,
1107 297 1131 319 et
1151 294 1220 320 siout
1240 301 1323 327 panes
1343 293 1498 327 evangelici.
1519 293 1576 319 Non
1604 292 1748 319 infitiamur
1769 295 1856 318 tamen
1869 313 1875 323 ,

1026 337 1089 370 quin
1116 337 1168 362 cibi
1194 340 1219 363 et
1243 337 1369 363 humores
1394 337 1418 362 in
1443 344 1551 362 carnem
1570 341 1592 362 et
1611 335 1771 371 sanquinem
1794 339 1874 361 trans-

1026 382 1099 409 eant,
1118 379 1165 405 sed
1186 387 1237 406 non
1259 380 1284 405 in
1306 379 1442 405 ueritatem
1463 378 1597 406 firmianae
1619 383 1750 409 naturae,
1771 385 1840 412 quae
1861 385 1875 404 a

1027 422 1120 455 primis
1140 422 1279 448 descendit
1300 422 1470 456 parentibus,
1485 429 1554 457 quae
1567 422 1623 449 sola
1640 423 1664 448 in
1680 421 1875 448 resurrectione

1027 465 1093 492 crit:
1114 465 1216 499 reliqua
1240 472 1302 491 vero
1322 472 1399 498 caro,
1422 465 1446 491 in
1466 472 1547 499 quam
1567 465 1619 492 eibi
1643 468 1796 496 transeunt,
1823 467 1875 490 tan-

1026 515 1106 541 quam
1128 508 1263 541 superflua
1285 509 1309 534 in
1330 509 1527 535 resurrectione
1547 506 1732 543 deponetur»,
1753 515 1822 542 quae
1842 511 1877 533 ta-

1028 557 1086 576 men
1107 550 1229 576 ciborum
1251 551 1418 585 aliarumque
1441 558 1530 578 rerum
1551 552 1672 578 fomentis
1693 551 1827 577 coalescit.

410 732 850 780 COMMENTARIUS
885 732 945 779 IN
980 731 1419 779 DISTINCTIONEM
1454 732 1588 780 XXX.

651 860 758 893 Utrum
786 865 813 892 et
839 859 911 904 quid
940 859 977 891 sit
1005 864 1160 903 peccatum
1188 858 1342 902 originale.

700 990 733 1017 Iu
754 988 958 1026 superioribus
980 988 1166 1016 insinuarunt
1187 992 1228 1016 est
1249 993 1298 1017 etc.

860 1111 981 1139 DIVISIO
1002 1111 1139 1140 TEXTUS.

202 1237 268 1264 Pars
290 1236 356 1267 ista,
381 1236 405 1263 in
430 1243 485 1272 qua
508 1235 636 1272 Magister
652 1234 820 1263 determinat
836 1234 869 1262 de
886 1234 972 1261 homi-

124 1285 167 1313 nis
189 1284 284 1320 lapsu,
307 1283 393 1312 divisa
418 1282 489 1311 fuit¹
515 1283 540 1310 in
563 1286 619 1311 tres
642 1285 736 1319 partes
756 1281 911 1310 secundum
929 1282 974 1309 tri-

124 1332 224 1369 plicem
248 1331 433 1359 differentiam
456 1330 643 1367 corruptionis
665 1330 786 1367 peceati,
810 1329 834 1357 in
852 1337 973 1366 quarum

125 1388 181 1408 una
203 1386 321 1416 persona
344 1378 500 1415 corrumpit
521 1380 667 1410 naturam,
689 1377 715 1405 in
739 1376 826 1405 altera
849 1384 915 1404 vero
931 1384 974 1404 na-

125 1430 189 1456 tura
211 1433 376 1464 personam,
400 1425 425 1452 in
449 1424 530 1452 tertia
550 1431 616 1452 vero
631 1431 752 1461 persona
773 1423 929 1459 corrumpit
946 1430 974 1451 se

125 1474 223 1511 ipsam.
247 1473 276 1501 Et
299 1473 389 1509 prima
418 1472 531 1508 quidem
559 1471 684 1499 consistit
707 1471 733 1499 in
757 1474 869 1507 peccato
892 1470 973 1507 primi

125 1521 263 1558 parentis.
293 1519 417 1548 secunda
447 1519 472 1546 iu
496 1521 608 1555 peceato
637 1518 763 1555 originali
789 1521 815 1546 et
837 1518 916 1545 tertia
948 1517 973 1544 in

126 1571 238 1606 peceato
260 1566 371 1595 actuali.
394 1565 485 1594 Prima
507 1565 592 1602 igitur
614 1568 693 1602 parte
715 1564 909 1595 determinata,
932 1572 975 1600 ag-

126 1615 253 1653 greditur
276 1614 320 1642 liic
342 1613 470 1650 Magister
493 1616 599 1650 partem
623 1612 786 1641 secundam.

206 1661 345 1690 Dividitur
366 1664 459 1689 autem
482 1667 548 1696 pars
570 1660 622 1688 ista
637 1659 664 1687 in
686 1662 778 1696 partes
800 1662 929 1695 quatuor.
948 1658 973 1686 ln

127 1717 247 1747 quarum
268 1708 359 1746 prima
381 1707 563 1741 determinat,
586 1706 654 1744 quid
677 1707 711 1735 sit
733 1706 868 1743 originale
884 1714 976 1742 pecca-

127 1761 195 1785 tum.
219 1756 246 1784 [n
269 1755 393 1784 secunda
415 1762 497 1788 vero,
512 1754 632 1791 qualiter
649 1753 829 1785 traducatur,
852 1753 923 1781 infra
938 1752 976 1781 di-

128 1803 272 1832 stinctione
295 1802 437 1839 trigesima
464 1802 569 1838 prima:
601 1800 686 1829 Nune
712 1804 844 1838 superest
864 1800 977 1829 iirvesci-

125 1859 199 1888 yare
220 1854 270 1879 etc.
294 1849 321 1878 ln
345 1849 425 1878 tertia
448 1856 530 1881 vero,
551 1848 672 1886 qualiter
693 1848 836 1879 deleatur,
854 1848 922 1876 infra
939 1847 978 1876 di-

128 1897 272 1926 stinetione
288 1896 431 1933 trigesima
446 1896 580 1925 secunda:
596 1895 743 1931 Quoniam
757 1904 852 1932 snpra
866 1895 977 1923 (lictum

128 1948 185 1978 est,
206 1948 358 1981 peceatum
381 1942 526 1981 oriyz'nale
546 1951 604 1971 esse
625 1942 731 1971 'vitium
753 1946 804 1971 etc.
828 1942 854 1970 111
878 1945 978 1979 quarta

129 1999 196 2020 vero
218 1991 402 2021 determinat,
429 1994 525 2018 utrum
556 1993 699 2027 peceatum
731 1989 866 2026 originale
888 1989 979 2017 multi-

129 2039 248 2076 plicetur
269 2041 296 2066 et
320 2038 479 2066 intendatur
505 2045 554 2074 per
570 2040 683 2073 peecata
699 2037 895 2073 proximorum
909 2037 918 2049 ²
936 2045 979 2073 pa-

1031 1236 1158 1266 rentum,
1183 1233 1252 1261 infra
1275 1233 1450 1262 distinctione
1473 1234 1615 1270 trigesima
1639 1235 1735 1263 tertia:
1760 1235 1882 1265 Praedi-

1032 1280 1085 1308 ctis
1106 1280 1307 1308 ctclz‘icz'enclzmz
1328 1285 1368 1309 est
1390 1285 1439 1309 etc.

1114 1327 1203 1355 Prima
1232 1335 1314 1364 pars,
1343 1336 1414 1365 quae
1444 1329 1564 1357 eontinet
1590 1334 1764 1366 praesentem
1788 1331 1882 1360 distin-

1033 1375 1169 1408 ctionem,
1191 1375 1327 1403 dividitur
1348 1375 1374 1403 in
1390 1378 1483 1412 partes
1500 1380 1564 1405 tres.
1583 1377 1608 1405 111
1626 1378 1716 1414 prima
1732 1379 1808 1414 ponit
1824 1387 1883 1415 par-

1033 1426 1086 1450 tem
1111 1423 1319 1459 prooemialem.
1336 1423 1363 1450 111
1380 1423 1503 1452 secunda
1518 1424 1685 1452 determinat
1708 1426 1880 1462 propositum

1033 1470 1186 1506 principale
1197 1493 1203 1500 ,
1227 1470 1261 1498 ibi
1275 1480 1280 1497 z
1304 1470 1359 1498 Hic
1377 1471 1476 1507 primo
1493 1471 1649 1500 videndum
1665 1476 1706 1500 est
1720 1476 1770 1501 ete.
1788 1473 1814 1501 111
1831 1476 1883 1501 ter-

1035 1517 1070 1544 tia
1093 1517 1260 1545 determinat
1282 1517 1422 1554 quandam
1446 1518 1612 1547 incidentem
1629 1519 1831 1548 dubitationem
1848 1520 1882 1548 de

1033 1565 1149 1592 veritate
1166 1564 1305 1593 humanae
1320 1568 1452 1599 naturae,
1476 1565 1512 1593 ibi
1526 1575 1531 1592 ς
1551 1566 1598 1593 Ad
1613 1564 1665 1594 ltoe
1680 1570 1789 1601 atatem,
1805 1567 1883 1605 quod

1034 1611 1174 1643 (liminum,
1199 1611 1230 1639 in
1251 1611 1349 1640 Adam
1364 1610 1459 1648 fuisse
1473 1616 1524 1640 etc.
1541 1613 1632 1641 Prima
1647 1616 1673 1641 et
1690 1614 1788 1642 tertia³
1805 1618 1884 1651 parte

1034 1661 1195 1687 remanente
1218 1658 1351 1692 indivisa,
1375 1659 1466 1687 media
1488 1667 1553 1696 pars
1574 1660 1710 1689 dividitur
1733 1662 1839 1690 intres.
1857 1661 1884 1689 [u

1035 1706 1125 1742 prima
1148 1706 1278 1743 inquirit,
1300 1710 1397 1734 utrum
1420 1706 1554 1743 originale
1577 1711 1720 1743 peccatum
1737 1709 1783 1736 sit.
1804 1709 1830 1736 ln
1847 1716 1886 1737 se-

1034 1753 1126 1781 cunda
1140 1753 1165 1785 ⁴,
1188 1753 1253 1781 dato
1275 1753 1350 1790 quod
1373 1753 1423 1787 sit,
1446 1754 1579 1791 inquirit,
1602 1758 1698 1783 utrum
1721 1756 1756 1783 sit
1778 1763 1885 1792 poena,

1036 1800 1078 1828 rel
1101 1800 1200 1837 eulpa,
1223 1800 1278 1828 ibi:
1303 1801 1386 1836 Quod
1407 1800 1559 1838 dilzyeitter
1581 1801 1817 1838 incmstessqandzmz
1835 1807 1886 1837 est,

1035 1847 1107 1884 quid
1127 1847 1164 1875 sit
1186 1850 1237 1876 etc.
1262 1848 1288 1875 ln
1312 1849 1393 1876 tertia
1416 1848 1547 1885 inquirit,
1577 1852 1672 1877 utrum
1703 1850 1738 1877 sit
1759 1850 1887 1887 eoncupi-

1036 1895 1156 1925 scentia.
1179 1895 1222 1923 vel
1244 1895 1298 1923 alia
1320 1895 1418 1932 eulpa,
1441 1895 1494 1924 ibi:
1519 1895 1605 1923 Nune
1625 1901 1757 1932 superest
1780 1897 1886 1931 uidere,

1036 1942 1107 1980 qaid
1127 1943 1165 1970 sic
1189 1942 1261 1970 illud
1279 1946 1433 1979 peeectcmn
1450 1946 1501 1972 etc.
1518 1943 1621 1971 Harum
1644 1947 1738 1972 autem
1763 1945 1884 1981 partium

1037 1989 1243 2018 subdivisiones
1265 1990 1292 2018 in
1316 1990 1405 2019 littera
1430 1990 1529 2027 planae
1552 1995 1624 2019 sunt.

783 2159 968 2187 TRACTATIO
990 2159 1233 2195 QUAESTlONUM.

209 2283 245 2311 Ad
270 2283 479 2320 intelligentiam
501 2286 595 2311 autem
616 2282 701 2311 huius
718 2282 806 2319 partis
822 2282 977 2311 seeundum

131 2331 198 2365 tria,
221 2339 292 2368 quae
314 2331 482 2359 determinat
503 2330 631 2367 Magister
654 2330 680 2358 in
701 2329 809 2364 littera,
824 2330 920 2358 incidit
936 2330 979 2358 liic

132 2378 257 2415 quaestio
279 2377 352 2406 circa
374 2378 435 2405 tria.

211 2424 302 2452 Primo
325 2432 445 2460 namque
468 2424 612 2460 quaeritur
641 2424 674 2452 de
703 2423 847 2460 originalis
876 2423 979 2459 peceati

132 2471 252 2501 entitate.

211 2518 354 2552 Secundo,
377 2518 411 2547 de
433 2518 596 2555 quidditate.

212 2566 304 2594 Tertio
326 2569 353 2593 et
376 2565 483 2599 ultimo,
505 2565 539 2594 de
561 2565 677 2593 veritate
700 2564 840 2593 humanae
856 2567 981 2592 naturae.

213 2613 353 2649 Quantum
370 2612 404 2641 ad
420 2612 543 2649 primum
559 2611 709 2640 articulum
724 2614 901 2648 quaeruntur
916 2611 980 2639 duo.

200 2866 206 2880 ¹
225 2867 299 2895 Supra
318 2867 339 2889 d.
359 2868 400 2895 21,
420 2867 486 2889 divis.
504 2870 583 2889 textus.

199 2905 208 2919 ²
227 2906 274 2928 Vat.
294 2912 346 2928 cum
364 2906 416 2928 edd.
436 2906 462 2934 3,
481 2905 493 2927 t
510 2906 653 2935 primorum.

200 2943 210 2958 ³
226 2944 301 2966 Verba
321 2946 341 2966 et
360 2944 429 2967 terim
453 2944 535 2967 desunt
553 2945 574 2966 in
593 2944 698 2972 plurimis
716 2943 782 2966 codd.
802 2946 823 2965 et
840 2943 893 2965 edd.
916 2944 936 2970 1,
956 2944 984 2969 2,

138 2982 178 3004 sed
195 2984 323 3011 exiguntur.

200 3021 209 3035 ⁴
226 3021 298 3044 Codd.
317 3025 339 3044 et
355 3022 407 3044 edd.
430 3023 434 3043 1
448 3041 452 3050 ,
471 3023 483 3044 2
496 3023 531 3044 vel
545 3023 651 3044 omittunt
670 3022 696 3044 1η
713 3020 825 3048 secando,
846 3021 880 3042 vel
905 3019 985 3042 substi-

265 3072 289 3095 S.
308 3073 396 3096 Bomio.
413 3085 445 3089 —
462 3073 528 3095 Tom.
548 3073 569 3095 ll.

1118 2282 1208 2310 Primo
1231 2282 1391 2319 quaeritur,
1414 2287 1510 2310 utrum
1535 2283 1693 2320 corruptio,
1716 2291 1788 2319 quae
1803 2287 1845 2312 est
1861 2284 1885 2311 in

1038 2333 1137 2357 natura
1161 2329 1301 2362 humana,
1323 2329 1387 2358 insit
1408 2330 1432 2358 ei
1455 2337 1489 2358 ex
1514 2330 1604 2366 primo
1619 2334 1683 2358 ortu
1706 2338 1773 2359 suae
1795 2330 1887 2359 condi-

1039 2375 1135 2408 tionis,
1158 2375 1201 2404 vel
1223 2383 1259 2404 ex
1282 2376 1381 2404 merito
1402 2377 1510 2413 primae
1533 2378 1767 2413 transgressionis.

1118 2422 1260 2454 Secundo,
1276 2422 1341 2451 dato
1356 2423 1431 2459 quod
1448 2423 1547 2452 merito
1563 2424 1792 2460 transgressionis
1803 2425 1828 2458 ⁵,
1847 2427 1888 2453 est

1038 2469 1180 2506 quaestio,
1204 2473 1299 2498 utrum
1322 2473 1436 2506 propter
1456 2473 1600 2507 peceatum
1617 2471 1689 2499 Adae
1706 2471 1828 2499 humana
1844 2479 1889 2500 na-

1040 2520 1103 2544 tura
1125 2516 1160 2544 sit
1181 2520 1313 2553 corrupta
1342 2517 1495 2553 poenaliter
1518 2520 1642 2550 tantum,
1664 2526 1697 2545 an
1721 2519 1804 2546 etiam
1826 2526 1888 2556 poe-

1040 2562 1138 2591 naliter
1161 2566 1187 2591 et
1209 2562 1394 2599 culpabiliter.

1044 2868 1108 2887 11111111
1127 2865 1161 2891 et;
1180 2864 1230 2886 cod.
1249 2864 1264 2885 F
1279 2867 1330 2892 post
1342 2863 1441 2893 inquirit
1452 2865 1565 2887 interserit
1577 2864 1687 2888 secundo.
1701 2865 1722 2887 ln
1736 2866 1785 2888 Vnt,
1798 2869 1820 2888 et
1837 2865 1890 2888 edd.

1044 2904 1064 2930 3,
1083 2903 1095 2925 s,
1114 2904 1197 2931 legitur
1209 2903 1252 2925 sic:
1271 2903 1293 2924 ln
1311 2903 1384 2931 prima
1403 2903 1508 2932 inquirit,
1527 2906 1603 2926 utrum
1623 2907 1743 2931 peccatum
1762 2905 1891 2932 primorum

1043 2946 1164 2970 parentum
1177 2943 1205 2964 sit
1217 2943 1337 2970 originale,
1356 2943 1391 2964 vel
1409 2942 1504 2964 actuale.
1523 2943 1544 2964 ln
1563 2943 1671 2971 secunda⁷
1689 2945 1810 2971 supposito
1828 2943 1891 2973 quod

1043 2983 1071 3004 sit
1089 2981 1212 3009 originale,
1233 2981 1326 3009 inquirit
1342 2984 1383 3003 etc.

1106 3021 1116 3035 ⁵
1133 3020 1188 3043 Cod.
1207 3021 1223 3042 N
1243 3021 1278 3042 nie
1295 3021 1376 3043 iterum
1393 3020 1486 3050 primae
1504 3021 1706 3051 transglressioms.

1732 3074 1744 3095 <J
1749 3074 1761 3094 0
