2243 3425
7 760 35 779 Ad
47 760 120 784 opposi-

18 786 62 803 tum.

5 2453 126 2473 'nodamenta

769 166 850 194 DIST.
874 166 914 194 IV.
938 166 1010 194 ΛΒΤ.
1034 166 1050 194 l.
1073 167 1208 203 QUAEST.
1232 167 1249 194 l.

1835 167 1884 196 '131

869 268 1104 301 ARTICULUS
1131 269 1153 302 l.

557 359 663 395 Quales
685 359 780 387 creati
799 363 868 387 sitm
892 358 996 395 Anyeli
1016 358 1115 396 quoad
1133 358 1262 395 ylorz'am
1284 363 1310 387 et
1328 359 1471 396 qratiam.

909 444 1072 481 QUAESTIO
1094 444 1111 472 Ι.

573 520 677 548 Utrum
700 519 805 557 Aityeli
825 519 919 548 creati
938 519 997 547 sint
1019 519 1050 547 z'n
1071 518 1248 548 beatitudine
1268 520 1328 548 sive
1347 520 1454 558 gloria.

214 608 364 644 Quaeritur
385 615 451 644 ergo
473 607 577 643 primo,
593 610 689 635 utrum
706 606 798 643 Angeli
821 605 905 634 creati
929 607 984 635 sint

134 655 161 683 in
192 654 363 683 beatitudine
396 654 453 682 sive
486 653 582 690 gloria.
616 653 646 681 Et
674 653 749 690 quod
780 653 833 685 sie.
860 653 981 681 videtur.

219 703 239 730 l.
264 701 412 730 Ezechielis
438 701 572 737 vigesimo
593 700 723 729 octavo¹z
758 700 800 728 Tu
812 699 917 737 plenus
937 709 983 728 sa-

131 749 244 787 pientia
265 752 290 777 et
301 746 450 785 perfectus
471 747 572 775 decore
587 747 617 775 inv
632 747 744 775 deliciis*
763 747 904 784 paradisi
923 745 983 784 fiti-

133 796 189 829 sti,·
210 795 258 824 sed
280 803 340 824 esse
357 796 383 823 in
406 794 512 823 deliciis
529 794 650 831 paradisi
673 797 700 823 et
722 801 782 823 esse
804 793 918 831 plenum
942 802 982 822 sa-

132 843 235 881 pientia
260 846 302 871 est
323 842 383 879 ipsa
403 842 566 876 beatitudo,
588 850 672 879 quain
696 841 817 870 dicimus
838 845 980 870 aeternam

132 890 263 927 gloriam:
287 897 353 926 ergo
375 892 426 918 etc.

212 938 237 965 Ξ.
265 937 344 971 Item,
376 937 547 973 Augustinus
576 936 603 964 in
636 936 708 964 libro
740 936 775 965 de
809 935 981 965 Mirabilibus

133 992 229 1014 sacrae
250 984 444 1021 Scripturaeff:
472 983 617 1020 «Angelus
639 983 665 1012 in
689 991 800 1012 summo
815 983 858 1012 sui
874 983 980 1012 ordinis

135 1031 241 1060 honore
256 1031 423 1060 constitutus
440 1031 534 1068 lapsus
548 1034 610 1059 est»
623 1046 662 1050 ——
677 1030 801 1067 quuitur
823 1030 858 1059 de
880 1030 981 1067 Angelo

132 1082 195 1107 ante
218 1078 327 1115 lapsum
351 1094 388 1098 —
403 1078 451 1107 sed
474 1086 603 1106 summus
626 1078 714 1106 bonor
736 1077 842 1105 ordinis
863 1077 980 1114 angelici

133 1129 174 1155 est
195 1125 339 1154 beatitudo
361 1128 388 1153 et
409 1125 512 1161 gloria:
535 1133 602 1161 ergo
623 1128 674 1153 etc.

212 1172 237 1200 3.
261 1172 343 1207 Item,
365 1172 536 1209 Augustinus
557 1172 591 1200 de
608 1172 671 1200 Fide
686 1172 721 1200 ad
737 1171 884 1200 Petrum3:
912 1172 982 1199 «An-

132 1219 211 1256 gelici
235 1219 365 1256 spiritus,
388 1227 439 1256 pro
461 1227 493 1247 eo
525 1219 599 1256 qnod
633 1218 783 1247 rationales
814 1218 876 1247 faeti
900 1222 981 1252 sunt,

132 1267 303 1296 aeternitatis
334 1270 361 1295 et
392 1266 573 1295 beatitudinis
605 1267 710 1295 donum
733 1266 760 1294 in
783 1267 843 1303 ipsa
865 1270 982 1295 naturae

133 1322 199 1343 suae
222 1314 375 1351 spiritualis
397 1314 537 1342 creatione
559 1313 694 1342 divinitus
716 1317 921 1350 acceperunt».

210 1362 237 1389 li.
260 1361 342 1395 Item,
366 1361 438 1389 idem
472 1361 506 1389 de
534 1360 731 1389 Ecclesiasticis
763 1360 980 1397 Dogmatibus⁴z

137 1408 271 1445 «Angeli,
293 1409 341 1445 qui
363 1408 389 1436 in
412 1408 459 1436 illa
481 1416 537 1445 qua
552 1408 636 1436 creati
653 1411 718 1436 sunt
733 1407 903 1436 beatitudine
923 1416 983 1444 per-

132 1459 276 1490 severant,
298 1463 351 1483 non
374 1458 476 1483 natura
498 1455 651 1492 possident,
674 1458 705 1483 ut
726 1463 780 1482 non
797 1458 942 1483 mutentur
955 1465 980 1482 »ς

132 1511 198 1540 ergo
220 1504 241 1531 si
275 1503 358 1531 modo
390 1503 494 1531 babent
522 1511 617 1531 veram
652 1502 867 1536 beatitudinem,
890 1506 981 1539 patet,

132 1551 205 1588 quod
230 1551 256 1579 in
279 1550 451 1579 beatitudine
472 1550 556 1578 creati
581 1553 653 1578 sunt.

212 1599 237 1625 ὃ.
260 1597 339 1629 Item.
362 1597 477 1625 ratione
508 1597 634 1625 videtur:
658 1597 721 1634 quia
753 1596 872 1633 Angelus
893 1604 909 1624 a
931 1604 982 1624 sua

132 1645 271 1674 creatione
294 1644 392 1673 babuit
421 1644 593 1672 habilitatem
626 1644 661 1672 ad
694 1644 867 1680 diligendum
891 1643 980 1672 Deum

131 1695 246 1729 propter
267 1699 296 1720 se
318 1695 345 1720 et
366 1699 452 1728 super
474 1691 595 1724 omnia⁵‚
611 1699 678 1727 ergo
695 1690 792 1719 babuit
808 1690 981 1719 habilitatem

131 1739 166 1767 ad
189 1739 339 1768 fruendum
363 1738 435 1772 Deo3
458 1738 505 1767 sed
529 1739 587 1775 ipse
609 1746 663 1766 non
686 1738 785 1766 babuit
806 1738 919 1775 aliquod
942 1746 983 1766 re-

132 1786 301 1814 tardativum
325 1794 360 1814 ex
383 1789 461 1822 parte
482 1785 611 1817 allectus,
634 1793 682 1814 nec
699 1785 928 1813 obumbrativum
945 1793 981 1814 ex

131 1837 210 1870 parte
233 1833 404 1862 intellectus:
428 1840 494 1869 ergo
522 1833 644 1861 totaliter
673 1832 816 1861 ferebatur
838 1833 864 1860 in
889 1832 979 1868 ipsum

131 1880 219 1909 Deum
242 1888 338 1909 amore
359 1880 510 1908 fruitionis:
544 1888 611 1916 ergo
643 1887 707 1908 cum
742 1879 802 1908 talis
835 1882 923 1907 status
955 1882 982 1907 et

132 1932 210 1956 aetus
233 1928 267 1956 sit
289 1927 432 1955 beatitudo
454 1931 481 1955 et
503 1927 605 1963 gloria,
628 1930 704 1963 patet
724 1930 776 1955 etc.

211 1976 236 2003 6.
259 1974 341 2005 Item,
364 1974 438 2002 Deus
460 1974 523 2002 fecit
539 1974 658 2002 liberum
674 1973 822 2001 arbitrium
840 1973 979 2001 vertibile:

131 2030 198 2059 ergo
220 2030 282 2050 cum
316 2022 402 2058 possit
435 2021 539 2049 babere
571 2024 701 2049 creatura
723 2020 866 2049 rationalis
889 2021 981 2057 ipsum

132 2069 304 2103 invertibile,
334 2072 364 2097 ut
395 2072 470 2106 patet
500 2068 582 2096 modo
617 2068 643 2096 in
667 2068 769 2096 sanctis
792 2068 913 2105 Angelis,
935 2068 982 2096 ali-

131 2116 234 2153 quibus
257 2116 354 2145 debuit
375 2116 426 2145 hoe
448 2116 531 2144 niodo
553 2116 659 2149 sacere3
682 2115 730 2144 sed
753 2122 807 2143 non
830 2119 872 2143 est
894 2115 982 2143 iuver-

132 2163 246 2192 tibilitas
268 2163 347 2192 liberi
374 2163 482 2191 arbitrii
513 2163 538 2191 in
572 2162 677 2191 Beato⁶
700 2162 751 2190 nisi
775 2170 825 2199 per
847 2162 979 2199 gloriam:

132 2218 199 2247 ergo
221 2214 271 2239 etc.
304 2211 356 2239 Ant
383 2210 411 2239 si
441 2210 539 2244 (licus,
571 2210 646 2247 quod
681 2217 732 2237 non
756 2209 853 2238 debuit
874 2210 981 2244 lacereg

133 2259 184 2287 boc
217 2266 269 2287 non
302 2258 429 2292 videtur,
462 2258 527 2294 quia
559 2257 656 2286 debuit
688 2257 778 2286 facere
811 2265 855 2285 res
877 2257 981 2293 optimo

133 2305 231 2340 mod03
263 2305 311 2334 sed
342 2306 392 2334 iste
423 2309 465 2333 est
496 2305 619 2342 optimus
642 2308 731 2333 status
762 2304 849 2341 ipsius
871 2304 979 2341 Angeli:

132 2360 198 2389 ergo
219 2353 342 2390 aliquem
364 2353 390 2380 in
414 2352 466 2381 boc
488 2355 562 2380 statu
585 2352 681 2380 debuit
703 2351 802 2380 facere.

212 2399 342 2428 CONTuaz
371 2400 391 2427 l.
416 2399 523 2427 Ioannis
544 2399 676 2426 octavo⁷t
709 2398 784 2426 «Ille
806 2398 837 2426 in
863 2398 982 2426 ueritate

133 2455 192 2475 non
212 2446 288 2475 stetit
299 2457 311 2471 υ
319 2457 328 2479 ;
349 2446 398 2474 sed
419 2446 562 2474 beatitudo
584 2449 626 2474 est
652 2449 775 2473 «status
796 2445 920 2473 omnium
938 2445 982 2472 bo-

133 2502 232 2522 norum
256 2493 468 2529 congregatione
490 2492 667 2529 perfeetusn:
691 2499 757 2528 ergo
776 2495 817 2520 est
837 2495 933 2519 status
955 2491 981 2519 in

134 2541 263 2569 veritate:
297 2548 363 2577 ergo
395 2540 493 2569 lucifer
525 2548 579 2568 non
612 2539 664 2568 fuit
685 2540 773 2568 factus
795 2539 902 2567 beatus.
929 2538 981 2566 Sed

200 2673 206 2688 1
225 2674 291 2696 Vers.
312 2674 345 2696 12.

199 2713 208 2727 ἵ
226 2712 285 2735 Lihr.
305 2713 318 2734 I.
337 2719 355 2735 c.
374 2713 400 2741 2⁷
414 2712 452 2734 ubi
471 2715 545 2734 textus
562 2712 678 2739 originalis
696 2710 774 2733 verbis
787 2711 930 2738 transpositis
948 2711 983 2732 bn⁴

136 2752 174 2774 bet
192 2751 214 2773 ῖη
233 2757 327 2774 simmae
345 2750 443 2774 lionoris
460 2751 499 2773 sui
515 2750 604 2773 ordine.

199 2789 209 2804 3
225 2789 280 2818 Cap.
299 2790 320 2811 3.
339 2796 360 2811 n.
378 2790 420 2817 3⁶2,
438 2790 459 2811 in
478 2796 524 2818 qno
546 2792 605 2811 textu
632 2788 699 2810 codd.
726 2793 778 2810 cum
804 2787 878 2810 tribus
903 2788 984 2815 primis

136 2829 189 2852 edd.
207 2834 330 2857 perperam
347 2827 469 2857 spirituali
486 2834 528 2855 pro
545 2825 683 2856 spiritualis.

199 2867 207 2882 ⁴
225 2867 280 2896 Cap.
300 2868 340 2895 29,
359 2866 397 2889 ubi
416 2867 437 2888 in
456 2869 516 2888 textu
534 2866 637 2894 originali
657 2866 733 2887 ultima
748 2866 871 2887 sententiae
884 2871 937 2892 pars
955 2866 983 2886 ita

136 2907 270 2930 exhibetur:
298 2913 342 2929 non
368 2910 447 2929 natura
466 2905 584 2934 possident
601 2904 703 2933 bonum,
728 2908 751 2927 ut
770 2910 813 2926 non
831 2905 984 2927 mutarentur

136 2952 189 2970 cum
202 2946 290 2970 celeris.

198 2985 207 3000 ⁵
225 2985 269 3008 Csr.
288 2991 357 3013 supra
376 2985 396 3007 d.
416 2985 436 3007 3.
455 2991 477 3012 p.
497 2984 519 3006 ll.
538 2990 557 3006 a.
576 2984 595 3005 3.
615 2990 636 3012 q.
659 2984 675 3005 1.

1041 607 1114 635 inter
1129 614 1226 635 omnes
1240 607 1381 644 perfectus
1393 611 1420 636 et
1431 607 1531 636 nobilis
1546 611 1588 636 est
1600 608 1742 636 conditus:
1759 615 1826 645 ergo
1837 612 1888 637 etc.

1119 654 1144 681 2.
1167 653 1249 687 Item,
1271 653 1417 687 obiicitur,
1439 654 1513 691 quod
1537 654 1745 691 perseverantia
1771 655 1829 684 sive
1851 663 1890 684 se—

1040 700 1145 729 curitas
1166 704 1207 729 est
1229 700 1263 729 de
1278 700 1397 729 essentia
1412 701 1471 729 sive
1486 701 1641 730 substantia
1657 701 1836 731 beatitudinis
1850 719 1890 722 —

1039 746 1139 775 beatus
1160 747 1234 775 enim
1257 755 1311 775 non
1343 751 1385 776 est
1416 748 1464 784 qui
1496 751 1586 784 potest
1617 748 1745 777 amittere
1767 749 1888 784 bonum,

1039 794 1114 830 quod
1138 794 1220 822 babet
1233 794 1242 807 ⁸
1264 811 1303 814 —
1322 794 1370 823 sed
1393 794 1486 831 Angeli
1503 797 1656 832 potuerunt
1670 796 1807 831 amittere,
1823 796 1889 833 quia

1039 841 1208 869 amiserunt:
1232 849 1298 878 ergo
1320 845 1371 870 etc.

1119 887 1145 916 3.
1168 888 1252 922 Item,
1284 888 1381 917 nullus
1414 888 1546 917 laudatur
1576 888 1619 917 vel
1652 889 1829 926 vituperatur
1862 890 1888 918 in

1039 934 1083 963 bis
1104 943 1177 972 quae
1198 935 1283 964 habet
1303 944 1317 963 a
1341 939 1442 964 natura
1464 935 1507 964 vel
1535 936 1725 971 conditione⁹3
1747 937 1795 965 sed
1818 937 1890 966 sicut

1039 982 1209 1011 damnationi
1233 982 1380 1011 essentiale
1401 986 1443 1011 est
1457 983 1642 1020 vituperium,
1665 984 1702 1011 ita
1724 983 1889 1012 beatitudini

1039 1030 1194 1058 essentialis
1216 1033 1258 1059 est
1280 1030 1355 1059 laus:
1379 1038 1446 1067 ergo
1468 1030 1639 1067 impossibile
1671 1034 1724 1065 est,
1746 1031 1821 1068 quod
1843 1031 1890 1059 ali-

1040 1077 1102 1114 quis
1124 1077 1222 1106 beatus
1244 1077 1279 1106 sit
1300 1086 1320 1106 a
1341 1077 1514 1112 conditione,
1537 1078 1622 1106 immo
1644 1081 1685 1107 est
1705 1078 1890 1116 repugnantia

1040 1124 1066 1152 in
1089 1124 1204 1152 adiecto.

1118 1171 1145 1200 [ι.
1169 1171 1252 1205 Item,
1274 1174 1323 1200 aut
1344 1180 1442 1200 omnes
1463 1172 1527 1200 feeit
1548 1172 1623 1201 Deus
1645 1172 1753 1207 beatos,
1775 1176 1824 1201 aut
1838 1173 1890 1201 ali-

1039 1227 1119 1256 quos.
1141 1218 1197 1246 Non
1221 1227 1339 1253 omnem
1361 1222 1482 1251 constat,
1505 1219 1570 1256 quia
1585 1219 1682 1256 plures
1703 1228 1739 1248 ex
1762 1220 1801 1249 eis
1823 1220 1890 1249 ceci-

1040 1265 1151 1293 derunt.
1178 1265 1235 1294 Non
1267 1266 1400 1304 aliquos,
1432 1270 1463 1294 ut
1495 1266 1623 1297 videtur,
1655 1267 1722 1304 quia
1754 1271 1819 1296 tunc
1849 1267 1889 1295 illi

1040 1312 1243 1349 praecellerent
1258 1313 1328 1341 alios
1342 1313 1422 1350 quasi
1439 1313 1673 1350 praeexcellentia
1698 1314 1890 1351 improportio-

1040 1359 1110 1387 nali:
1134 1367 1200 1396 ergo
1222 1360 1320 1388 lucifer
1343 1368 1396 1388 non
1429 1360 1527 1389 fuisset
1554 1368 1642 1389 ausus
1664 1369 1692 1389 se
1714 1362 1754 1390 eis
1775 1369 1890 1398 praepo-

1039 1414 1114 1435 nere.
1137 1407 1216 1443 Quod
1239 1407 1260 1435 si
1283 1415 1370 1436 ausus
1391 1411 1445 1442 est,
1468 1407 1588 1442 videtur,
1603 1408 1678 1445 quod
1694 1408 1762 1436 nulli
1786 1408 1888 1436 conditi

1040 1457 1105 1481 sunt
1127 1454 1208 1482 beati.
1232 1454 1266 1482 Si
1287 1458 1318 1482 itt
1345 1454 1445 1487 dicas,
1477 1455 1552 1491 quod
1585 1455 1719 1484 maiorem
1742 1456 1888 1484 audaciam

1040 1501 1221 1536 praesumsit,
1243 1501 1348 1530 scilicet
1369 1502 1546 1538 aequiparari
1580 1502 1651 1536 Deo,
1674 1506 1778 1539 quanto
1801 1503 1889 1539 magis

1040 1555 1169 1584 praeesse
1202 1548 1305 1582 Beatisg
1338 1549 1433 1577 adbuc
1456 1557 1509 1576 non
1543 1549 1633 1577 solvit.
1657 1550 1681 1577 si
1715 1550 1788 1578 enim
1816 1550 1890 1578 Deus

1040 1594 1135 1622 beatos
1157 1595 1280 1623 condidit
1302 1595 1419 1632 Angelos
1435 1595 1471 1624 ab
1488 1596 1553 1632 ipsit
1569 1596 1742 1630 conditione,
1758 1597 1809 1625 hoc
1826 1597 1890 1629 fuit,

1040 1642 1104 1679 quia
1127 1646 1244 1671 naturae
1269 1650 1367 1671 eorum
1395 1643 1579 1675 consonabat,
1601 1647 1632 1671 ut
1658 1644 1711 1672 sub
1734 1644 1780 1671 tali
1803 1644 1890 1681 perfe-

1040 1690 1129 1718 ctione
1151 1693 1178 1718 et
1199 1693 1255 1718 tam
1278 1690 1361 1718 nobili
1386 1690 1498 1718 fierent:
1522 1690 1543 1718 si
1574 1698 1641 1727 ergo
1665 1690 1777 1725 lucifer,
1800 1694 1831 1719 ut
1853 1691 1891 1719 di-

1040 1739 1106 1765 cunt
1121 1737 1225 1767 Sancti,
1240 1740 1267 1765 et
1284 1737 1413 1773 Magister
1428 1737 1495 1765 dicit
1511 1737 1537 1765 in
1554 1737 1736 1774 sequentibus
1751 1738 1785 1770 ¹⁰,
1801 1738 1891 1775 splen-

1040 1784 1185 1812 didissima
1218 1784 1315 1812 babuit
1348 1784 1502 1815 naturalia,
1534 1785 1622 1821 magis
1655 1785 1752 1813 debuit
1781 1789 1806 1814 et
1829 1793 1890 1814 eon-

1040 1839 1142 1867 gruum
1166 1831 1232 1864 fuit,
1255 1831 1343 1868 ipsius
1371 1835 1500 1859 naturam
1533 1832 1621 1868 gloria
1654 1832 1787 1868 insigniri.
1810 1833 1887 1869 Quod

1040 1878 1060 1906 si
1085 1878 1159 1914 ipse,
1182 1883 1212 1906 ut
1234 1882 1325 1915 patet7
1349 1878 1446 1907 beatus
1468 1879 1557 1907 faetus
1580 1887 1632 1906 non
1656 1883 1712 1913 est,
1742 1883 1815 1916 patet
1838 1883 1889 1908 etc.

1356 1965 1568 1986 CONCLFSlO.

1040 2035 1146 2073 iluyeli
1166 2044 1224 2063 non
1254 2034 1380 2072 fuerunt
1408 2036 1503 2064 creati
1529 2036 1559 2063 iii
1591 2040 1672 2064 stant
1701 2036 1888 2064 beatitudinis

1116 2092 1168 2120 pei·
1191 2083 1329 2111 visionem
1354 2084 1406 2111 Dei
1422 2082 1586 2120 perseeltte,
1611 2088 1707 2112 tumen
1727 2084 1790 2112 sine
1810 2083 1888 2112 malo

1118 2130 1221 2167 culpae
1242 2134 1268 2158 et
1285 2139 1404 2167 poenae.

1119 2210 1293 2237 Rsssponnao:
1317 2208 1485 2243 DICendum,
1507 2209 1597 2246 quod.
1621 2208 1692 2237 sieut
1713 2212 1887 2246 praetactum

1039 2260 1080 2284 est
1102 2264 1186 2293 supra
1202 2256 1235 2290 ¹¹,
1265 2256 1443 2293 quorundam
1466 2256 1558 2292 opinio
1590 2256 1659 2287 suit,
1682 2255 1756 2292 quod
1779 2255 1888 2291 Angeli,

1039 2312 1105 2341 quia
1126 2307 1192 2331 sunt
1223 2303 1383 2340 spirituales
1414 2306 1441 2331 et
1472 2303 1611 2331 actuales.
1634 2303 1659 2330 in
1688 2303 1799 2331 instanti
1821 2310 1888 2331 suae

1039 2350 1187 2379 creationis
1209 2350 1323 2378 fuerunt
1338 2350 1365 2378 in
1381 2353 1444 2378 actu
1460 2350 1649 2378 conversionis
1672 2353 1699 2378 et
1720 2350 1888 2383 aversionis3

1039 2401 1066 2426 et
1087 2398 1159 2425 sicut
1181 2398 1207 2425 in
1231 2397 1318 2434 prima
1342 2397 1487 2425 aversione
1516 2400 1580 2424 sunt
1612 2396 1733 2424 damnati
1766 2400 1888 2425 aeterna—

1041 2444 1102 2472 liter
1125 2444 1162 2472 illi
1185 2444 1233 2480 qui
1255 2444 1345 2472 aversi
1373 2447 1454 2477 sunt,
1487 2444 1523 2471 ita
1545 2443 1570 2471 in
1594 2443 1681 2479 prima
1707 2443 1887 2472 conversione

1040 2491 1077 2519 illi
1102 2491 1247 2527 glorificati
1280 2495 1346 2519 sunt
1375 2490 1554 2519 aeternaliter
1586 2490 1633 2527 qui
1657 2490 1783 2518 conversi
1807 2494 1887 2524 sunt;

1039 2541 1066 2566 et
1088 2538 1125 2565 ita
1146 2538 1243 2566 dicunt
1265 2537 1436 2566 intellexisse
1459 2537 1654 2574 Augustinum,
1676 2540 1703 2565 et
1724 2537 1810 2566 fuisse
1827 2537 1888 2566 eius

1104 2670 1113 2684 ὓ
1131 2671 1209 2692 Plures
1227 2670 1292 2692 codd
1313 2672 1406 2697 propter
1424 2669 1621 2691 abbreviationem
1640 2674 1693 2691 sunt
1710 2669 1794 2691 dubiae
1815 2669 1889 2692 lectio-

1042 2710 1090 2737 nis;
1109 2712 1183 2737 potest
1200 2709 1260 2730 enim
1280 2709 1322 2736 legi
1341 2709 1376 2730 vel
1395 2708 1419 2730 in
1437 2708 1507 2730 Beato
1525 2709 1561 2729 vel
1580 2707 1603 2730 in
1622 2707 1688 2731 bono.

1103 2748 1112 2762 ⁷
1131 2749 1195 2770 Vers.
1216 2747 1251 2769 44.
1268 2760 1300 2764 —
1317 2747 1464 2769 Beatitudinis
1482 2747 1594 2775 definitio,
1618 2754 1676 2776 quae
1702 2753 1755 2769 mox
1781 2748 1887 2775 affertur,

1041 2792 1074 2810 est
1092 2789 1112 2809 in
1132 2788 1222 2815 Booui„
1241 2787 1271 2809 Ill.
1290 2787 1319 2809 de
1336 2786 1425 2809 Consol.
1444 2793 1510 2814 prosa
1530 2787 1551 2808 2.

1103 2826 1113 2840 3
1130 2826 1174 2848 Csr.
1192 2827 1301 2854 August,
1320 2825 1348 2848 dc
1366 2826 1431 2847 Beata
1452 2826 1514 2853 Vita,
1533 2832 1553 2847 n.
1578 2826 1597 2847 ΙΙ
1613 2833 1617 2853 ;
1636 2826 1673 2847 XI.
1692 2826 1720 2848 de
1737 2827 1792 2848 Gen.
1811 2826 1839 2848 ad
1857 2826 1887 2848 lit.

1041 2873 1060 2888 c.
1082 2865 1115 2887 17.
1135 2872 1155 2887 n.
1175 2866 1210 2887 :7:2.
1464 2864 1473 2879 ⁹
1492 2865 1549 2887 Vide
1567 2871 1635 2892 supr-‘i
1654 2871 1707 2892 pag.
1730 2865 1777 2892 113,
1796 2868 1847 2887 noto
1866 2865 1887 2886 8.

1105 2904 1123 2918 1⁰
1140 2905 1194 2927 Uist,
1213 2905 1248 2926 Vl.
1275 2911 1293 2927 c.
1322 2905 1338 2926 l⁴
1364 2917 1396 2920 —
1414 2905 1482 2926 Paulo
1508 2905 1614 2932 supr-rius
1639 2905 1717 2932 plures
1741 2904 1808 2926 codd.
1834 2910 1887 2926 cum

1041 2944 1093 2966 cdd.
1117 2945 1138 2967 l.
1158 2944 1183 2971 2,
1203 2944 1215 2965 3
1233 2943 1289 2973 quia
1306 2944 1394 2966 natura
1413 2949 1494 2966 eornm
1514 2950 1555 2971 pro
1573 2943 1627 2973 quio
1646 2945 1748 2966 naturae
1765 2949 1854 2966 eorum.

1105 2982 1121 2996 ¹¹
1142 2983 1194 3004 Uist.
1213 2982 1233 3004 3.
1252 2989 1274 3010 p.
1292 2982 1315 3004 II.
1334 2989 1352 3004 a.
1376 2983 1392 3004 l.
1411 2989 1432 3011 q.
1452 2983 1472 3004 2.

1901 2263 1970 2286 Opinio
1986 2269 2031 2287 quo-

1914 2287 1999 2305 rundami
