2243 3425
2 1773 47 1800 estio
61 1774 88 1792 di-

0 1799 78 1821 uguitur.

0 2390 35 2404 irus
47 2391 88 2404 sen-

0 2414 18 2435 115
33 2414 88 2436 quae-

0 2434 57 2451 tionis.

622 183 704 211 DlST.
727 182 805 211 XXV.
826 182 853 211 P.
876 182 894 210 1.
915 182 988 210 ART.
1011 182 1127 211 UNICUS
1149 182 1284 219 QUAEST.
1307 182 1347 211 lV.
1806 183 1857 211 601

105 260 226 290 efficitur
247 260 353 289 facilis:
376 268 443 298 ergo
466 269 529 290 cum
552 269 634 290 omne
656 261 726 289 illud
758 261 833 298 quod
862 261 956 290 reddit

104 308 255 345 potentiam
278 308 387 337 facilem
410 309 445 337 ad
467 317 554 345 opus,
576 308 676 337 reddat
697 316 759 337 eam
781 308 913 341 habilem,
928 312 956 337 et

104 355 158 384 tale
180 355 215 384 sit
237 354 376 388 liabitas:
397 355 510 384 videtur
531 359 582 384 etc.

184 402 210 431 3.
231 403 315 437 Item,
337 403 497 432 Bernardus
513 403 547 431 de
563 402 660 431 Libero
676 402 796 431 Arbitrio
809 402 830 430 ¹:
852 413 865 429 «
881 401 955 431 Libe-

103 458 168 479 rum
190 450 338 478 arbitrium
362 453 403 478 est
425 449 538 478 habitus
558 449 644 477 animi
666 449 737 477 liber
759 449 801 478 sui
817 459 830 474 »
844 460 851 483 3
866 449 915 477 sed
931 449 954 477 si

104 497 173 526 haec
194 497 318 526 definitio
350 500 424 525 recte
446 499 488 524 est
508 496 663 532 assignata,
686 495 810 529 videtur,
832 495 907 532 quod
926 495 955 524 li-

103 544 203 573 berum
226 543 375 572 arbitrium
402 542 586 572 essentialiter
608 543 643 571 sit
664 541 803 576 hctbitas‚·
824 542 873 571 sed
899 550 953 571 non

102 591 154 620 nisi
178 591 292 619 rationis
313 593 340 619 et
360 590 530 618 voluntatis:
553 597 619 626 ergo
641 592 691 618 etc.

182 638 208 665 li.
230 637 314 671 Item,
336 636 456 665 liberum
478 636 627 665 arbitrium
649 644 704 664 non
720 639 762 665 est
775 635 867 670 aliud,
882 636 954 665 sicut

103 685 231 721 Magister
260 684 327 713 dicit
355 684 382 712 in
415 683 506 712 littera
521 683 546 717 ²,
567 687 594 712 et
615 683 773 720 philosophi
796 682 953 717 definiunt,

103 740 186 770 quam
209 731 329 760 liberum
363 731 518 765 iudicium3
540 731 589 760 sed
611 730 746 759 iudicium
769 738 824 759 non
846 733 888 759 est
909 739 954 767 po-

103 779 203 813 tentia,
225 778 273 807 sed
296 781 375 807 actus
396 777 440 806 vel
462 777 592 806 habitus:
616 785 682 814 ergo
703 780 754 806 etc.

183 827 207 854 52
230 825 313 860 Item,
331 825 469 862 potentiae
484 833 539 854 non
561 827 602 854 est
623 825 746 862 potentia
755 824 774 860 ³,
796 832 846 854 nec
860 828 954 862 poten-

102 873 140 901 tia
154 873 258 902 dicitur
273 880 334 901 esse
349 872 375 901 in
392 872 515 909 potentia
523 883 530 906 3
545 872 594 901 sed
610 871 731 901 liberum
747 871 896 901 arbitrium
912 875 953 901 est

101 920 219 957 facultas
252 920 366 948 rationis
387 922 414 948 et
435 919 602 954 voluntatis,
631 922 658 948 et
679 922 720 948 est
742 919 769 947 in
791 919 898 948 ratione
926 922 953 948 et

102 968 262 996 voluntate:
286 975 352 1004 ergo
374 975 427 995 non
450 967 578 1001 videtur,
601 966 676 1004 quod
698 966 733 995 sit
751 966 882 1003 potentia
906 966 953 995 ali-

102 1022 176 1051 qua,
198 1018 225 1043 et
246 1017 288 1043 est
305 1014 437 1051 potentia
458 1013 502 1043 vel
524 1013 661 1042 liabitas:
684 1021 751 1050 ergo
772 1016 823 1042 etc.

182 1062 206 1089 6.
229 1061 312 1096 110111,
335 1068 417 1090 omne
438 1061 513 1098 quod
535 1061 620 1089 habet
641 1060 760 1089 diminui
787 1064 814 1089 et
841 1061 952 1098 augeri,

101 1109 193 1146 potius
215 1108 299 1137 habet
321 1108 456 1137 rationem
479 1106 597 1136 habitas
619 1115 704 1145 quam
726 1107 881 1144 potentiae3
903 1108 952 1137 sed

101 1155 222 1184 liberum
244 1155 392 1184 arbitrium
416 1158 457 1183 est
478 1154 657 1189 huiusmodi,
679 1155 751 1183 sicut
770 1155 899 1192 Magister
915 1155 953 1183 di-

102 1204 138 1233 cit
159 1203 187 1231 in
213 1203 305 1231 littera
322 1202 342 1236 ⁴,
371 1202 447 1240 quod
477 1202 565 1230 maior
594 1202 709 1231 libertas
737 1206 778 1231 est
807 1203 833 1231 in
862 1202 953 1231 Beatis

101 1259 184 1289 quam
208 1251 234 1279 111
257 1250 446 1279 confirmatis:
469 1257 536 1287 ergo
557 1253 608 1279 etc.

418 1353 630 1374 CONCLUSIO.

103 1438 240 1467 Liberam
261 1438 425 1467 arbitrium
449 1438 658 1476 principaliter
680 1438 752 1467 elicit
773 1437 905 1467 habitam
928 1443 953 1467 ct

180 1485 380 1523 complectitur
401 1485 546 1514 rationem
562 1489 588 1513 et
605 1485 794 1519 uolzmtatcm‚
810 1494 868 1513 11011
891 1489 952 1514 tan-

179 1541 269 1571 quam
291 1541 353 1561 ana
372 1532 501 1569 potentia
523 1541 557 1560 eac
579 1533 620 1561 cis
641 1533 810 1566 constituta,
825 1533 876 1561 secl
891 1537 952 1561 tetii-

178 1589 268 1618 qaam
290 1589 368 1608 auus
390 1579 515 1609 habitas.

180 1675 360 1704 Rsssrouneo:
383 1674 555 1709 Dicendum,
587 1675 660 1712 quod
695 1683 759 1703 cum
789 1676 951 1712 quaeritur,

100 1726 195 1751 utrum
220 1722 340 1751 liberum
362 1722 511 1750 arbitrium
534 1722 569 1750 sit
590 1730 690 1751 nomen
711 1721 828 1751 habitus
843 1726 891 1751 aut
903 1731 952 1760 po-

102 1770 222 1803 tentiae,
244 1770 297 1799 hoc
319 1769 468 1807 dupliciter
490 1772 581 1807 potest
602 1770 717 1807 quaeri:
740 1773 789 1798 aut
810 1770 860 1804 ita,
876 1770 950 1807 quod

100 1821 269 1855 quaeratur,
291 1821 388 1846 utrum
420 1817 545 1854 praecise
577 1818 701 1846 nominet
730 1816 879 1851 habiliori,
900 1817 950 1855 {vel

99 1864 224 1901 praecise
245 1864 369 1892 nominet
389 1864 565 1901 polemicum
587 1867 614 1892 et
629 1864 690 1893 talis
706 1864 832 1901 quaestio
847 1872 948 1901 parum

100 1911 185 1940 habet
207 1910 394 1945 difficultatis,
417 1919 467 1948 pro
489 1919 522 1939 eo
543 1911 619 1948 quod
640 1911 698 1940 sere
720 1911 813 1940 onmia
838 1912 950 1940 nomina

100 1957 288 1995 potentiarum
318 1958 428 1986 animae
456 1957 607 1995 aliquando
635 1957 812 1995 accipiuntur
834 1966 884 1995 pro
902 1967 951 1995 po-

101 2005 196 2033 tentiis
206 2028 213 2038 ,
235 2005 386 2042 aliquando
401 2013 453 2042 pro
468 2003 629 2039 habitibus,
649 2005 800 2042 aliquando
816 2013 867 2042 pro
882 2005 951 2033 acti-

101 2052 161 2081 11113.
184 2052 260 2081 Sicut
281 2052 353 2080 enim
375 2051 435 2080 vult
450 2051 670 2089 Philosoplius5,
693 2051 851 2080 intellectas
873 2061 951 2081 voca-

100 2102 147 2128 tur
168 2098 319 2136 aliquando
342 2099 472 2135 potentia
494 2099 677 2133 intellectiva,
699 2099 850 2136 aliquando
872 2098 951 2128 habi-

102 2151 147 2175 tas
163 2146 351 2183 intelligendi,
367 2146 518 2184 aliquando
534 2150 628 2175 actitS.
645 2147 675 2175 Et
690 2147 836 2176 Auselmus
848 2148 857 2162 '³
871 2147 950 2182 dicit,

101 2195 175 2232 quod
203 2194 360 2223 «voluntas
392 2194 543 2231 aliquando
575 2194 678 2223 dicitur
700 2194 949 2229 insa-amentavit,

101 2241 252 2278 aliquando
284 2239 422 2278 affectas,
444 2240 595 2278 aliquando
616 2250 689 2269 usas
705 2253 731 2269 ».
755 2241 786 2270 Et
807 2242 869 2271 ideo
898 2242 951 2271 hoc

100 2288 128 2317 in
150 2288 292 2326 proposita
314 2288 475 2325 quaestione
497 2296 552 2316 non
574 2288 738 2317 intenditur.

178 2335 236 2364 Alio
260 2335 341 2364 modo
363 2339 453 2372 potest
475 2335 589 2372 intelligi
612 2335 754 2372 praedicta
770 2335 905 2372 quaestio,
920 2339 951 2363 ut

99 2383 152 2412 hoc
174 2383 348 2420 inquiratur,
371 2384 414 2412 cui
438 2382 568 2411 videlicet
586 2383 685 2419 primo
704 2386 730 2411 et
743 2382 950 2419 principaliter

162 2561 168 2575 ¹
190 2561 244 2590 Cap.
267 2562 283 2583 l.
302 2568 323 2583 n.
343 2562 362 2584 2.

163 2600 171 2614 ἵ
188 2601 229 2623 Η10
247 2607 265 2623 0,
289 2602 305 2623 l.
323 2600 368 2623 Csr.
387 2607 455 2629 supra
474 2606 527 2628 pag.
546 2600 599 2628 595,
612 2602 664 2622 nota
683 2600 702 2622 3.
715 2612 746 2616 —-
762 2600 784 2622 ln
802 2599 891 2622 ini'nori
907 2606 949 2628 pro

100 2639 140 2662 scd
156 2639 269 2663 iudicium
287 2640 337 2662 Yat.
356 2646 409 2662 cum
427 2639 479 2662 edd.
498 2640 519 2667 ⁶2,
538 2640 558 2667 3,
578 2639 590 2661 4
608 2638 649 2662 secl
667 2638 766 2661 liberum
784 2638 905 2662 indiciam.

163 2678 172 2693 3
190 2678 233 2702 Csr.
252 2686 322 2708 supra
341 2686 394 2708 pag.
413 2680 454 2708 33,
472 2682 523 2701 nota
542 2679 563 2701 6.

163 2718 171 2732 ⁴¹
188 2719 229 2741 Hic
254 2725 273 2741 c.
301 2719 321 2741 4.
342 2731 373 2736 —
390 2719 432 2741 Pro
458 2718 619 2748 confirmatis,
647 2718 694 2741 scil.
713 2719 735 2740 in
752 2719 840 2746 gralia,
860 2717 910 2739 cod.
929 2717 947 2745 Q

101 2756 225 2780 damnatis.

163 2796 173 2811 ⁵
188 2796 249 2819 Libr.
273 2797 298 2819 ll.
321 2797 350 2820 de
376 2798 473 2825 Anima,
499 2800 550 2819 text.
574 2797 610 2818 21.
637 2796 670 2824 (e.
691 2796 721 2824 2.)
745 2799 767 2818 et
792 2795 824 2817 lll.
848 2798 900 2818 text.
927 2796 947 2817 2.

101 2841 176 2864 seqq.,
195 2839 245 2858 text.
268 2836 301 2858 18.
320 2843 396 2865 seqq,
414 2840 466 2859 text.
484 2836 521 2858 39.
539 2839 560 2858 et
572 2838 624 2858 text.
643 2835 679 2857 46.
697 2841 762 2864 seqq.
782 2835 814 2862 (0.
828 2834 849 2857 4.
867 2841 915 2864 seq.
928 2841 948 2857 0.

101 2874 121 2896 8.
140 2875 222 2903 seqq).

163 2913 172 2928 6
189 2913 220 2936 De
238 2913 349 2937 Concord.
368 2920 456 2942 praesc.
476 2914 516 2937 Dei
534 2920 587 2937 cum
606 2913 644 2936 lib.
663 2913 711 2935 arb.
725 2919 746 2942 q.
766 2913 786 2935 3.
805 2919 823 2935 c.
846 2913 883 2935 ll:
902 2913 948 2935 Vo-

101 2952 174 2974 luntas
190 2953 266 2981 itaque
283 2953 328 2976 diei
345 2953 437 2976 videtur
459 2954 587 2982 aequivoce
605 2953 727 2980 tripliciter.
746 2952 813 2974 Aliud
831 2952 891 2974 enim
915 2955 949 2974 est

100 2991 286 3015 instrumentum
303 2992 406 3020 volendi,
426 2992 488 3015 aliud
506 2992 597 3022 affectio
615 2991 782 3019 ins-trimicnti,
809 2991 871 3013 aliud
890 2997 948 3014 usus

228 3042 252 3065 S.
271 3043 358 3066 Bonae.
376 3055 407 3059 —
425 3043 491 3065 Tom.
512 3043 534 3064 ll.

1013 268 1114 289 nomen
1137 260 1216 289 liberi
1239 261 1346 290 arbitrii
1369 261 1549 298 imponatur,
1565 261 1720 290 secundum
1736 261 1811 298 quod
1827 261 1862 290 de

1013 315 1045 336 eo
1067 307 1136 336 sacri
1161 307 1288 337 doctores
1310 308 1473 345 loquuntur.
1503 308 1532 337 Et
1560 308 1595 336 ad
1618 308 1698 337 istam
1727 308 1863 345 quaestio-

1012 362 1075 383 nem
1098 355 1201 392 triplex
1224 358 1265 384 est
1287 355 1387 384 modus
1409 355 1596 392 respondendi
1623 355 1777 384 secundum
1793 355 1801 368 ⁷
1825 356 1862 383 di-

1013 409 1117 430 versos.

1092 449 1209 485 Quidam
1233 449 1306 478 enim
1330 452 1494 484 senserunt,
1526 450 1600 487 quod
1630 449 1751 478 liberam
1785 450 1862 478 arbi-
1875 456 1943 480 Opinio
1957 457 1975 475 1-

1013 495 1103 523 triam
1126 504 1225 524 nomen
1248 500 1289 525 est
1308 497 1469 533 potentiae,
1492 505 1563 534 quae
1586 505 1615 526 se
1637 497 1721 526 habet
1743 506 1792 534 per
1808 506 1862 526 1110-

1011 542 1079 570 dum
1109 543 1288 571 zmioersalis
1318 543 1353 572 ad
1387 544 1522 572 rationem
1555 547 1581 573 et
1612 545 1804 579 voluntatem,
1835 548 1862 574 et

1012 589 1225 626 comprehendit
1246 598 1306 624 eas,
1331 590 1402 619 sicut
1424 595 1514 619 totam
1540 592 1707 620 uniuersale
1739 600 1862 630 compre—

1011 636 1108 665 hendit
1129 640 1231 673 partes.
1255 637 1331 666 Unde
1353 637 1425 666 sicut
1442 639 1572 674 potentia
1586 639 1745 668 ‘rationalis
1761 639 1858 668 rationi

1011 687 1038 712 et
1064 683 1199 712 voluntati
1232 684 1335 713 dicitur
1356 692 1416 713 esse
1438 686 1611 720 communis,
1633 686 1671 715 sic
1693 690 1720 715 et
1742 686 1861 715 libertas

1011 730 1150 763 arbitrii,
1173 731 1328 759 secundum
1352 731 1436 760 istum
1460 732 1574 761 niodum
1601 733 1719 762 dicendi.
1750 751 1787 754 —
1808 734 1860 763 Sed
1873 740 1913 759 Non
1925 739 1992 763 proba-

1010 777 1085 806 istud
1118 777 1227 814 supra⁵⁴
1261 778 1449 815 improbatum
1482 782 1531 807 est.
1561 780 1586 808 Si
1609 780 1682 808 enim
1704 781 1861 810 nominaret
1911 766 1947 782 mr*

1008 824 1168 862 potentiam
1189 824 1387 853 universalem
1409 825 1442 853 ad
1466 826 1601 854 rationem
1624 830 1651 855 et
1673 827 1861 862 voluntatem,

1011 871 1082 906 iam,
1104 879 1167 900 curn
1191 872 1262 900 ratio
1283 875 1311 901 et
1331 871 1461 901 voluntas
1483 872 1538 901 sint
1560 873 1634 902 duae
1656 874 1795 910 potentiae
1820 882 1861 902 ra-

1011 918 1141 952 tionales,
1165 918 1219 946 iam
1242 922 1334 947 essent
1366 919 1392 947 in
1415 919 1455 948 eis
1477 919 1549 948 duae
1573 919 1730 955 libertates,
1752 924 1779 949 et
1807 921 1863 949 duo

1011 965 1099 994 libera
1120 965 1236 994 arbitria
1258 969 1351 995 essent
1373 966 1399 994 in
1422 966 1547 1004 quolibet
1570 967 1690 996 homine.

1091 1013 1121 1041 Et
1135 1012 1198 1042 ideo
1219 1016 1261 1042 est
1281 1013 1336 1041 alia
1350 1014 1466 1051 positio,
1482 1014 1556 1051 quod
1575 1014 1696 1043 liberum
1712 1014 1861 1044 arbitrium
1876 1023 1944 1046 Opinio
1957 1023 1975 1041 2.

1010 1060 1135 1088 nominat
1152 1060 1314 1097 potentiam
1346 1069 1381 1089 eac
1411 1060 1557 1089 uoluntate
1578 1065 1603 1090 et
1624 1062 1740 1090 ratione
1761 1063 1863 1091 consti—

1011 1110 1105 1135 tutam
1127 1107 1162 1136 ad
1184 1107 1290 1145 aliquid
1314 1108 1489 1143 faciendum,
1511 1108 1564 1137 ad⁹
1586 1109 1661 1146 quod
1683 1113 1784 1138 neutra
1805 1110 1863 1138 illa-

1010 1162 1074 1183 rum
1097 1162 1146 1191 per
1173 1162 1202 1183 se
1230 1158 1347 1192 poterat.
1372 1155 1402 1183 Et
1415 1156 1489 1193 ‘quia
1512 1164 1565 1184 una
1590 1156 1683 1185 iuncta
1704 1157 1784 1186 alteri
1806 1166 1861 1186 non

1011 1202 1205 1231 tantummodo
1222 1202 1315 1231 reddit
1330 1203 1481 1240 potentiam
1500 1207 1654 1241 potentem,
1677 1204 1762 1233 immo
1778 1205 1860 1233 etiam

1008 1248 1149 1286 faciteam
1182 1250 1245 1279 111110
1277 1253 1334 1285 est,
1366 1250 1441 1287 quod
1474 1250 1598 1279 liberam
1623 1251 1784 1280 cii-bartam
1806 1260 1861 1280 non

1010 1297 1205 1325 tantummodo
1226 1297 1351 1326 nominat
1369 1297 1548 1334 potentiam,
1571 1298 1619 1327 sed
1640 1298 1722 1327 etiam
1738 1299 1863 1328 nominat

1009 1343 1127 1381 facilem
1161 1345 1312 1382 potentiam
1334 1348 1361 1374 et
1383 1344 1571 1374 habilitatem.
1596 1346 1626 1374 Et
1647 1349 1796 1383 propterea
1817 1354 1862 1374 no-

1010 1399 1073 1421 men
1090 1391 1173 1424 illud.
1189 1392 1319 1429 quamvis
1341 1392 1376 1421 sit
1396 1400 1496 1421 nomen
1520 1393 1682 1430 impositum
1704 1393 1861 1430 potentiae,

1010 1439 1122 1468 videtur
1145 1443 1236 1468 tamen
1259 1447 1319 1467 esse
1341 1447 1443 1468 nomen
1466 1439 1592 1468 habitas.

1089 1486 1142 1514 Sed
1165 1486 1295 1523 quoniam
1329 1486 1441 1515 difficile
1473 1490 1515 1515 est
1547 1487 1716 1524 Intelligere,
1742 1488 1861 1525 qualiter
1872 1494 1913 1513 Non
1927 1494 1994 1518 proba-

1009 1541 1045 1562 ex
1068 1533 1179 1562 duabus
1202 1533 1331 1570 potentiis
1353 1542 1407 1562 uua
1430 1535 1632 1568 constituatur,
1655 1535 1698 1563 vel
1720 1535 1861 1572 quomodo
1916 1521 1953 1537 mr.

1010 1581 1129 1609 liberum
1154 1580 1318 1615 arbitrium,
1341 1581 1481 1618 loquendo
1503 1580 1671 1618 formaliter
1687 1583 1860 1620 etpropric,

1009 1629 1044 1657 sit
1066 1628 1138 1657 duae
1171 1628 1327 1665 potentiae,
1360 1628 1483 1657 maxime
1506 1637 1570 1657 cum
1593 1637 1646 1657 non
1670 1629 1779 1658 dicatur
1801 1637 1862 1658 esse

1008 1675 1087 1704 ratio
1109 1678 1136 1704 et
1157 1675 1310 1709 voluntas,
1333 1675 1381 1704 sed
1403 1674 1535 1712 facultas
1568 1676 1683 1705 rationis
1711 1681 1738 1706 et
1766 1677 1862 1706 volun-

1008 1723 1090 1751 tatis:
1114 1722 1176 1751 ideo
1198 1725 1239 1751 est
1263 1722 1361 1751 tertius
1382 1723 1484 1751 modus
1506 1723 1633 1758 dicendi.
1649 1723 1722 1760 quod
1740 1724 1860 1753 liberum
1876 1731 1943 1754 opinio
1958 1731 1975 1749 3·

1008 1770 1157 1799 arbitrium
1182 1773 1223 1799 est
1245 1778 1346 1799 nomeu
1365 1770 1576 1807 principaliter
1598 1770 1760 1808 impositum
1784 1770 1862 1800 hahi-

1009 1817 1060 1845 tiii.
1082 1834 1121 1837 —
1144 1817 1173 1845 Et
1195 1817 1247 1846 1100
1270 1817 1351 1854 plane
1374 1817 1532 1845 manifestat
1549 1817 1607 1854 ipsa
1623 1817 1751 1846 noluistis
1774 1818 1862 1856 impo-

1007 1864 1083 1893 sitio.
1107 1864 1276 1892 Arbitrium
1298 1865 1370 1893 enim
1394 1872 1448 1892 non
1471 1864 1537 1893 dicit
1559 1865 1726 1901 potentiam,
1749 1866 1796 1895 sed
1814 1865 1862 1895 ha-

1009 1910 1108 1939 bitam.
1139 1911 1294 1939 Manifestat
1326 1911 1409 1940 etiam
1433 1911 1492 1948 ipsa
1514 1911 1684 1948 notificatio.
1707 1912 1763 1940 Non
1787 1914 1859 1942 enim

1008 1959 1111 1988 dicitur
1134 1958 1255 1987 liberum
1277 1958 1427 1987 arbitrium
1450 1967 1511 1988 esse
1527 1959 1657 1996 potentia
1677 1958 1795 1996 facilis,
1812 1961 1860 1989 sed

1007 2004 1139 2043 facultas
1157 2006 1367 2043 potentiarum.
1391 2006 1637 2043 Quemadmodum
1659 2010 1772 2041 autem,
1795 2015 1858 2036 cum

1009 2052 1070 2081 dico
1094 2053 1255 2089 potentiam
1280 2051 1399 2089 facilem
1416 2053 1444 2087 ¹⁰,
1467 2054 1529 2082 dico
1550 2054 1711 2090 potentiam
1727 2053 1860 2083 habilita-

1009 2104 1084 2134 tam‚
1106 2100 1161 2135 sic,
1184 2108 1247 2129 cuni
1271 2100 1333 2129 dico
1354 2100 1528 2137 facultatem
1547 2101 1708 2138 potentiae,
1728 2101 1790 2130 dico
1812 2100 1860 2129 ha-

1009 2148 1100 2176 bitam
1126 2148 1262 2176 ciusdem.
1290 2148 1425 2185 Quoniam
1460 2149 1544 2185 igitur
1568 2148 1689 2177 liberum
1711 2149 1858 2177 arbitrium

1008 2195 1163 2224 secundum
1186 2195 1329 2232 propriam
1353 2204 1432 2224 suam
1449 2196 1663 2233 assignationem
1687 2195 1803 2224 facultas
1819 2204 1859 2224 ra-

1009 2243 1091 2271 tionis
1112 2246 1139 2271 et
1161 2242 1313 2271 voluntatis
1329 2246 1403 2271 recte
1418 2250 1478 2271 esse
1494 2243 1616 2277 dicitur3
1639 2242 1703 2271 hinc
1718 2245 1767 2276 est,
1783 2243 1857 2279 quod

1008 2289 1128 2318 liberum
1162 2289 1312 2317 arbitrium
1344 2289 1536 2325 principaliter
1569 2289 1635 2318 dicit
1664 2288 1797 2317 habitam
1829 2292 1856 2317 et
1871 2297 1978 2316 Conclusio.

1009 2336 1204 2373 complectitur
1225 2336 1361 2364 rationem
1385 2339 1412 2364 et
1434 2336 1623 2370 voluntatem,
1645 2344 1698 2364 non
1725 2339 1857 2373 tanquam

1009 2390 1065 2411 una
1098 2383 1219 2419 potentia
1251 2390 1286 2411 ex
1309 2383 1348 2411 eis
1369 2383 1535 2417 constituta,
1557 2383 1605 2411 sed
1629 2386 1761 2420 tanquam
1784 2391 1858 2412 unus

1008 2560 1111 2583 eiusdem
1136 2560 1310 2583 instrumenti...
1329 2561 1414 2583 Dicitur
1439 2564 1516 2583 autem
1534 2561 1640 2583 voluntas
1665 2565 1687 2583 ot
1712 2561 1858 2584 mammen-

1008 2601 1057 2623 tum
1075 2600 1167 2622 volendi
1185 2603 1207 2622 et
1224 2600 1315 2630 affectio
1333 2601 1382 2622 eius
1399 2604 1420 2623 et
1440 2606 1497 2623 usus
1515 2601 1571 2622 eius.

1070 2639 1079 2653 ⁷
1097 2640 1146 2661 Vat.
1165 2645 1217 2661 cum
1236 2640 1289 2661 odd.
1308 2640 1328 2666 2,
1348 2640 1368 2665 3,
1388 2639 1399 2661 si
1416 2645 1466 2668 per.

1068 2677 1078 2691 ⁸
1096 2678 1187 2706 Quaesl.
1206 2678 1313 2706 praeced.
1331 2679 1352 2699 in
1371 2678 1438 2700 solut.
1458 2678 1486 2699 nd
1505 2678 1525 2699 6.
1545 2691 1574 2693 -
1593 2679 1640 2700 Mox
1661 2678 1709 2700 Vut.
1733 2684 1786 2700 011111
1803 2679 1856 2701 edd.

1007 2718 1032 2745 2,
1051 2717 1075 2744 3,
1094 2716 1106 2738 4
1125 2717 1160 2739 bis
1177 2716 1283 2740 diversae
1300 2723 1343 2745 pro
1360 2716 1427 2740 [litae.

1069 2755 1077 2766 ⁴³
1095 2756 1144 2778 Vol.
1162 2760 1184 2778 et
1201 2756 1269 2785 aliqui
1287 2756 1354 2778 codd.
1373 2757 1479 2779 omittunt
1500 2756 1538 2779 acl.
1558 2757 1609 2779 Post
1627 2763 1699 2784 pauca
1724 2763 1766 2784 pro
1784 2756 1855 2779 11111110

1005 2794 1075 2818 etiam
1091 2794 1185 2824 facilem
1204 2795 1253 2817 Vat.
1271 2801 1324 2817 cum
1342 2795 1394 2817 edd.
1413 2793 1482 2823 2⁷3,
1501 2795 1514 2817 4
1532 2795 1649 2818 substituit
1671 2795 1712 2819 secl
1728 2795 1799 2819 etiam
1817 2796 1857 2819 ha-

1005 2832 1075 2856 bilem
1091 2835 1114 2855 et
1128 2832 1234 2862 similem,
1254 2836 1276 2855 vt
1293 2833 1376 2856 deinde
1394 2833 1497 2857 hahilem
1514 2833 1644 2863 potentiam
1662 2835 1684 2857 ct
1699 2833 1795 2863 facilem
1814 2841 1856 2863 pro

1004 2872 1099 2901 facilem
1116 2872 1244 2902 potentiam
1261 2874 1282 2895 et
1299 2872 1451 2896 habilitatem.
1467 2872 1522 2896 Cod.
1540 2880 1566 2895 aa
1580 2880 1622 2902 pro
1640 2872 1785 2896 habilitatem
1797 2873 1856 2896 benc

1006 2911 1163 2935 habilitatem.

1070 2951 1088 2966 ¹⁰
1106 2952 1147 2974 Pro
1164 2951 1272 2980 facilem,
1292 2958 1351 2981 quae
1369 2952 1433 2974 lectio
1451 2953 1566 2975 invenitur
1579 2954 1599 2975 in
1618 2953 1686 2975 codd.
1699 2952 1715 2975 C
1728 2952 1743 2974 F
1753 2953 1770 2974 ll
1782 2953 1800 2975 l<
1812 2953 1827 2974 l.
1838 2952 1856 2975 O

1006 2991 1020 3013 S
1031 2991 1048 3013 T
1060 2991 1089 3013 W
1100 2997 1124 3013 aa
1136 2990 1167 3012 bb
1177 2997 1203 3013 ee
1221 2994 1242 3012 et
1259 2992 1280 3013 in
1298 2991 1334 3013 cd.
1357 2992 1373 3019 l,
1392 2991 1441 3013 Vat.
1460 2998 1512 3014 cum
1531 2993 1612 3014 celeris
1629 2992 1681 3015 edd.
1700 2991 1808 3015 habilem.

1699 3044 1728 3065 76
