2243 3425
796 232 878 261 DIST.
902 233 990 262 XXIV.
1014 233 1040 261 P.
1062 233 1079 261 Ι.
1104 233 1209 262 DUssia.
1824 236 1875 264 571

131 309 206 338 litate
228 313 357 346 respectu
386 310 446 339 61115
468 310 541 347 quod
575 310 658 339 debet
679 318 861 347 cognoscere,
893 319 977 348 quam

9 362 118 381 >tonarium
130 359 191 384 erat
211 356 306 392 prius,
328 364 392 385 cum
414 357 527 385 carebat
556 357 655 394 specie.
671 374 709 377 —-
724 357 755 385 Et
777 357 829 391 ita,
851 365 914 386 cum
938 365 980 386 co—

131 403 251 439 gitamus
273 403 307 431 de
330 403 472 432 intellectu
492 407 591 440 agente
612 406 639 432 et
660 403 798 440 possibili,
821 412 875 432 non
899 404 979 433 debe-

131 457 195 478 mus
217 450 337 486 cogitare
359 450 438 487 quasi
460 450 494 479 de
510 450 621 478 duabus
642 450 817 484 substantiis,
841 450 883 478 vel
898 450 977 487 quasi

132 496 165 525 de
188 496 298 525 duabus
313 497 443 533 potentiis
465 497 501 525 ita
516 497 664 533 separatis,
683 497 757 533 quod
774 505 830 525 una
851 497 910 525 sine
925 497 979 525 alia

132 543 232 572 habeat
254 543 442 580 operationem
458 551 538 572 suam
560 543 710 580 perficere,
732 546 759 571 et
773 543 879 579 aliquid
902 543 979 571 intel-

131 591 197 627 ligat
218 590 375 618 intellectus
396 597 481 626 agens
512 589 570 618 sine
592 589 730 626 possibili,
762 592 789 617 et
809 589 915 626 aliquid
937 597 979 618 co-

131 641 244 675 gnoscat
265 637 421 666 intellectus
442 644 542 674 agens,
563 637 639 674 quod
664 640 756 666 tamen
778 637 875 671 homo,
897 637 978 666 cuius

130 687 171 713 est
193 683 238 712 ille
260 683 430 718 intellectus,
452 684 567 720 ignoret.
591 683 660 713 Haec
675 684 748 712 enim
771 692 842 712 vana
864 686 929 712 sunt
951 687 978 712 et

1035 311 1148 345 frivola,
1170 315 1201 340 ut
1222 311 1327 349 aliquid
1350 313 1417 340 sciat
1440 312 1596 341 intellectus
1622 321 1714 347 meus,
1736 314 1811 350 quod
1834 322 1883 351 ego

1036 358 1171 393 nesciam3
1193 358 1242 387 sed
1257 359 1296 387 sic
1317 359 1479 395 cogitandae
1501 362 1566 388 sunt
1587 367 1648 388 esse
1663 359 1726 389 illae
1748 360 1820 389 duae
1835 360 1884 389 dif-

1036 405 1181 439 ferentiae,
1203 406 1278 443 quod
1301 407 1328 434 in
1350 414 1434 434 unam
1457 407 1645 443 operationem
1663 407 1829 444 completam
1846 408 1883 436 in-

1035 450 1177 487 telligendi
1209 452 1322 480 veniant
1354 453 1594 489 inseparabiliter,
1626 453 1698 482 sicut
1730 453 1823 483 lumen
1857 457 1884 483 et

1036 497 1208 534 diaphanum
1232 499 1347 527 veniunt
1370 500 1396 528 in
1418 499 1632 529 abstractionem
1655 501 1763 530 coloris.
1778 518 1816 521 —
1830 502 1884 531 Nec
1899 505 2012 523 Notandum·

1036 546 1101 572 sunt
1128 544 1173 572 hic
1205 545 1347 581 sequenda
1375 547 1561 576 communiter
1594 548 1679 577 verba
1708 548 1884 585 philosopho-

1035 598 1113 623 rum,
1135 591 1200 627 quia
1222 600 1273 628 pro
1295 600 1395 629 magna
1410 597 1489 630 parte
1510 594 1617 631 decepti
1634 598 1698 623 sunt
1720 596 1746 624 in
1769 596 1884 625 influen-

1035 637 1075 665 tia
1094 638 1291 675 intelligentiae
1314 648 1399 676 super
1420 641 1557 675 animam.
1580 650 1663 678 quam
1686 651 1741 671 non
1763 643 1883 672 admittit

1035 683 1105 713 fides
1128 685 1271 714 catholica.

872 773 1134 810 SOHOLION.

192 863 204 885 1.
223 863 283 885 Haec
301 863 404 891 quaestio
422 863 500 891 magni
518 864 628 885 momenti
645 866 691 891 est,
716 866 739 885 ut
756 866 817 885 recte
839 863 976 891 intelligatur

127 902 149 924 S.
167 902 341 924 Bonaventurae
353 901 455 924 doctrina
474 901 503 923 de
515 903 602 924 ratione
620 902 756 929 cognitionis
769 902 890 924 humanae.
907 903 976 924 Accu-

128 944 175 963 rate
192 942 259 963 etiam
277 941 314 963 hic
326 943 473 963 recensentur
485 941 563 963 variae
581 941 640 963 1111115
652 942 730 963 6616115
748 940 776 963 (16
795 941 837 963 hac
848 947 873 963 re
891 941 976 968 opinio-

128 987 178 1009 nes⁷
195 986 278 1009 magna
296 986 322 1002 ex
338 983 402 1008 parte
419 986 535 1002 erroneae.
553 980 648 1008 Insuper
666 980 784 1002 manifeste
796 980 935 1008 ostenditur,
953 980 974 1002 S.

128 1020 248 1042 Doctorem
266 1019 295 1042 ab
313 1020 362 1042 aliis
378 1019 544 1048 principalibus
561 1019 705 1042 Scholasticis
717 1021 739 1042 in
753 1021 795 1042 hac
808 1020 910 1043 doctrina
929 1026 973 1042 non

127 1059 259 1087 discrepare
282 1060 323 1081 nisi
341 1060 363 1081 in
384 1059 454 1081 modo
472 1059 594 1088 loquendi,
613 1059 648 1081 vel
671 1060 693 1081 in
711 1065 736 1081 re
753 1060 829 1087 exigui
857 1060 975 1082 momenti.

127 1098 261 1122 Communis
282 1102 358 1120 autem
381 1098 573 1120 Scholasticorum
592 1097 693 1120 doctrina
716 1097 806 1120 tenebat
836 1099 892 1120 haec
917 1099 976 1126 prin-

127 1140 193 1167 cipia.
735 1160 739 1164 ,

194 1178 210 1199 1.
234 1176 372 1205 Recipienda
395 1179 429 1198 est
453 1176 593 1198 Aristotelica
617 1176 731 1199 distinctio
755 1177 814 1199 inter
837 1177 976 1199 intellectum

127 1218 233 1246 agentem
253 1219 275 1238 et
289 1215 431 1245 possibilem.
449 1215 506 1237 Huic
523 1216 641 1238 communi
662 1215 778 1238 doctrinae
796 1216 925 1243 refragatur
942 1221 976 1237 so-

127 1257 161 1278 lus
187 1255 288 1278 Durand.
313 1255 340 1283 (l.
359 1255 420 1277 Sent.
438 1254 460 1277 d.
480 1254 500 1276 3.
524 1261 546 1282 p.
570 1254 593 1276 11.
611 1261 633 1283 q.
652 1254 686 1283 5.)
711 1260 827 1282 asserens,
850 1263 859 1274 «
873 1254 975 1277 fictitium

127 1301 176 1317 esse
199 1300 285 1322 ponere
307 1294 445 1316 intellectum
467 1297 573 1321 agentem
586 1302 608 1315 n.

190 1334 211 1355 2.
229 1333 296 1356 Ratio
314 1332 417 1355 eiusdem
437 1332 585 1355 distinctionis
602 1332 714 1355 sumenda
733 1336 767 1355 est
779 1339 805 1355 ex
817 1333 927 1361 singulari
942 1339 976 1355 60-

127 1373 234 1401 gnitionis
252 1373 366 1394 humanae
378 1374 471 1397 natura,
490 1378 560 1400 quae,
573 1377 626 1394 cum
639 1373 732 1400 incipiat
748 1378 814 1394 suam
832 1371 948 1395 fictionem
962 1379 973 1394 a

127 1411 196 1434 rebus
208 1410 366 1439 senstbilibus,
384 1416 483 1439 quarum
497 1411 667 1438 phantasmata,
686 1410 855 1433 conditionibus
868 1412 976 1433 materiae

127 1452 259 1479 coniuncta,
273 1456 317 1472 non
330 1453 383 1472 sunt
400 1449 548 1478 intelligibilia
565 1450 587 1471 in
605 1451 672 1478 actu,
693 1450 733 1472 sed
752 1453 838 1472 tantum
857 1451 879 1472 in
896 1452 976 1479 poten-

127 1489 171 1518 tict,
196 1489 282 1518 indiget
304 1489 380 1518 aliqua
407 1490 513 1511 «virtute
537 1495 562 1511 ex
580 1491 644 1517 parte
667 1489 805 1517 intellectus,
829 1496 888 1518 quae
911 1490 977 1512 faciat

127 1528 274 1557 intelligibilia
292 1529 314 1550 in
331 1529 387 1551 actzt
404 1534 446 1556 per
463 1527 639 1551 abstractionem
657 1529 788 1556 specierum
806 1535 818 1550 a
842 1529 976 1551 conditioni-

127 1568 171 1590 bus
188 1566 344 1590 materialibus
357 1575 367 1587 »
384 1567 420 1595 (S.
439 1567 530 1595 Thom.,
549 1567 570 1589 S.
589 1567 603 1589 1.
617 1574 639 1596 (1.
652 1567 689 1589 79.
708 1574 728 1589 a.
742 1568 780 1596 3.).
798 1568 855 1590 Hine
872 1569 893 1589 in
913 1568 977 1589 intel—

128 1608 185 1629 lectu
203 1607 344 1635 Angelorum
362 1607 412 1629 talis
435 1606 547 1629 distinctio
565 1607 600 1628 vel
625 1607 718 1628 omniuo
742 1612 786 1628 non
810 1609 856 1633 est,
881 1609 905 1628 ut
927 1606 977 1628 vult

127 1647 149 1668 S.
168 1646 258 1674 Thom.,
276 1646 312 1668 vel
326 1652 369 1668 11011
388 1647 410 1668 111
422 1646 504 1668 eodem
522 1652 602 1674 sensu,
621 1649 645 1668 ut
657 1648 722 1674 putat
734 1646 755 1668 S.
774 1646 867 1673 Bonav.,
887 1646 915 1668 de
928 1651 974 1674 (1110

128 1685 180 1708 vide
198 1691 267 1713 supra
290 1685 311 1707 d.
330 1685 350 1707 3.
371 1691 393 1713 p.
412 1685 435 1707 11.
454 1691 473 1707 a.
493 1685 513 1707 2.
531 1691 553 1714 (1.
575 1686 592 1713 1,
610 1685 680 1707 schol.
694 1698 724 1700 —
736 1684 895 1707 Observabant
907 1686 975 1707 etiam

128 1724 197 1746 iidem
220 1725 382 1751 communiter,
407 1724 552 1752 superfluum
578 1730 628 1746 esse
649 1724 789 1747 intellectum
815 1728 934 1753 agentem,
958 1725 976 1747 si

128 1762 302 1785 admitterentur
315 1762 381 1785 ideae
393 1762 532 1791 Platonicae,
543 1763 609 1791 quasi
622 1763 695 1785 tontes
712 1763 804 1785 luminis
816 1762 975 1791 intelligibilis,

128 1809 139 1825 a
150 1802 234 1831 quibus
246 1803 334 1831 species
346 1802 498 1830 intelligibiles
510 1803 531 1824 in
543 1803 681 1825 intellectum
694 1803 822 1825 humanum
835 1802 975 1825 deriventur.

127 1841 162 1864 Ad
179 1847 229 1864 rem
246 1841 320 1869 AEgid.
339 1841 364 1863 R.
383 1842 433 1869 (1116
450 1847 472 1869 p.
492 1841 506 1863 1.
524 1848 546 1871 (1.
566 1842 586 1863 Ἰ.
602 1848 622 1863 a.
642 1841 671 1870 4.)
685 1842 768 1870 allegat
789 1841 975 1869 «differentiam,

128 1887 198 1910 quam
211 1881 249 1904 dat
266 1881 406 1903 Themistius
418 1882 475 1903 inter
492 1881 608 1903 Platonem
625 1883 647 1903 et
664 1881 818 1909 Aristotelem,
837 1881 889 1909 quia
907 1881 975 1909 illud,

127 1921 149 1942 in
167 1921 233 1943 6111115
254 1921 339 1943 virtute
362 1920 498 1942 immutatur
520 1920 646 1943 intellectus
669 1922 757 1948 noster,
783 1920 843 1942 Plato
867 1920 976 1943 assimilat

127 1958 182 1987 soli,
203 1960 255 1988 quia
273 1959 323 1986 ipsa
341 1957 403 1986 idea,
423 1965 483 1987 quae
499 1961 533 1981 est
550 1958 645 1987 quidam
662 1958 723 1981 Deus
740 1962 762 1981 et
779 1959 873 1988 quidam
892 1959 924 1982 sol
942 1960 975 1981 in-

128 1998 270 2026 tellectualis,
288 1999 394 2020 immutat
414 1998 552 2020 intellectum
569 2001 680 2020 nostrum.
703 1998 748 2020 Sed
769 1998 900 2021 Aristoteles
921 1999 977 2021 assi-

128 2038 190 2060 milat
213 2037 268 2060 illud
292 2036 388 2065 lumini,
413 2038 466 2066 quia
488 2037 614 2060 intellectus
637 2043 721 2065 agens,
744 2038 782 2066 qui
801 2041 834 2060 est
856 2037 974 2066 quoddam

129 2077 205 2099 lumen
227 2080 249 2099 et
265 2078 304 2105 qui
322 2080 355 2099 est
372 2077 448 2099 omnia
466 2076 552 2105 facere,
570 2080 604 2099 est
621 2076 686 2102 illud,
705 2077 727 2098 in
749 2077 814 2099 cuius
832 2077 916 2099 virtute
934 2077 976 2098 im-

128 2119 229 2139 mutatur
246 2116 371 2138 intellectus
388 2115 504 2144 possibilis
516 2124 536 2137 ».
556 2115 643 2138 11)1(16111
660 2115 734 2144 AEgid.
753 2117 854 2144 assignat
873 2115 976 2146 quinque

128 2162 220 2184 causas,
238 2162 309 2185 quare
327 2161 420 2178 necesse
437 2156 504 2178 suerit
521 2161 607 2183 ponere
619 2156 758 2178 intellectum
776 2159 894 2184 agentem,
912 2155 976 2178 vide-

128 2197 189 2224 11661,
207 2199 277 2224 prout
293 2195 418 2217 intellectus
436 2198 583 2223 comparatur
600 2194 629 2217 ad
642 2193 815 2224 phantasmata
832 2208 862 2212 —
879 2196 908 2219 ad
925 2202 975 2226 spe-

128 2235 186 2259 ciem
203 2233 373 2264 intelligibilem
383 2246 414 2250 —
425 2234 454 2256 ad
471 2235 552 2257 actztm
568 2233 715 2263 intelligendi
725 2246 757 2250 —
769 2238 837 2262 prout
853 2235 882 2257 ad
896 2235 974 2265 phan-

129 2276 231 2298 tasmata
249 2275 422 2303 comparantur
439 2272 528 2297 colores
539 2285 571 2289 —
581 2276 603 2295 61
620 2272 710 2296 colores
727 2273 759 2296 acl
773 2273 905 2303 potentiam
921 2275 976 2298 visi-

128 2321 190 2338 vam.
204 2327 235 2331 —
246 2313 328 2342 Quoad
344 2312 461 2336 rationem
478 2312 582 2335 eiusdem
606 2312 755 2335 distinctionis
767 2312 806 2335 ct'r.
823 2314 891 2335 etiam
913 2314 974 2336 Alex.

128 2355 184 2384 Hal.,
197 2355 219 2377 S.
231 2360 253 2382 p.
267 2354 290 2376 ii.
303 2360 324 2383 q.
337 2354 374 2376 69.
386 2359 416 2376 m.
431 2354 451 2375 2.
462 2359 481 2375 a.
492 2353 512 2375 2.
524 2352 548 2380 33
558 2352 664 2381 —Scot.,
678 2352 692 2374 1.
705 2352 765 2374 Sent.
779 2351 800 2374 d.
813 2352 834 2374 3.
848 2359 869 2381 q.
883 2352 903 2374 6.
917 2358 938 2374 11.
949 2353 975 2380 8;

1035 864 1058 886 11.
1076 864 1136 886 Sent.
1156 864 1177 886 d.
1197 864 1217 886 3.
1235 871 1257 893 q.
1281 866 1312 888 11,
1331 872 1352 887 11.
1372 866 1392 888 t.
1410 873 1488 895 seqq.;
1507 867 1599 895 Report.
1622 868 1644 890 11.
1662 869 1721 890 Seni.
1741 870 1762 891 (1.
1781 870 1801 891 9.
1820 877 1842 898 q.
1861 871 1881 892 2.

1035 915 1064 918 -—
1076 903 1098 925 S.
1117 903 1207 932 Thom.7
1227 904 1261 926 loc
1275 905 1310 927 cit.
1324 911 1343 927 a.
1363 905 1413 933 3-5;
1432 906 1454 927 S.
1473 912 1491 928 6.
1505 906 1568 928 Gent.
1587 907 1609 929 ll.
1623 913 1641 929 c.
1660 907 1742 936 *iffi-78,
1761 908 1789 930 de
1801 909 1880 931 Anima

1034 948 1054 963 a.
1073 941 1096 969 43
1118 941 1146 964 de
1164 943 1279 970 Spiritual.
1297 942 1426 972 Creaturis,
1445 951 1464 966 a.
1488 945 1519 967 10.

1096 981 1116 1003 3.
1135 981 1250 1004 Haeretica
1269 986 1302 1005 651
1319 984 1428 1006 sententia
1447 985 1576 1007 Avicennae
1591 989 1613 1008 et
1630 986 1748 1014 Averrois,
1768 988 1806 1016 (1111
1824 993 1882 1010 asse-

1034 1018 1124 1047 rebant,
1143 1020 1281 1043 intellectum
1299 1025 1405 1049 agentem
1418 1029 1468 1045 esse
1480 1029 1523 1051 pro
1541 1024 1649 1047 omnibus
1663 1025 1792 1048 hominibus
1810 1032 1883 1049 ttmzm

1033 1058 1192 1082 suhstcmtz'am
1216 1062 1365 1089 separatam,
1393 1063 1440 1084 scil.
1467 1063 1638 1091 intelligentiam
1665 1065 1782 1093 creatam,
1813 1071 1883 1094 (1116111

1034 1104 1136 1120 errorem
1153 1099 1175 1120 S.
1194 1099 1278 1121 Bonav.
1297 1106 1367 1128 saepe
1384 1101 1519 1129 reprobavit
1536 1102 1584 1128 (ct'r.
1602 1109 1654 1131 pag.
1677 1103 1729 1131 568,
1749 1107 1800 1126 nota
1819 1105 1839 1126 2.
1862 1108 1884 1127 et

1033 1143 1102 1165 supra
1122 1138 1142 1160 d.
1166 1139 1197 1160 ts.
1216 1145 1235 1160 a.
1255 1140 1275 1160 2.
1294 1146 1315 1168 q.
1339 1140 1372 1168 l.).

1099 1177 1117 1199 i.
1137 1177 1181 1200 Nec
1193 1179 1242 1205 ipse
1259 1178 1321 1201 Deus
1333 1182 1384 1207 apte
1402 1181 1479 1202 vocari
1497 1184 1572 1208 potest
1588 1182 1714 1205 intellectus
1731 1189 1813 1211 agens,
1832 1183 1883 1206 11661

1033 1217 1061 1239 511
1079 1217 1126 1245 lux,
1150 1223 1209 1246 quae
1233 1218 1344 1240 illuminat
1362 1224 1453 1241 omnem
1473 1220 1590 1242 hominem
1608 1224 1676 1250 atque
1698 1222 1833 1249 generalitor
1850 1223 1883 1244 in-

1033 1256 1089 1278 fluat
1106 1262 1146 1284 per
1164 1262 1303 1279 concursum
1321 1258 1343 1279 in
1360 1263 1453 1280 omnem
1471 1259 1610 1282 intellectum
1627 1263 1736 1283 creatum.

1097 1295 1118 1316 5.
1135 1295 1180 1317 Sed
1203 1298 1248 1317 tam
1272 1296 1397 1319 intellectus
1419 1297 1534 1325 possibilis
1557 1304 1627 1327 quam
1650 1305 1721 1327 agens
1738 1301 1831 1322 omnino
1849 1303 1883 1322 est

1034 1334 1121 1362 aliquid
1135 1334 1264 1364 propriavit
1281 1336 1302 1358 et
1319 1335 1441 1359 essentiale
1452 1336 1559 1364 anz'mne,
1578 1338 1704 1361 intellectus
1721 1342 1797 1361 autem
1809 1345 1882 1369 (196715

1034 1376 1067 1396 651
1084 1374 1173 1396 animae
1197 1375 1270 1396 virtus
1288 1381 1327 1397 seu
1351 1376 1386 1397 vis
1403 1375 1480 1398 activa
1501 1379 1522 1398 et
1552 1376 1670 1405 quoddam
1698 1386 1707 1396 ι(
1727 1378 1802 1400 tumen
1821 1384 1883 1401 crea-

1034 1414 1082 1434 tum
1097 1421 1116 1434 ».
1136 1412 1179 1435 Csr.
1198 1413 1221 1435 ll.
1234 1413 1293 1436 Sent.
1312 1413 1334 1436 (l.
1352 1414 1384 1436 17.
1397 1421 1416 1437 a.
1435 1415 1451 1437 l.
1464 1421 1485 1443 (1.
1509 1416 1525 1437 l.
1539 1416 1567 1438 ad
1581 1416 1606 1442 ss;
1623 1417 1679 1439 infra
1699 1418 1766 1440 huius
1780 1417 1801 1440 d.
1820 1425 1841 1446 1).
1860 1418 1882 1440 11.

1034 1457 1054 1473 a.
1074 1452 1093 1473 1.
1112 1458 1134 1480 q.
1157 1453 1173 1473 1.
1192 1453 1213 1474 111
1233 1459 1304 1480 corp„
1322 1456 1343 1475 et
1361 1453 1383 1475 d.
1402 1454 1438 1476 39.
1462 1460 1482 1476 a.
1505 1455 1521 1476 1.
1540 1461 1562 1483 q.
1581 1456 1606 1483 2,
1625 1461 1666 1478 1106
1684 1462 1728 1478 11011
1746 1457 1766 1478 S.
1787 1457 1882 1485 Thom.,

1034 1490 1056 1512 S.
1075 1491 1088 1512 1.
1107 1497 1129 1519 (1.
1147 1491 1184 1513 79.
1204 1498 1222 1513 a.
1242 1491 1261 1513 4.

1099 1530 1119 1552 6.
1138 1530 1185 1552 Non
1198 1531 1341 1558 conceditur,
1355 1532 1493 1554 intellectum
1506 1532 1590 1555 habere
1607 1532 1715 1557 innatam
1728 1535 1883 1564 coqm'tz'oneoit

1034 1568 1219 1597 universalium,
1245 1570 1286 1592 sed
1304 1571 1381 1599 quoad
1404 1572 1447 1593 1106
1465 1571 1608 1600 approbatur
1631 1573 1729 1595 verbum
1748 1574 1882 1603 Aristotelis,

1035 1609 1135 1630 animam
1153 1615 1203 1630 esse
1227 1611 1326 1631 creatam
1343 1610 1401 1632 sicut
1424 1610 1524 1633 tabulam
1542 1617 1624 1634 rasam.
1648 1612 1698 1640 Quo
1720 1616 1796 1635 61116111
1815 1620 1883 1636 sensu

1035 1646 1129 1670 habitus
1146 1647 1223 1670 z'nmiti
1239 1654 1251 1669 a
1269 1648 1290 1670 S
1304 1648 1401 1671 Doctore
1419 1652 1544 1678 ponantur,
1562 1651 1687 1678 explicatur
1700 1652 1713 1673 1.
1732 1652 1791 1675 Sem.
1805 1653 1826 1675 d.
1850 1653 1882 1675 17.

1035 1693 1057 1714 1).
1076 1686 1089 1708 l.
1108 1693 1129 1715 q.
1149 1686 1168 1712 si,
1187 1690 1209 1709 et
1226 1687 1248 1709 ll.
1268 1687 1328 1709 Sent.
1347 1687 1368 1709 d.
1388 1688 1424 1710 39.
1442 1695 1461 1710 a.
1485 1689 1501 1711 1.
1520 1696 1541 1718 (1.
1561 1690 1581 1711 2.

1098 1726 1120 1748 11.
1138 1725 1277 1756 Differeittt'rt
1295 1730 1368 1749 tamen
1386 1728 1443 1749 inter
1461 1728 1567 1751 doctores
1588 1732 1622 1751 est
1639 1730 1660 1751 in
1684 1730 1753 1752 modo
1772 1731 1879 1759 loquendi

1034 1764 1063 1787 de
1080 1765 1169 1788 aalma
1189 1765 1339 1788 distinctionis
1360 1767 1418 1788 inter
1435 1770 1559 1796 utrumque
1581 1768 1727 1791 intellectum.
1751 1769 1772 1791 S.
1791 1769 1881 1798 Thom.⁷

1034 1803 1092 1826 Petr.
1114 1809 1125 1825 a
1139 1803 1200 1828 Tar..
1213 1804 1319 1827 Richard.
1337 1811 1349 1826 a
1367 1805 1432 1833 Med„
1451 1805 1525 1834 AEgid.
1542 1806 1568 1828 R.
1586 1810 1608 1829 61
1626 1813 1669 1829 11011
1688 1809 1755 1835 pauci
1774 1808 1883 1831 Scotistae

1034 1842 1129 1865 eosdem
1148 1844 1265 1865 nominant
1277 1842 1338 1866 dnus
1353 1843 1480 1873 potentias,
1495 1845 1536 1867 sed
1549 1845 1570 1867 S.
1589 1845 1674 1868 Bonav.
1688 1852 1741 1868 cum
1756 1847 1882 1869 Alexandro

1034 1881 1081 1903 Hal.
1098 1880 1159 1904 (luas
1171 1881 1316 1911 differentius
1328 1882 1481 1906 intellecta-ae
1491 1883 1614 1913 potentiae.
1632 1885 1653 1907 ln
1667 1885 1710 1907 fine
1722 1890 1798 1908 autem
1816 1887 1883 1909 huius

1034 1922 1174 1950 quaestionis
1191 1921 1254 1949 (vide
1277 1922 1432 1951 corollarium)
1451 1924 1589 1951 Seraphicus
1611 1928 1711 1947 mentem
1733 1932 1799 1948 suam
1816 1927 1883 1954 expli-

1034 1963 1083 1983 cat:
1101 1968 1111 1980 «
1124 1960 1172 1982 Non
1192 1961 1304 1983 debemus
1322 1962 1421 1989 cogitare
1439 1963 1505 1991 quasi
1523 1963 1551 1985 de
1569 1963 1661 1986 duabus
1678 1964 1820 1993 substantiis,
1846 1967 1881 1988 vel

1034 2000 1099 2028 (111651
1117 1999 1145 2022 (16
1163 1999 1255 2022 duabus
1272 2001 1380 2028 potentiis
1402 2000 1435 2023 ita
1452 2001 1569 2031 separatis
1585 2011 1594 2022 π
1616 2006 1658 2025 616.
1677 2003 1807 2031 Stephanus
1828 2005 1883 2027 Bru-

1034 2038 1082 2061 lifer
1100 2039 1130 2067 (in
1150 2039 1210 2061 hunc
1228 2039 1314 2068 locum)
1332 2040 1400 2062 refert
1417 2041 1493 2063 varias
1519 2041 1579 2064 Scoti
1598 2043 1806 2071 interpretationes,
1833 2045 1882 2072 ipse

1034 2081 1122 2105 autem,
1150 2077 1285 2101 dissentiens
1303 2084 1315 2100 a
1333 2079 1354 2100 S.
1374 2079 1467 2108 Bonav.,
1494 2081 1597 2108 sequitur
1614 2087 1665 2103 eam
1684 2088 1742 2110 quae
1762 2085 1834 2111 tenet,
1852 2084 1882 2105 in-

1034 2117 1148 2139 tellectum
1162 2121 1268 2145 agentem
1280 2120 1302 2140 et
1314 2118 1447 2146 possibilem
1461 2125 1505 2141 non
1518 2126 1569 2142 esse
1582 2119 1639 2143 duas
1652 2122 1764 2149 potentias
1776 2128 1802 2144 ac
1814 2122 1880 2145 nitito

1033 2156 1103 2179 modo
1121 2156 1231 2185 distingui
1250 2158 1340 2180 realiter
1356 2158 1414 2180 inter
1432 2165 1463 2180 se.

1097 2195 1127 2218 111.
1147 2196 1178 2218 De
1196 2196 1308 2219 intellectu
1321 2200 1403 2224 agente
1421 2199 1442 2219 et
1459 2197 1561 2225 possibili
1580 2198 1640 2220 idem
1659 2198 1724 2222 docet
1740 2199 1798 2222 loan.
1812 2206 1823 2221 a
1837 2200 1882 2221 Ru-

1033 2236 1102 2264 pella,
1116 2236 1179 2258 Sum.
1198 2235 1226 2258 de
1239 2236 1319 2258 Anima
1337 2242 1358 2264 p.
1377 2236 1400 2258 11.
1414 2242 1432 2259 6.
1452 2236 1529 2259 37-39,
1549 2237 1598 2262 (ed.
1611 2238 1677 2260 Prato
1696 2239 1772 2266 Ἰ1882).
1791 2239 1881 2261 Praeter

1033 2276 1078 2297 iam
1095 2275 1187 2297 citatos:
1206 2275 1229 2297 13.
1248 2274 1339 2303 Albert.,
1357 2276 1378 2297 S.
1398 2282 1420 2303 p.
1439 2276 1460 2298 11.
1480 2279 1506 2298 tr.
1524 2276 1555 2298 1:⁸3.
1574 2283 1595 2305 q.
1618 2277 1653 2298 93.
1672 2283 1702 2299 m.
1727 2278 1743 2299 1.
1763 2278 1788 2305 Ξς
1811 2281 1836 2300 tr.
1864 2279 1879 2300 1.

1033 2320 1055 2342 (1.
1074 2313 1094 2335 4.
1113 2319 1142 2336 m.
1162 2314 1182 2336 ⁴2.
1205 2320 1225 2336 a.
1245 2314 1268 2341 3,
1293 2314 1332 2336 cfr.
1350 2315 1417 2336 etiam
1441 2317 1467 2336 tr.
1493 2315 1528 2336 iS.
1550 2321 1571 2343 q.
1596 2315 1632 2337 76.
1657 2321 1688 2337 m.
1707 2316 1727 2338 3.
1746 2329 1775 2331 —
1793 2316 1849 2338 Petr.
1868 2323 1880 2339 a

1034 2352 1094 2380 Tar.,
1113 2352 1149 2374 hic
1167 2358 1188 2380 q.
1208 2352 1228 2374 3.
1247 2359 1266 2374 a.
1285 2353 1305 2374 3.
1325 2365 1354 2368 —-
1371 2353 1476 2375 Richard.
1495 2360 1507 2375 a
1525 2354 1590 2382 Med„
1609 2354 1645 2376 hic
1662 2360 1681 2376 a.
1701 2355 1720 2376 2.
1740 2361 1761 2383 q.
1785 2356 1801 2377 i.
1819 2367 1850 2371 —

709 2436 807 2470 DUBIA
828 2442 921 2470 CIRCA
944 2441 1110 2470 LITTERAM
1132 2442 1295 2470 MAGISTRi.

498 2529 564 2558 Dte.
588 2528 605 2556 1.

208 2624 236 2652 ln
258 2627 337 2661 parte
359 2624 411 2652 ista
439 2627 505 2652 sunt
533 2622 720 2651 dubitationes
741 2622 814 2651 circa
836 2621 974 2656 litteram,

130 2674 157 2700 et
176 2671 267 2708 primo
289 2670 433 2708 quaeritur
456 2670 490 2699 de
521 2670 574 2699 hoc
602 2669 677 2706 quod
710 2669 776 2698 dicit
798 2669 925 2706 Magister
947 2668 974 2697 in

130 2718 235 2752 littera,
257 2718 332 2755 quod
352 2717 487 2746 resistere
508 2716 584 2745 malo
605 2725 664 2745 'non
683 2715 799 2753 facts-set
820 2715 864 2744 itti
892 2715 974 2744 meri-

132 2769 209 2798 tum,
231 2764 302 2803 quia
323 2763 398 2793 nihil
418 2768 483 2792 erat
504 2764 535 2792 in
555 2772 600 2798 eo,
622 2763 700 2802 quod
720 2763 761 2792 (td
781 2762 895 2792 malum
925 2762 976 2791 im-

128 2811 251 2849 pelleret.
273 2811 299 2840 Si
321 2812 393 2840 enim
415 2811 468 2840 hoc
489 2819 588 2840 verum
610 2813 664 2845 est,
687 2814 768 2844 tunc,
785 2818 849 2840 cum
864 2810 975 2838 nullum

131 2859 228 2888 fuisset
248 2858 275 2887 in
297 2859 382 2887 Adam
416 2857 578 2895 impellens,
610 2865 755 2895 nunquam
777 2857 927 2886 meruisset
947 2857 974 2886 in

196 2992 202 3006 1
221 2992 295 3014 Matth.
314 2991 343 3020 4,
366 2992 382 3014 1.
401 2997 480 3020 56(1(1.;
498 2992 553 3014 Luc.
572 2991 600 3020 4,

135 3030 185 3053 lum
203 3031 252 3054 cod.
271 3037 296 3053 aa
315 3030 406 3053 subiicit
422 3029 521 3053 malum.

622 2993 639 3014 t.
658 2998 724 3021 seqq.
740 3004 772 3009 —-
789 2992 838 3015 Mox
857 2995 909 3020 post
926 2991 977 3014 nnl-

1032 2527 1126 2565 aliquo
1147 2535 1231 2565 opere
1254 2536 1313 2557 suo.
1335 2545 1374 2548 —
1395 2528 1478 2563 item,
1500 2528 1628 2558 Christus
1649 2529 1759 2558 nullum
1782 2530 1880 2559 habuit

1033 2575 1150 2604 interius
1173 2574 1319 2611 impellens
1340 2575 1376 2604 ad
1408 2575 1530 2610 malum,
1552 2583 1617 2605 cum
1640 2576 1750 2605 diabolo
1771 2577 1798 2605 in
1825 2580 1880 2606 ten-

1033 2622 1134 2650 tatione
1155 2622 1257 2651 restitit
1269 2622 1285 2656 ¹,
1306 2625 1333 2651 et
1354 2622 1382 2650 in
1410 2622 1543 2660 operibus
1566 2624 1625 2652 suis
1646 2623 1756 2652 nullum
1779 2624 1877 2653 habuit

1032 2668 1179 2698 retrahens
1200 2676 1216 2697 a
1237 2668 1321 2697 bono:
1352 2677 1419 2706 ergo
1449 2669 1519 2698 nihil
1548 2671 1652 2699 meruit
1673 2670 1700 2699 in
1722 2679 1773 2700 sua
1796 2675 1880 2700 tenta-

1032 2716 1105 2745 tione
1126 2723 1177 2745 nec
1198 2716 1226 2744 in
1247 2715 1341 2753 aliqua
1361 2717 1537 2753 operatione;
1566 2717 1641 2754 quod
1663 2718 1775 2746 omnino
1807 2718 1880 2747 nefa·

1032 2763 1107 2792 rium
1130 2766 1172 2792 est
1191 2762 1292 2792 dicere.
1313 2780 1352 2783 —
1373 2763 1452 2798 Item,
1475 2764 1638 2802 exemplum
1664 2765 1747 2794 eius²
1766 2765 1878 2795 videtur

1033 2818 1093 2839 esse
1123 2810 1248 2845 malum,
1280 2818 1343 2839 cum
1375 2810 1534 2847 subiungit:
1565 2811 1648 2840 Sicut
1678 2812 1798 2850 Angelis
1820 2821 1878 2841 nem

1033 2856 1092 2894 suit
1121 2856 1324 2891 meritorium,
1347 2857 1424 2895 quod
1455 2861 1596 2886 steterunt
1604 2869 1614 2892 ;
1649 2858 1701 2888 hoc
1732 2859 1806 2888 enim
1838 2863 1879 2888 est

1096 2991 1105 3006 ²
1122 2991 1211 3014 Scilicet
1228 2991 1343 3019 Magistri,
1361 2991 1397 3013 hic
1414 2992 1436 3013 in
1454 2991 1484 3014 111.
1503 2997 1522 3014 6.
1545 2992 1562 3014 1.
1581 2993 1641 3015 circa
1659 2991 1736 3015 finem.
