2243 3425
4 990 134 1010 Fundamenta.

723 157 807 185 DIST.
829 157 869 185 111.
892 157 918 185 Ρ.
942 157 960 184 Ι.
983 157 1055 185 ART.
1077 157 1094 184 Ι.
1119 157 1254 193 QUAEST.
1277 157 1317 186 111.

143 238 281 257 mentorum.
307 235 364 257 Nam
382 235 477 257 materia
495 236 651 263 metaphysica
669 237 703 257 est
724 244 733 255 ‹-
746 241 787 257 ens
804 235 898 257 omnino
916 235 937 256 in
956 241 994 262 po-

143 275 222 301 tentia,
235 274 287 296 ideo
299 280 341 296 nec
358 279 433 303 ,qenas
450 280 492 296 nec
509 274 595 303 species
612 280 662 296 esse
680 277 770 302 potest,
795 280 855 302 quae
867 273 946 296 dicunt
957 274 994 295 ali-

144 320 191 342 quo
208 314 279 336 modo
296 317 373 336 actum
386 322 395 334 n
418 314 463 339 (hic
480 314 502 335 in
521 313 602 341 corp.).
620 314 681 336 Haec
698 314 773 336 unitas
782 314 857 341 magis
868 313 994 341 explicatur

143 353 200 375 infra
213 359 234 381 q.
253 353 273 375 3.
293 353 324 380 (in
341 352 385 374 fine
403 357 477 380 corp.)
495 354 517 374 et
534 355 630 375 vocatur
648 359 659 374 a
673 353 694 374 S.
707 353 805 374 Doctore
816 351 897 375 unitas
914 351 995 374 homo-

141 391 270 422 qeneitatts.
288 392 465 421 Homoqevnemn
482 394 558 414 autem
585 392 667 415 dicitur
692 393 786 420 proprie
804 391 826 413 id
845 391 908 420 quod
926 391 994 413 habet

142 433 219 459 partes
237 437 317 453 omnes
334 431 439 453 eiusdem
457 432 565 459 rationis,
592 434 616 453 ut
641 437 715 459 aqua,
741 434 763 453 et
788 431 855 452 cuius
879 429 996 459 quaeIIbet

143 477 197 498 pars
214 471 296 498 recipit
314 470 508 498 praedicationem
526 471 601 493 totius.

1862 162 1897 189 99

1115 235 1137 256 ll.
1157 235 1267 257 Auctores
1284 237 1366 265 pauci,
1385 237 1424 265 qui
1443 237 1471 259 de
1497 237 1532 259 liis
1557 240 1667 266 tractant,
1693 244 1743 261 ‘ana
1768 239 1902 267 quaestione

1052 274 1110 296 lianc
1122 276 1144 295 et
1155 276 1291 302 sequentem
1303 274 1433 298 absolvunt.
1448 276 1469 297 ln
1481 276 1594 298 solutione
1612 277 1756 298 consentiunt
1767 277 1860 305 scotus,
1874 277 1902 299 de

1052 312 1138 334 Rerum
1151 313 1248 340 princip.
1267 320 1288 341 q.
1308 314 1327 335 8.
1347 320 1366 335 n.
1386 313 1414 342 4;
1433 314 1539 337 Ricliard.
1558 321 1569 337 a
1588 315 1658 343 Meu„
1672 316 1708 337 liic
1726 322 1745 337 a.
1759 316 1779 338 2.
1798 323 1819 345 q.
1839 317 1859 338 l.
1871 328 1903 333 —

1052 350 1097 373 Sed
1107 351 1164 373 Petr.
1183 358 1194 373 a
1214 351 1278 380 Tan,
1296 353 1332 375 liic
1351 359 1372 381 q.
1396 354 1412 375 l.
1431 360 1450 376 a.
1470 354 1490 375 3.
1504 356 1591 376 tantum
1603 359 1739 382 argumenta
1753 361 1795 383 pro
1807 362 1903 383 respon-

1052 391 1116 413 sione
1129 391 1265 414 affirmativa
1284 394 1306 414 et
1323 394 1429 420 negativa
1447 393 1512 415 affert
1528 397 1551 416 et
1568 394 1646 421 solvit,
1666 395 1720 422 quin
1739 400 1807 417 suum
1825 395 1854 417 (le
1867 396 1901 418 liis

1052 430 1169 452 sententiis
1187 430 1297 453 iudicium
1316 432 1423 459 proferat.

908 558 1072 595 QUAESTIO
1093 558 1133 587 111.

483 653 587 681 Utrum
608 653 737 681 materia
758 652 962 690 corporalium
983 656 1009 681 et
1029 652 1264 690 iucorporalz‘zmz
1287 653 1325 681 sit
1345 661 1408 682 aua
1429 662 1560 683 numero.

222 751 314 780 Tertio
336 750 498 788 quaeritur,
523 755 621 779 utrum
653 751 770 779 materia
803 750 993 788 spiritualium

143 802 170 827 et
191 798 380 835 corporalium
403 798 438 826 sit
469 806 526 826 una
558 797 713 826 secundum
747 806 923 831 numeram,
945 800 994 826 aut

143 845 298 874 secundum
321 844 464 873 unitatem
485 844 586 873 aliam.
604 844 634 873 Et
649 844 725 882 quod
740 845 775 873 sit
789 852 846 873 una
861 852 993 879 numere,

143 892 256 921 videtur
278 892 331 920 sic:

224 940 248 967 l.
271 938 359 968 Omne
381 938 451 967 illud
473 938 547 975 quod
571 938 608 966 ita
634 941 676 967 est
701 946 807 972 unum,
829 938 904 976 quod
938 946 992 966 non

142 986 240 1023 recipit
262 985 482 1019 distinctionem,
509 989 551 1013 est
582 993 671 1014 unum
693 993 813 1014 numero
826 984 853 1019 ¹3
874 985 993 1014 materia

142 1041 192 1071 per
221 1033 370 1062 essentiam
402 1040 483 1061 suam
516 1032 553 1061 ita
574 1036 616 1062 est
648 1041 753 1066 unum,
782 1033 857 1070 quod
879 1033 993 1061 omnino

143 1080 250 1109 nullam
271 1080 356 1108 habet
384 1079 591 1108 distinctionem
620 1080 776 1108 secundum
799 1088 880 1109 suam
902 1088 993 1109 essen-

142 1127 225 1160 tiam,
248 1127 313 1164 quia
344 1127 435 1155 omnis
466 1127 606 1155 distinctio
627 1130 669 1155 est
690 1135 706 1155 a
728 1127 831 1155 forma:
861 1135 927 1164 ergo
949 1135 993 1156 ne-

143 1182 219 1204 cesse
241 1177 295 1208 est,
318 1173 463 1203 materiam
485 1174 510 1202 ln
534 1174 665 1202 omnibus
684 1181 744 1202 esse
759 1182 844 1202 unam
864 1182 991 1203 numero.

222 1223 247 1249 2.
270 1221 353 1255 Item,
380 1228 487 1249 «omne
519 1221 593 1258 quod
626 1224 667 1249 est
696 1229 801 1255 unum,
830 1224 871 1250 est
902 1230 991 1250 unum

143 1268 186 1297 vel
206 1276 323 1305 ycncrc,
345 1267 388 1296 vel
403 1267 513 1304 specie,
533 1267 577 1296 vel
592 1276 716 1296 snmnero
729 1267 739 1282 ²
752 1279 782 1301 )i,'
804 1268 852 1297 sed
876 1269 992 1297 materia

142 1323 197 1344 non
219 1318 261 1343 est
282 1314 379 1343 eadem
401 1315 429 1342 in
451 1314 647 1351 spiritualibus
668 1318 695 1343 et
717 1314 912 1351 corporalibus
933 1316 993 1344 uni-

143 1365 198 1391 tate
210 1361 343 1400 pencris,
360 1361 404 1390 vel
418 1361 540 1398 speciei,
557 1369 621 1389 cum
638 1360 686 1389 illa
700 1361 735 1390 sit
751 1361 842 1389 solum
857 1370 873 1390 a
888 1362 990 1390 forma:

142 1417 208 1447 ergo
230 1418 249 1437 a
271 1408 413 1437 clioz‘sioize
433 1408 551 1436 materia
573 1411 614 1437 est
635 1416 691 1436 una
713 1417 844 1437 numero.

222 1456 247 1485 3.
270 1456 356 1490 Item,
379 1458 467 1484 status
489 1455 632 1492 perfectus
660 1463 715 1484 non
744 1458 835 1492 potest
856 1463 917 1485 esse
938 1456 990 1485 nisi

142 1505 169 1533 in
191 1503 276 1538 uno³,
298 1511 364 1540 ergo
387 1502 458 1531 sicut
486 1505 528 1531 est
560 1505 649 1531 status
670 1502 697 1530 in
720 1510 822 1539 genere
844 1502 992 1541 efficientis

142 1555 168 1581 et
189 1550 279 1588 finis,
307 1551 344 1578 ita
376 1550 403 1578 in
432 1557 535 1586 genere
566 1549 727 1583 materiam
759 1549 808 1578 sed
830 1550 856 1578 in
890 1558 992 1587 genere

142 1597 289 1637 efficientis
309 1596 404 1634 primi
416 1599 443 1625 et
463 1596 532 1633 finis
553 1596 653 1624 alcimi
673 1596 711 1625 sic
733 1599 774 1625 est
796 1598 894 1631 status,
916 1597 991 1633 quod

142 1653 231 1675 unum
254 1645 345 1674 solum
371 1647 413 1673 est
443 1644 567 1681 primum
600 1642 723 1672 efficiens
754 1651 804 1680 per
826 1644 992 1678 essentiam,

142 1693 178 1722 ad
200 1692 275 1730 quod
296 1692 390 1720 omnia
412 1691 604 1719 reducuntur:
627 1698 694 1727 ergo
716 1690 829 1719 videtur
854 1690 991 1725 similiter,

142 1748 206 1770 oum
229 1748 265 1768 ex
287 1742 366 1776 parte
388 1738 567 1767 resolutionis
583 1738 618 1767 sit
639 1740 728 1767 status
749 1738 777 1766 in
792 1738 911 1767 essentia
932 1747 993 1766 ma-

143 1787 250 1821 leriae,
272 1786 348 1824 quod
370 1785 417 1814 illa
439 1786 474 1814 sit
495 1794 551 1814 una
573 1793 699 1814 numero.

221 1835 247 1863 [1.
270 1834 354 1868 Item,
386 1841 451 1862 cum
473 1833 588 1861 dicitur:
612 1833 729 1861 materia
751 1832 853 1870 lapidis
873 1835 915 1861 est
937 1841 993 1861 ma-

142 1883 227 1916 teria,
249 1884 275 1910 et
297 1881 415 1910 materia
443 1880 537 1918 Angeli
569 1883 611 1909 est
641 1881 775 1915 materia,
808 1883 857 1909 aut
889 1880 991 1909 dicitur

143 1929 279 1962 auimce,
302 1931 351 1957 aut
372 1927 542 1965 aequivoce,
575 1930 623 1956 aut
655 1927 730 1955 idem
756 1927 936 1964 praedicatur
957 1928 991 1956 de

142 1984 180 2005 se.
202 1975 255 2004 Sed
277 1983 332 2003 non
353 1974 524 2012 aequivoce,
547 1974 613 2011 quia
635 1977 702 2002 tunc
724 1974 844 2011 Angelus
874 1978 900 2003 et
922 1974 992 2011 lapIs

141 2022 292 2059 aequivoce
314 2021 475 2050 dicerentur
498 2021 683 2055 substantiae,
699 2029 753 2049 non
769 2021 906 2055 univoce,
927 2022 992 2059 quia

141 2069 299 2099 univocatio
322 2072 363 2097 est
384 2068 475 2097 solum
498 2068 525 2096 in
547 2067 645 2096 formis
673 2071 701 2096 et
722 2067 749 2096 in
771 2068 815 2097 bis
846 2076 919 2105 quae
951 2069 991 2097 di-

142 2119 209 2146 cunt
240 2115 391 2144 sormam⁴:
421 2123 487 2152 ergo
519 2117 643 2152 oportet,
673 2115 748 2152 quod
780 2115 855 2144 idem
884 2116 993 2153 praedi-

141 2167 220 2193 cetur
243 2163 277 2192 de
299 2170 340 2191 se:
364 2170 430 2199 ergo
452 2162 474 2191 si
497 2162 613 2190 materia
636 2162 736 2199 lapidis
758 2165 785 2191 et
806 2163 923 2191 materia
945 2164 993 2192 An-

142 2211 195 2248 geli
217 2219 271 2239 non
304 2213 369 2239 sunt
389 2209 487 2247 plures
520 2209 668 2244 materiae,
698 2209 747 2238 sed
776 2210 874 2244 umca,
897 2213 992 2245 restat,

141 2258 215 2296 quod
247 2257 364 2286 materia
391 2259 433 2285 est
461 2257 488 2285 in
522 2256 717 2294 spiritualibus
746 2260 774 2285 et
795 2257 992 2294 corporalibus

142 2312 261 2333 numero
283 2312 347 2332 una.

223 2353 248 2379 5.
271 2351 351 2385 Item,
383 2350 572 2387 intelligamus
604 2350 750 2378 materiam
783 2349 841 2379 sive
864 2350 993 2387 spiritua-

1051 750 1141 785 lium,
1164 751 1222 780 sive
1244 751 1434 788 corporalium
1456 760 1506 789 per
1528 752 1745 782 abstractionem
1761 754 1796 783 ab
1818 754 1904 783 omni-

1051 797 1104 826 bus
1126 797 1240 831 formis;
1263 798 1430 835 intelligitur
1453 798 1569 827 materia
1591 802 1622 827 ut
1642 800 1782 837 simplex,
1806 801 1903 829 intelli-

1051 844 1126 881 gitur
1148 844 1266 873 materia
1297 848 1328 873 ut
1359 845 1468 879 amca,
1500 845 1579 874 nullo
1610 847 1694 875 modo
1716 847 1902 884 multiplicata

1050 899 1101 920 nec
1127 892 1272 926 distincta3
1299 892 1347 921 sed
1377 892 1484 921 formae
1513 894 1745 930 supervenientes
1767 902 1821 923 non
1844 903 1903 923 inu-

1050 942 1109 967 tant
1136 939 1291 967 essentiam
1319 939 1467 974 materiae,
1499 940 1545 969 sed
1577 940 1668 969 solum
1691 949 1767 969 esse:
1790 949 1857 978 ergo
1879 942 1902 970 si

1047 986 1136 1023 prius
1163 989 1223 1015 erat
1252 989 1390 1024 quantum
1422 987 1457 1015 ad
1479 987 1628 1016 essentiam
1661 987 1744 1016 unica
1766 996 1902 1023 numero,

1050 1041 1116 1070 ergo
1138 1042 1234 1067 manc,
1256 1041 1322 1062 cum
1343 1034 1428 1063 habet
1450 1034 1562 1063 formas.

1130 1081 1155 1109 6.
1189 1081 1269 1115 Item,
1302 1080 1492 1118 intelligamus
1523 1089 1574 1118 per
1604 1081 1790 1118 impossibile,
1825 1083 1901 1119 quod

1050 1127 1125 1156 Deus
1146 1127 1181 1155 de
1203 1136 1259 1155 uno
1282 1127 1374 1165 lapide
1396 1128 1500 1156 faceret
1521 1128 1672 1165 Angelum,
1694 1132 1759 1158 tunc
1782 1132 1903 1158 mutare-

1050 1178 1096 1203 tur
1127 1173 1230 1211 forma
1262 1178 1289 1203 et
1319 1183 1379 1203 esse
1411 1175 1561 1209 materiae,
1588 1175 1637 1204 sed
1669 1175 1794 1204 essentia
1829 1179 1902 1205 esset

1050 1221 1141 1250 salva:
1171 1229 1238 1258 ergo
1270 1221 1407 1256 materia,
1430 1230 1494 1250 cum
1517 1221 1552 1250 sit
1583 1230 1640 1250 una
1660 1230 1712 1259 per
1733 1223 1901 1258 essentiam,

1050 1269 1133 1298 etiam
1166 1269 1193 1297 in
1224 1269 1275 1297 liac
1306 1269 1541 1298 transmutatione
1563 1273 1604 1298 est
1632 1269 1708 1298 illius
1740 1270 1902 1299 mutationis

1050 1316 1222 1349 subiectum;
1244 1316 1293 1345 sed
1316 1316 1362 1344 illa
1392 1316 1509 1345 mutatio
1531 1319 1572 1345 est
1604 1325 1660 1345 una
1681 1325 1812 1346 numero:
1835 1326 1902 1355 ergo

1049 1364 1167 1393 materia
1181 1372 1232 1401 per
1248 1364 1397 1393 essentiam
1414 1367 1507 1392 manet
1522 1372 1579 1392 una
1597 1372 1724 1393 numero.
1750 1365 1902 1402 Aoyaz'tar

1049 1419 1116 1448 ergo
1138 1411 1189 1440 sic:
1213 1411 1233 1439 si
1268 1411 1293 1439 in
1324 1410 1372 1439 illo
1402 1411 1504 1447 Angelo
1526 1411 1565 1440 sic
1596 1411 1735 1448 producto
1760 1415 1788 1441 et
1809 1412 1902 1449 lapide

1049 1457 1257 1494 praeexistente
1279 1460 1320 1485 est
1351 1457 1469 1485 materia
1491 1465 1548 1485 una
1571 1465 1707 1492 numero,
1739 1461 1766 1487 et
1792 1461 1901 1487 tantum

1049 1504 1134 1533 distat
1156 1504 1201 1532 ille
1223 1504 1344 1541 Angelus
1359 1512 1375 1532 a
1390 1507 1491 1533 natura
1507 1505 1661 1541 corporali,
1676 1508 1813 1542 quantum
1828 1505 1901 1534 alius

1049 1551 1184 1588 Angelus:
1207 1559 1274 1587 ergo
1296 1551 1425 1585 videtur,
1453 1551 1529 1588 quod
1552 1552 1579 1580 in
1611 1552 1672 1580 aliis
1694 1552 1803 1589 Angelis
1825 1557 1852 1581 et
1874 1553 1900 1581 in

1049 1597 1111 1626 aliis
1132 1597 1218 1626 rebus
1240 1597 1435 1634 corporalibus
1467 1597 1501 1626 sit
1529 1598 1646 1626 materia
1668 1606 1724 1626 una
1750 1606 1869 1627 numero
1882 1599 1900 1627 ⁵.

1128 1645 1256 1673 Cou'rim:
1282 1645 1305 1672 l.
1329 1644 1419 1673 Unum
1441 1652 1561 1673 numero
1583 1645 1696 1681 respicit
1717 1653 1778 1674 esse
1803 1646 1901 1675 indivi-
1914 1656 1943 1675 Aci
1956 1662 1980 1680 op

1957 1686 1967 1698 u

1049 1692 1138 1721 duum
1161 1692 1219 1720 sive
1248 1691 1490 1726 individuatum⁶3
1522 1691 1571 1720 sed
1604 1692 1722 1720 materia
1754 1692 1781 1720 in
1806 1700 1901 1730 corpo-

1049 1739 1156 1767 ralibus
1178 1742 1205 1767 et
1227 1738 1422 1775 spiritualibus
1452 1747 1505 1767 non
1528 1741 1570 1767 est
1599 1747 1656 1767 una
1677 1739 1783 1768 unitate
1805 1739 1903 1768 indivi-

1049 1785 1144 1815 duali:
1166 1793 1233 1822 ergo
1255 1793 1305 1814 nec
1328 1793 1384 1814 una
1399 1788 1441 1814 est
1456 1786 1612 1814 secundum
1628 1793 1788 1814 numerum.
1804 1786 1901 1814 illator

1049 1825 1126 1870 patet
1134 1844 1140 1867 3
1162 1833 1261 1860 minor
1283 1832 1420 1869 probatur
1442 1840 1493 1870 per
1508 1833 1569 1867 hoc,
1585 1833 1660 1869 quod
1681 1840 1901 1870 «quaecumque

1050 1883 1114 1909 sunt
1136 1880 1235 1908 eadem
1258 1887 1378 1908 numero
1399 1879 1483 1908 alicui
1506 1879 1670 1913 individuo,
1693 1879 1764 1908 inter
1787 1888 1816 1909 se
1837 1883 1903 1909 sunt

1049 1936 1106 1956 una
1121 1935 1240 1955 numero
1252 1938 1279 1961 »ς
1296 1927 1344 1956 sed
1366 1926 1487 1963 Angelus
1502 1935 1518 1955 a
1534 1934 1585 1955 sua
1607 1927 1724 1956 materia
1739 1935 1793 1955 non
1809 1927 1902 1956 differt

1049 1981 1184 2008 numero,
1207 1981 1257 2002 nec
1280 1973 1351 2010 lapis
1373 1982 1389 2002 a
1411 1982 1476 2002 sua:
1510 1982 1577 2010 ergo
1609 1974 1630 2002 si
1660 1974 1778 2003 materia
1801 1974 1902 2011 lapidis

1049 2024 1076 2049 et
1097 2020 1191 2057 Angeli
1207 2024 1249 2049 est
1264 2028 1320 2049 una
1342 2028 1473 2055 numeru,
1489 2029 1556 2058 ergo
1572 2020 1642 2058 Iapis
1657 2024 1685 2049 et
1700 2021 1821 2058 Angelus
1837 2023 1902 2050 sunt

1049 2075 1139 2097 unum
1161 2075 1295 2101 numero,
1318 2068 1393 2104 quod
1416 2068 1517 2096 falsum
1540 2070 1590 2096 est.

1130 2116 1156 2143 ⁹2.
1186 2115 1267 2149 Item,
1295 2123 1390 2143 auam
1421 2117 1449 2143 et
1476 2114 1603 2143 maltam
1633 2118 1699 2143 sunt
1728 2115 1901 2144 differentiae

1050 2162 1137 2196 entis,
1159 2164 1186 2190 et
1208 2162 1278 2191 entIs
1312 2162 1339 2190 in
1361 2162 1468 2195 acta⁷;
1497 2162 1546 2190 sed
1577 2161 1694 2190 materia
1724 2166 1766 2191 est
1788 2162 1901 2190 omnino

1050 2216 1100 2238 ens
1121 2209 1149 2237 in
1168 2209 1316 2245 potentia.-
1339 2217 1405 2246 ergo
1427 2209 1449 2237 si
1472 2209 1626 2238 dividentia
1654 2217 1709 2237 non
1731 2209 1901 2238 conveniunt

1050 2256 1103 2285 nisi
1125 2256 1177 2289 eis,
1197 2256 1301 2292 quibus
1323 2256 1452 2285 convenit
1473 2256 1615 2285 divisum:
1638 2263 1705 2292 ergo
1721 2256 1799 2284 nullo
1815 2255 1899 2284 modo

1050 2306 1140 2340 potest
1162 2303 1214 2331 dici
1239 2303 1356 2331 materia
1376 2310 1427 2340 pei·
1442 2303 1591 2332 essentiam
1612 2311 1669 2331 una
1691 2311 1819 2332 numero.

1131 2349 1156 2378 3.
1180 2350 1262 2384 lteni,
1286 2350 1307 2379 si
1331 2350 1366 2379 de
1398 2358 1467 2378 auro
1500 2358 1556 2378 uno
1588 2350 1655 2378 fiant
1684 2350 1797 2379 diversa
1830 2358 1902 2379 vasa

206 2496 212 2509 ¹
232 2496 280 2518 Sul)
298 2497 341 2517 hoc
367 2497 472 2523 respectu
491 2495 521 2516 ait
538 2495 640 2521 Ariston,
659 2494 673 2515 l.
692 2493 772 2521 Topic.
795 2500 814 2516 c.
833 2495 854 2516 6.
873 2494 901 2521 (c.
920 2494 951 2522 5.)
972 2496 994 2516 et

144 2535 189 2556 Vll.
208 2541 226 2557 c.
249 2535 254 2556 l
269 2541 274 2556 ε
296 2543 305 2553 ιι
320 2534 415 2556 Maxime
433 2536 509 2556 autem
522 2533 677 2555 indubitanter
689 2533 753 2561 quod
765 2539 838 2555 unum
850 2534 884 2555 est
896 2539 993 2555 numero

143 2573 205 2595 idem
222 2573 252 2595 ab
269 2573 378 2595 omnibus
396 2572 488 2595 videtur
506 2572 550 2594 dici
564 2580 584 2594 n.
602 2572 721 2594 Rationem
734 2571 823 2594 minori
833 2571 935 2594 additam
950 2572 992 2593 Vll.

143 2613 240 2640 Metapli.
259 2616 311 2635 text.
330 2612 366 2634 49.
385 2612 430 2639 (Vl.
449 2618 467 2634 c.
495 2612 538 2640 13.)
565 2612 593 2634 ita
620 2613 741 2640 exprimit:
768 2610 780 2638 ὴ
806 2608 849 2640 γὰρ
868 2609 994 2642 ἐντελέχεια

142 2650 232 2682 χωρίζει
250 2652 263 2673 i.
281 2658 300 2673 e.
319 2654 383 2674 actus
399 2657 500 2680 namque
517 2654 614 2679 separat.
632 2663 664 2667 —
681 2651 702 2672 ln
721 2652 770 2679 ipsa
788 2649 877 2673 minori
899 2649 949 2672 cod.
968 2656 994 2672 cc

143 2693 165 2712 et
181 2690 217 2712 ed.
240 2691 244 2711 1
267 2690 300 2712 aa
317 2691 351 2713 est
368 2696 415 2713 nna
434 2696 477 2718 pro
495 2690 528 2712 ila
545 2691 579 2712 est
597 2696 678 2712 anum.

206 2729 215 2743 ἵ
233 2730 338 2757 Aristot.‚
356 2729 370 2751 l.
389 2729 468 2757 Topic.
487 2735 506 2751 c.
525 2729 545 2750 6.
565 2729 592 2753 (c.
611 2729 642 2757 ὃ.)
669 2731 690 2750 el
717 2729 743 2750 V.
770 2728 866 2756 llletaph.
885 2730 935 2749 text.
956 2728 992 2749 42.

144 2769 189 2793 (IV.
208 2775 226 2791 c.
245 2769 284 2795 6,).
302 2780 333 2784 -
351 2768 426 2790 Verba
445 2774 501 2797 erqo
522 2774 537 2789 a
562 2767 673 2790 divisione
692 2767 751 2795 (Vat.
764 2767 828 2789 addit
844 2766 989 2796 sztfficlrvttt'),

143 2814 202 2836 quae
218 2808 239 2829 in
258 2807 302 2829 fine
320 2808 449 2835 argumenti
468 2807 592 2834 habentur,
611 2806 741 2834 significant
758 2806 854 2828 modum
871 2812 992 2834 argumen-

143 2846 218 2873 tandi⁷
236 2846 265 2868 de
283 2852 329 2874 quo
348 2849 402 2868 tom.
420 2845 434 2867 l.
453 2852 506 2873 pag.
526 2845 583 2873 420,
602 2848 654 2867 nota
673 2845 694 2867 5.

206 2884 216 2898 ³
232 2884 276 2907 Clr.
295 2885 396 2911 Aristot.‚
416 2884 460 2905 Vll.
479 2884 558 2911 Topic.
577 2889 596 2905 c.
619 2884 623 2904 l
641 2891 645 2910 ;
665 2883 718 2904 Vlll.
738 2883 803 2910 Phys.
827 2886 878 2905 text.
902 2882 937 2905 48.
962 2882 993 2910 (c.

144 2924 190 2951 6.J;
209 2924 232 2945 ll.
251 2924 347 2951 Metapn.
375 2926 426 2945 text.
445 2923 466 2944 ’3.
484 2926 505 2945 ct
523 2923 569 2944 ΧΗ.
587 2925 638 2944 text,
657 2922 693 2944 56.
713 2921 737 2950 (l.
752 2917 820 2944 brev.
839 2928 858 2944 c.
877 2923 898 2944 Ξ.
916 2925 936 2944 el
954 2922 991 2944 Xl.

144 2969 162 2985 c.
186 2963 237 2991 lO.).
254 2975 285 2979 ——
302 2962 357 2985 Cod.
377 2962 394 2985 Ο
411 2961 458 2985 nisi
474 2961 499 2985 in
516 2968 564 2984 uno
582 2967 682 2984 numero
693 2969 700 2984 :
717 2961 780 2984 mule
796 2961 858 2984 sicat
868 2964 909 2983 etc.
923 2961 992 2983 Paulo

1050 2495 1145 2516 inferius
1163 2494 1265 2516 nonnulli
1283 2493 1351 2515 codd.
1369 2499 1422 2515 cum
1441 2493 1477 2515 ed.
1499 2493 1504 2514 l
1527 2494 1560 2515 est
1575 2492 1721 2522 principiitm
1739 2493 1840 2523 efficiens
1857 2500 1899 2522 pro

1050 2535 1084 2556 est
1097 2534 1205 2563 primam
1224 2532 1331 2563 efficiens.

1112 2571 1121 2586 ⁴¹
1139 2573 1245 2599 Aristot,
1265 2572 1293 2593 (le
1312 2571 1451 2593 Praeilicam.
1478 2572 1499 2593 in
1526 2572 1598 2599 princ.
1625 2574 1648 2593 et
1671 2577 1690 2593 c.
1708 2570 1735 2594 [le
1752 2570 1898 2595 Substantia.

1049 2623 1081 2627 -—-
1097 2612 1148 2633 Post
1166 2610 1193 2633 (Ie
1210 2617 1233 2633 se
1251 2612 1272 2633 in
1291 2610 1341 2633 cod.
1360 2616 1385 2632 cc
1402 2614 1424 2633 et
1440 2610 1477 2632 ed.
1499 2611 1503 2632 1
1526 2610 1618 2633 additur
1636 2610 1693 2639 ipso.

1113 2650 1123 2664 5
1141 2650 1190 2671 Vnt.
1209 2650 1290 2671 oniittIt
1308 2650 1329 2671 in
1348 2650 1390 2671 hac
1407 2655 1473 2677 prop.
1493 2648 1563 2671 verba
1582 2648 1607 2671 in
1624 2648 1678 2671 celiis
1695 2648 1791 2678 Anqelis
1812 2650 1839 2671 ct.
1858 2649 1900 2671 Ali-

1050 2692 1136 2717 quanto
1154 2690 1261 2716 superius
1279 2688 1330 2711 cod.
1349 2688 1364 2710 F
1382 2688 1447 2711 illius
1472 2688 1679 2711 trmzsmutationts
1704 2687 1835 2712 subiectum
1857 2694 1899 2716 pro

1050 2727 1115 2750 itlius
1132 2727 1270 2749 mulatimzis
1287 2726 1425 2750 subiectam.

1112 2766 1122 2781 6
1140 2767 1195 2788 Nam
1212 2767 1242 2787 ait
1253 2766 1351 2794 Aristot.‚
1370 2766 1401 2788 111.
1417 2767 1514 2794 llletapli.
1529 2769 1580 2789 text.
1602 2766 1634 2788 lsi.
1653 2766 1686 2791 (ll.
1705 2772 1723 2788 c.
1743 2766 1781 2794 li.):
1799 2766 1899 2788 Numero

1050 2811 1121 2827 unum
1135 2806 1211 2827 dicere
1228 2808 1267 2827 aut
1283 2805 1399 2832 singulare
1418 2805 1471 2826 niliil
1489 2805 1781 2827 difler1.-l³r0bationem
1799 2804 1900 2827 miinoris

1050 2845 1148 2866 insinuat
1160 2844 1257 2871 Arislot„
1271 2844 1315 2865 Vll.
1329 2844 1408 2871 Topic.
1426 2850 1444 2866 c.
1467 2844 1484 2865 l.
1502 2847 1524 2866 ct
1540 2844 1554 2865 l.
1573 2844 1640 2871 Phys.
1659 2846 1709 2866 text.
1729 2843 1762 2865 17.
1777 2844 1806 2871 (c.
1822 2844 1861 2872 2.).

1112 2883 1122 2897 7
1140 2884 1229 2905 Atisim.
1241 2901 1246 2907 ,
1259 2883 1290 2904 111.
1304 2883 1400 2911 Metapli.
1414 2885 1465 2905 text.
1483 2883 1515 2904 16.
1530 2883 1561 2908 (ll.
1580 2889 1599 2905 c.
1618 2882 1648 2911 4.)
1660 2888 1665 2905 ζ
1678 2882 1758 2905 Omnia
1772 2889 1828 2905 vero
1840 2883 1899 2905 entia

1049 2926 1087 2944 aut
1113 2928 1185 2944 unum
1212 2925 1251 2944 aut
1277 2922 1355 2950 plura,
1382 2928 1482 2951 quorum
1509 2922 1693 2951 unumquodque
1720 2928 1792 2944 unum
1810 2925 1850 2944 est.
1867 2934 1899 2938 —

1050 2961 1119 2983 Paulo
1137 2962 1231 2983 inferius
1247 2962 1299 2983 voci
1317 2960 1419 2984 divisam
1437 2961 1488 2984 cod.
1506 2961 1524 2983 U
1542 2962 1666 2989 praemittit
1683 2967 1739 2984 esse.

1982 1657 2031 1681 posi-
