2243 3425
465 302 525 330 CAP.
545 303 600 330 VII.

263 387 339 421 Quod
358 388 492 424 originale
507 392 646 424 peccatam
666 391 703 414 est
722 387 810 422 culpa.

182 475 233 502 Sed
253 475 327 509 quod
347 474 476 509 originale
498 477 641 508 peccatum
662 473 743 508 culpa
766 473 812 505 sit,
836 471 960 506 pluribus

13 523 68 542 *uua
80 522 97 540 2·
112 519 270 546 Sanctorum
285 517 443 544 testimoniis
463 517 598 544 edocetur.
614 516 700 550 Super
719 515 813 542 Exodo
826 514 847 546 ¹,
860 514 906 541 ubi
921 513 960 540 di-

28 551 75 566 vera.
112 562 198 589 citur:
219 559 436 596 Primoyenitam
455 559 530 587 asini
540 558 658 586 mutabis
678 566 739 589 ove,
753 558 897 592 Gregorius
911 557 959 585 ait:

14 609 16 637 3
31 609 98 633 gorius.
118 614 129 626 ι(
142 602 238 629 Omnes
252 602 277 628 in
291 601 411 637 peccatis
425 601 479 628 nati
493 608 598 632 sumus,
613 604 638 627 et
650 608 685 627 ex
699 600 788 627 carnis
808 598 961 625 delectatio-

14 639 17 650 ‘
109 653 143 673 116
153 645 286 680 concepti,
300 645 408 679 culpam
422 644 579 678 originalem
594 643 671 670 nobis
685 642 878 673 contraximus,
889 640 961 667 unde

111 692 136 716 et
155 689 291 716 voluntate
304 691 393 715 nostra
409 689 528 722 peccatis
542 687 748 721 implicamur».
762 694 797 705 -ἑ
810 684 891 711 Ecce!
907 684 962 711 cat-

110 740 175 768 pam
193 731 356 766 oriqz’aalem
375 731 441 757 dicit
454 738 502 757 nos
522 729 646 762 tralzere,·
660 729 732 756 unde
751 731 867 758 constat,
885 727 963 760 origi-

111 775 171 802 nale
189 777 332 809 peecatum
346 773 453 808 culpam
472 780 539 800 esse.
552 772 717 806 Augustinus
730 778 838 806 quoque
853 771 878 797 in
893 770 962 797 libro

27 820 100 839 istiuas.
111 818 144 844 de
158 817 259 844 Natura
278 820 303 843 et
317 816 419 851 gratia²
440 816 473 842 de
487 816 539 842 hoc
553 815 647 842 eodem
662 815 701 841 sic
721 814 769 841 ait:
789 825 800 837 «
813 814 920 844 Omnes,
935 816 964 840 ut

112 861 149 888 ait
166 859 324 895 Apostolus,
338 862 534 895 peccaverant,
548 858 641 893 utique
661 857 702 884 vel
729 857 755 884 in
778 864 807 884 se
822 857 898 892 ipsis,
920 856 962 883 vel

111 905 137 932 in
158 904 258 937 Adam,
278 903 342 938 quia
362 903 419 929 sine
443 906 555 937 peccato
577 909 628 929 non
656 905 729 933 sunt,
750 901 791 928 vel
812 900 884 935 quod
911 899 964 926 ori-

111 948 235 982 ginaliter
260 949 445 979 attraxerunt⁷
471 946 515 972 vel
540 945 614 980 quod
639 944 717 972 malis
744 943 866 971 moribus
892 942 964 969 addi-

111 991 246 1018 derunt».
277 990 445 1016 «Peccatum
464 989 535 1015 enim
555 988 635 1023 primi
662 987 779 1014 hominis
798 994 850 1013 non
876 986 963 1013 solum

111 1035 213 1069 ipsunt,
233 1033 281 1060 sed
300 1040 380 1060 omne
399 1033 491 1059 nocuit
508 1040 592 1067 genus
612 1032 774 1063 humanum,
795 1030 858 1065 quia
879 1037 912 1056 ex
932 1037 963 1056 eo

112 1077 310 1104 damnationem
331 1075 411 1103 simul
431 1078 457 1102 et
476 1075 584 1109 culpam
604 1075 812 1109 suscepimus».
831 1073 903 1100 Idem
923 1081 964 1099 su-

111 1128 160 1156 per
180 1120 284 1147 Psalmo
306 1117 563 1155 quinquagesimo³:
589 1117 689 1149 «Quod
709 1117 742 1144 de
762 1124 877 1151 corpore
897 1123 965 1142 mor-

111 1167 158 1191 tuo
178 1164 325 1190 seminatur
348 1169 408 1189 cum
430 1161 537 1188 vinculo
557 1161 663 1196 peccati
684 1160 822 1194 originalis
844 1159 964 1186 nascitur

112 1211 138 1235 et
157 1207 284 1234 mortis».
310 1205 393 1232 «Ideo
407 1205 488 1239 igitur
507 1212 537 1232 se
556 1205 582 1231 in
596 1203 784 1239 iniquitatibus
802 1206 962 1238 conceptum

113 1251 178 1277 dicit
191 1249 289 1281 David,
303 1249 367 1284 quia
380 1248 406 1275 in
421 1247 547 1275 omnibus
561 1247 676 1274 trahitur
690 1247 818 1281 iniquitas
832 1253 865 1273 ex
878 1246 964 1273 Adam

113 1297 138 1321 et
158 1293 295 1320 vinculum
315 1292 426 1325 inortis;
446 1298 524 1318 nemo
544 1291 615 1318 6111111
636 1290 756 1317 nascitur
781 1290 832 1316 uisi
856 1289 964 1316 trahens

109 1344 227 1373 poenam
256 1339 282 1363 et
306 1334 436 1362 meritam
460 1342 568 1369 poenae.
594 1333 724 1361 Meritum
749 1336 839 1360 autem
864 1340 964 1368 poenae

112 1383 256 1416 peccatum
276 1382 323 1406 est.
337 1378 428 1406 Omnis
442 1385 517 1412 ergo,
537 1377 584 1412 qui
597 1377 717 1404 nascitur
737 1384 786 1411 per
799 1376 888 1403 carnis
905 1383 965 1402 con-

113 1423 320 1458 cupiscentiam,
340 1425 481 1456 peccatum
502 1421 592 1447 trahit.
612 1421 756 1447 Peccatum
774 1420 866 1454 itaque
885 1419 965 1452 origi-

113 1467 173 1494 nale
193 1465 274 1501 culpa
292 1468 345 1497 est,
372 1471 453 1499 quam
476 1471 568 1491 omnes
594 1463 876 1497 concupiscentialiter
902 1469 965 1488 con-

114 1510 184 1545 cepti
212 1509 321 1536 trahunt
339 1519 362 1535 ».
388 1507 464 1534 Unde
489 1507 517 1534 in
542 1507 740 1533 Ecclesiasticis
766 1505 964 1540 Dogmatibus¹

114 1553 246 1587 scriptum
266 1555 319 1578 est:
346 1563 355 1574 κ
369 1550 535 1577 Firmissime
556 1554 615 1576 tene
629 1553 654 1576 et
673 1549 826 1576 nullatenus
843 1548 964 1579 dubites,

115 1603 220 1624 omnem
240 1595 390 1628 hominem,
410 1595 519 1629 (11111161-
539 1593 713 1620 concubitum
734 1593 783 1619 viri
799 1596 824 1619 et
844 1592 965 1619 mulieris

89 1662 91 1665 ,
115 1639 278 1674 concipitur,
297 1645 360 1665 cum
380 1637 503 1671 originali
523 1640 636 1672 peccato
653 1636 740 1669 nasci,
761 1636 892 1670 impietati
906 1635 966 1661 sul)-

115 1682 199 1709 (litum
214 1681 348 1716 mortique
361 1680 527 1712 subiectum,
546 1683 571 1707 et
585 1679 619 1707 ob
633 1679 685 1706 hoc
704 1683 806 1706 wazzo-a
819 1678 877 1705 irae
889 1678 968 1705 nasei

113 1725 219 1761 fitium,
239 1732 255 1752 a
274 1732 328 1760 qua
347 1724 436 1751 nullus
458 1723 601 1757 liberatur,
621 1723 672 1750 nisi
691 1731 741 1758 per
762 1723 842 1750 fidem
862 1721 967 1749 Media-

117 1768 182 1795 torz's
202 1767 253 1795 Dei
270 1771 294 1794 et
312 1766 455 1794 hominum
469 1778 494 1794 n.
506 1782 542 1786 -
561 1767 607 1793 His
626 1767 740 1801 aliisque
760 1765 967 1793 auctoritatibus

117 1812 255 1839 evidenter
274 1811 436 1842 ostenditur,
459 1813 600 1845 peccatum
621 1809 751 1843 originale
774 1809 883 1844 culpam
908 1815 967 1835 6556

117 1855 187 1882 etin
214 1854 340 1882 omnibus
365 1853 647 1888 concupiscentialiter
666 1853 762 1888 genitis
789 1852 858 1879 trahi
882 1859 897 1878 a
924 1858 968 1886 pa-

117 1898 245 1926 rentibus.

469 1975 530 2003 CAP.
554 1976 619 2003 VIII.

174 2062 250 2096 Quod
269 2062 403 2098 orz'yt'nale
419 2066 557 2098 peccatam
578 2061 679 2089 (licitur
697 2062 780 2097 fomes
796 2060 915 2097 peccati,

380 2105 409 2132 ἰαί
429 2110 465 2133 est
484 2105 707 2141 concupiscentia.

190 2194 267 2220 Nunc
280 2196 405 2228 superest
418 2192 522 2224 videre,
537 2192 602 2227 quid
616 2192 651 2218 sit
664 2192 752 2226 ipsum
767 2191 897 2225 originale
911 2198 971 2226 pec-

120 2240 222 2270 catum,
242 2237 315 2272 quod
335 2244 397 2263 cum
418 2243 469 2263 non
489 2237 522 2263 sit
542 2235 661 2267 actuale,
687 2243 739 2263 non
759 2239 799 2262 est
820 2240 894 2262 (ictas
914 2236 971 2262 sive

118 2284 207 2308 motus
227 2280 332 2308 animae
352 2280 394 2307 vel
414 2279 545 2314 corporis.
565 2279 593 2306 Si
613 2279 683 2306 enim
707 2282 780 2306 actas
808 2281 848 2306 est
867 2279 972 2306 animae

120 2324 162 2352 vel
182 2324 319 2359 corporis⁷
339 2323 444 2351 actitata
463 2323 558 2358 utique
571 2326 714 2357 peccatum
735 2326 786 2354 est;
806 2322 853 2349 sed
867 2322 972 2348 aetaale

121 2375 173 2394 non
193 2370 244 2394 est:
259 2375 311 2393 non
333 2370 373 2394 est
387 2366 467 2400 igitur
480 2370 554 2393 aetas
568 2366 610 2393 vel
630 2370 726 2393 motus.
740 2365 809 2397 Quid
829 2365 909 2399 igitur
923 2365 972 2391 ori-

121 2409 208 2444 ginale
221 2412 363 2444 peccatum
383 2408 498 2435 dicitur?
511 2409 606 2435 Fomes
622 2407 738 2443 peccati,
752 2407 857 2434 scilicet
875 2415 972 2434 concu-

121 2453 252 2488 piscentia
272 2452 314 2479 vel
335 2452 598 2487 concupiscibilitas,
618 2458 688 2486 quae
707 2451 807 2478 dicitur
826 2451 869 2477 lex
891 2457 972 2477 mem-

183 2571 190 2586 1
210 2571 265 2600 Cap.
285 2572 324 2600 43,
346 2571 387 2599 133
412 2572 480 2600 Greg.
499 2571 591 2593 XXVII.
617 2570 694 2593 Moral.
712 2576 731 2593 c.
753 2572 786 2593 lS.
805 2577 826 2593 n.
845 2571 889 2599 39,
907 2572 929 2592 et
951 2571 973 2593 in

123 2611 201 2634 Glossa
227 2611 289 2639 apud
314 2611 439 2639 Lyranum.
466 2611 488 2633 ln
510 2617 557 2640 quo
579 2613 641 2633 textu
662 2616 705 2639 pro
722 2609 789 2633 nobis
806 2609 973 2633 contraximus

125 2651 173 2673 Vat.
192 2657 245 2673 cnm
268 2650 335 2673 codd.
353 2650 423 2673 ΑΒΕ
441 2653 463 2673 et
480 2649 532 2673 edd.
552 2650 578 2678 2,
598 2650 623 2679 3,
643 2649 670 2678 4,
689 2649 714 2678 5,
733 2650 758 2678 6,
776 2649 801 2677 7,
820 2650 833 2672 9
852 2655 897 2671 non
914 2649 974 2671 bene

125 2689 249 2712 nobiscum
266 2689 394 2718 tremimus,
413 2692 434 2711 et
452 2689 535 2712 deinde
552 2689 634 2712 eadem
652 2695 704 2711 cum
722 2689 829 2718 pluribus
846 2689 899 2711 cdd.
913 2688 974 2711 dizit

33 2726 36 2759 ᾗ
124 2735 166 2757 pro
184 2728 245 2752 dicit.

186 2768 196 2782 ⁴²
213 2767 267 2796 Cap.
286 2767 306 2790 4.
325 2774 346 2790 n.
365 2767 385 2790 4.
398 2768 449 2797 Seq.
462 2768 526 2791 locus
537 2771 572 2791 est
584 2769 605 2790 ll.
619 2769 783 2797 Hypognostic.
803 2774 822 2790 c.
840 2767 860 2789 4.
879 2774 899 2790 n.
918 2767 939 2789 li.
952 2767 974 2789 ln

126 2808 201 2835 primo
220 2810 280 2830 textu
298 2807 349 2830 Vat.
364 2814 416 2830 cum
430 2807 536 2836 pluribus
548 2807 601 2830 edd.
619 2811 642 2830 et
653 2807 703 2830 cod.
716 2808 733 2829 A.
747 2808 921 2831 contrua-crunt
933 2812 975 2835 pro

126 2847 287 2869 attraxerant.
305 2847 327 2868 ln
345 2846 447 2869 seeundo
465 2847 515 2869 loco
532 2853 575 2875 pro
588 2846 674 2874 nocuit,
693 2846 756 2875 quod
768 2846 852 2869 liabent
870 2846 975 2874 August„

128 2885 194 2907 codd.
207 2888 228 2907 et.
239 2885 292 2907 edd.
308 2886 325 2914 l⁷
339 2886 351 2907 8
362 2904 367 2913 ,
380 2886 430 2908 Vat.
443 2892 497 2908 cum
510 2886 558 2909 aliis
569 2886 622 2909 edd.
636 2885 734 2909 necarit.
745 2886 814 2907 —De
825 2891 910 2908 nocere
922 2891 975 2907 cum

85 2945 88 2947 .
128 2925 260 2947 accusativo
272 2925 385 2952 personali
404 2925 444 2948 csr.
461 2925 579 2948 Foreellini
596 2926 694 2947 Lexicon
712 2928 754 2947 etc.

191 2962 200 2977 ³
216 2963 317 2986 Enarrat.
330 2964 351 2985 in
365 2964 426 2986 hunc
438 2964 472 2987 Ps.
485 2970 506 2986 n.
520 2965 556 2993 ·lO;
569 2964 633 2993 apud
644 2964 761 2993 Lyranum
773 2971 796 2986 v.
809 2964 830 2986 7.
841 2965 884 2987 Pro
897 2965 977 2987 ultimo

130 3002 201 3025 verbo
219 3003 310 3032 mortis,
331 3004 442 3032 originale
460 3004 529 3027 habet
553 3003 664 3027 moritur.
678 3016 709 3020 —
721 3004 783 3033 Quae
802 3007 930 3033 sequuntur
947 3006 978 3027 in·

129 3043 251 3065 veniuntur
269 3042 336 3071 ibid„
355 3043 482 3069 secundum
501 3049 601 3066 sensum.

843 222 1030 251 DISTINCTIO
1053 221 1129 250 XXX.
1807 217 1860 245 711

1016 299 1139 332 brorum,
1159 299 1216 325 sive
1237 298 1353 334 lanyzcor
1372 301 1497 327 naturae,
1518 296 1575 323 sive
1595 299 1744 330 tyrannus,
1765 294 1810 329 qui
1825 297 1866 321 est

1016 342 1042 368 in
1062 341 1190 368 membris
1215 341 1325 373 nostris,
1345 340 1401 367 sive
1423 339 1465 367 tex
1484 338 1584 366 carnis.
1604 338 1680 365 Unde
1701 338 1865 372 Augustinus
1875 339 1998 363 Augustinus.

1016 385 1042 411 in
1062 384 1131 411 libro
1145 384 1179 411 de
1192 384 1327 418 Baptismo
1347 382 1553 417 parvulorum⁵:
1577 382 1647 408 «Est
1666 382 1692 408 in
1709 381 1787 408 nobis
1806 388 1866 407 con-

1016 427 1195 461 cupiscentia,
1211 434 1281 461 quae
1301 434 1353 453 non
1367 429 1407 453 est
1425 425 1604 460 permittenda
1621 431 1740 459 regnare.
1761 423 1827 450 Sunt
1841 426 1867 450 et

1017 471 1074 497 cius
1103 470 1259 501 desideria,
1284 477 1354 505 quae
1379 473 1441 497 sunt
1466 469 1585 496 actuales
1615 468 1867 503 concupiscentiae,

1017 521 1086 548 quae
1099 517 1161 540 sunt
1181 520 1255 540 arma
1269 513 1382 546 diaboli,
1402 520 1472 547 quae
1492 513 1602 539 veniunt
1621 519 1654 538 ex
1676 511 1804 547 laaqaore
1818 518 1867 537 aa·

1019 560 1128 583 carae».
1149 557 1295 590 «Languor
1315 559 1405 583 autem
1419 556 1468 582 iste
1489 559 1624 591 tyrannus
1638 558 1692 585 est,
1712 555 1758 589 qui
1779 557 1868 580 movet

1018 599 1089 626 mala
1113 598 1255 626 desideria.
1276 599 1303 626 Si
1327 606 1390 633 ergo
1411 599 1450 625 vis
1476 606 1535 626 esse
1554 599 1641 625 vietor
1662 598 1767 632 tyranni
1788 601 1869 632 atque

1019 641 1149 668 inermem
1169 641 1308 668 inimicum
1328 641 1462 674 invenire,
1477 649 1528 668 11011
1549 641 1659 668 obedias
1679 641 1870 675 concupiscen-

1018 685 1072 711 tiae
1097 683 1221 711 malae».
1240 698 1276 704 -—
1296 684 1342 710 His
1367 684 1457 710 verbis
1477 684 1541 710 satis
1560 683 1724 715 ostenditur,
1749 682 1869 719 fomitem

1015 726 1120 763 peceati
1138 734 1196 754 6556
1221 727 1478 762 concupiscentiam.

1384 812 1445 839 Cup,
1466 813 1508 840 IX.

1082 899 1153 932 Quiza
1172 899 1282 927 nomine
1302 899 1530 935 concupiscentiae
1550 897 1725 934 intelli'fsz'tur,
1745 906 1812 934 quac

1313 944 1397 979 fomes
1416 947 1453 970 est
1470 942 1578 978 peccati.

1092 1030 1205 1056 Nomine
1225 1033 1314 1057 autem
1341 1028 1570 1064 concupiscentiae
1589 1036 1641 1055 non
1665 1031 1754 1055 actum
1773 1035 1873 1055 concu-

1020 1073 1157 1108 piscendi,
1186 1073 1234 1100 sed
1262 1073 1358 1100 vitium
1378 1073 1496 1107 primum
1524 1072 1697 1107 significavit,
1726 1079 1787 1099 cum
1814 1078 1873 1099 eam

1021 1117 1089 1143 dixit
1115 1116 1197 1152 legiam
1217 1115 1316 1143 omnis.
1342 1116 1419 1143 Unde
1438 1116 1510 1142 idem
1531 1116 1556 1142 in
1582 1118 1697 1142 tractatu
1722 1115 1755 1142 de
1774 1115 1871 1142 Verbis
1881 1121 2005 1146 Augustinus.

1021 1159 1140 1195 Apostoli
1153 1159 1162 1172 ⁶
1183 1160 1236 1186 ait:
1269 1170 1280 1182 «
1294 1159 1406 1194 Semper
1425 1166 1515 1194 pugna
1535 1162 1575 1186 est
1593 1159 1619 1185 in
1646 1166 1760 1193 corpore
1780 1159 1873 1185 mortis

1021 1204 1114 1237 huius,
1128 1204 1192 1238 quia
1213 1204 1272 1238 ipsa
1285 1202 1518 1237 coucupiscentia,
1539 1209 1601 1229 cum
1621 1210 1674 1236 qua
1687 1202 1742 1229 nati
1762 1209 1870 1234 sumus,

1021 1248 1091 1274 finiri
1110 1255 1163 1274 non
1183 1250 1284 1282 potest,
1298 1246 1428 1281 quamdiu
1448 1246 1574 1278 vivimus;
1588 1245 1709 1280 quotidie
1728 1245 1872 1280 1011111100-

1021 1294 1083 1323 test,
1103 1291 1173 1317 finiri
1187 1298 1239 1317 non
1252 1293 1374 1325 potest».
1396 1290 1468 1322 Quae
1481 1292 1571 1317 autem
1585 1292 1624 1316 est
1638 1289 1871 1324 concupiscentia,

1021 1342 1083 1361 cum
1100 1341 1153 1369 qua
1166 1334 1221 1361 nati
1235 1334 1343 1361 sumus?
1357 1333 1458 1360 Vitium
1471 1333 1565 1368 utique
1578 1336 1625 1364 est,
1640 1333 1712 1367 quod
1728 1333 1871 1367 parvulum

1022 1377 1138 1405 habilem
1154 1378 1347 1412 concupiscere
1360 1376 1436 1408 facit,
1451 1376 1572 1403 adultum
1587 1376 1667 1403 etiam
1682 1376 1872 1410 concupiscen-

1022 1425 1074 1448 tem
1094 1421 1191 1448 reddit.
1211 1431 1221 1443 ‹·
1234 1420 1308 1447 Sicut
1327 1420 1438 1446 enimin
1451 1419 1529 1446 oculo
1550 1420 1622 1446 caeci
1638 1419 1664 1445 in
1685 1422 1762 1446 nocte
1777 1419 1870 1446 vitium

1022 1465 1160 1491 caecitatis
1180 1467 1235 1495 est,
1255 1463 1302 1490 sed
1322 1470 1373 1489 11011
1398 1466 1528 1497 apparet,
1547 1470 1597 1490 nec
1622 1463 1784 1490 discernitur
1803 1463 1872 1489 inter

1022 1507 1156 1534 videntem
1177 1511 1203 1534 et
1222 1514 1350 1539 caecum,
1370 1506 1420 1533 nisi
1447 1506 1507 1533 luce
1526 1507 1661 1538 veniente3
1681 1507 1720 1532 sic
1740 1506 1766 1533 in
1785 1514 1872 1541 puero

1022 1551 1118 1577 vitium
1134 1557 1192 1577 esse
1210 1557 1262 1576 non
1277 1553 1407 1584 apparet,
1421 1549 1507 1576 donec
1524 1550 1619 1576 aetatis
1636 1550 1791 1584 provectior
1808 1553 1871 1577 tem-

1021 1602 1073 1629 pus
1092 1597 1254 1620 occurrat».

1392 1671 1453 1698 CAP.
1473 1671 1505 1698 X.

1025 1758 1102 1792 Quod
1112 1766 1163 1794 per
1179 1757 1272 1785 Adam
1286 1757 1420 1793 ort'qinale
1436 1761 1575 1793 peccatam
1588 1757 1704 1785 intravit
1720 1758 1750 1785 ia
1767 1767 1873 1790 omnes,

1288 1800 1318 1827 z’d
1336 1804 1372 1827 est
1392 1800 1616 1836 concupiscentia.

1096 1888 1135 1914 Ex
1149 1887 1192 1914 bis
1209 1887 1289 1914 datur
1303 1887 1425 1920 intelligi,
1444 1887 1510 1922 quid
1524 1887 1559 1914 sit
1577 1887 1706 1921 originale
1720 1891 1875 1922 peccatum,

1025 1931 1129 1958 scilicet
1148 1931 1242 1957 vitium
1263 1931 1512 1965 concupiscentiae,
1533 1931 1605 1965 quod
1625 1931 1649 1957 in
1671 1939 1763 1958 omnes
1783 1939 1879 1958 concu—

1025 1974 1219 2009 piscentialiter
1238 1977 1315 2000 natos
1334 1981 1383 2008 per
1404 1974 1487 2000 Adam
1512 1974 1621 2001 intravit
1645 1981 1746 2009 eosque
1766 1975 1877 2002 vitiavit.

1026 2018 1101 2045 Unde
1125 2017 1290 2051 Augustinus
1310 2017 1335 2043 in
1356 2017 1425 2044 libro
1446 2017 1479 2043 de
1498 2017 1635 2052 Baptismo
1661 2018 1837 2052 parvulorum
1852 2018 1860 2031 ⁷
1873 2018 2010 2044 :Augustinus-

1032 2073 1042 2085 «
1060 2061 1146 2088 Adam
1172 2064 1280 2095 praeter
1305 2061 1462 2087 imitationis
1488 2061 1642 2095 exemplum
1668 2061 1775 2088 occulta
1799 2061 1878 2088 etiam

1027 2105 1088 2132 tabe
1116 2104 1232 2131 carnalis
1261 2103 1498 2138 concupiscentiae
1526 2111 1592 2130 suae
1622 2104 1770 2131 tabificavit
1798 2105 1824 2130 in
1850 2111 1879 2131 se

1028 2155 1120 2175 omnes
1139 2147 1173 2174 de
1195 2154 1244 2174 sua
1267 2147 1352 2181 stirpe
1376 2151 1512 2174 venturos.
1539 2147 1615 2174 Unde
1638 2147 1782 2182 Apostolus
1806 2151 1879 2174 recte

1028 2190 1081 2217 ait:
1100 2190 1133 2216 In
1154 2197 1206 2225 qao
1226 2197 1318 2216 omnes
1333 2193 1521 2224 peccaverant.
1546 2189 1747 2225 Circumspecte
1771 2193 1797 2217 et
1822 2191 1879 2217 sine

1028 2233 1204 2266 ambiguitate
1217 2232 1283 2259 dicit
1301 2232 1353 2259 hoc
1366 2232 1522 2266 Apostolus;
1543 2233 1601 2259 sive
1616 2233 1685 2260 6111111
1708 2233 1879 2266 intelligatur,

1030 2276 1059 2303 in
1077 2285 1129 2312 qao
1149 2275 1268 2306 homine,
1282 2276 1339 2302 sive
1358 2275 1389 2302 ia
1408 2284 1460 2311 qao
1471 2280 1589 2311 peceato,
1610 2283 1705 2303 sanum
1724 2280 1764 2303 est
1777 2288 1801 2304 »,
1827 2288 1838 2300 «
1852 2277 1879 2303 In
1893 2274 2009 2319 tlsss‘fprem‘

1028 2319 1121 2346 Adam
1143 2320 1322 2345 enimomnes
1340 2322 1524 2352 peecaverunt
1542 2321 1571 2345 ut
1591 2319 1616 2345 in
1631 2319 1755 2351 materia,
1775 2327 1827 2346 non
1841 2327 1880 2346 so-
1945 2314 1949 2318 ’

1028 2363 1083 2389 111111
1103 2363 1161 2389 61115
1175 2361 1311 2395 exemplo,
1329 2364 1358 2388 ut
1371 2361 1464 2388 dicunt
1477 2362 1620 2396 Pelagiani.
1634 2361 1730 2389 Omnes
1750 2362 1820 2389 6111111
1835 2362 1879 2390 ille

1029 2413 1098 2432 unus
1118 2405 1197 2431 homo
1217 2404 1333 2436 fueraut,
1354 2404 1381 2430 id
1395 2408 1446 2436 est,
1466 2405 1492 2431 in
1506 2412 1537 2431 co
1551 2405 1725 2432 materialiter
1745 2405 1841 2433 erantS
1854 2417 1879 2433 ν.

1035 2460 1045 2472 u
1068 2448 1237 2475 Manifestum
1263 2451 1303 2474 est
1327 2448 1437 2482 itaque.
1464 2455 1557 2474 omnes
1589 2448 1614 2474 111
1641 2448 1726 2475 Adam
1751 2456 1881 2483 peccasse

1094 2566 1103 2581 4
1121 2567 1209 2589 Revera
1226 2569 1260 2589 est
1277 2566 1305 2588 de
1317 2566 1371 2589 Fide
1388 2566 1416 2588 ad
1434 2567 1533 2595 Petrum,
1551 2572 1570 2589 c.
1588 2567 1624 2589 26.
1646 2573 1667 2590 n.
1695 2568 1730 2590 69.
1752 2568 1881 2597 Respicitur

1031 2606 1062 2628 ibi
1080 2606 1136 2634 Eph.
1156 2606 1181 2634 2,
1200 2605 1220 2627 3.
1239 2609 1261 2628 et
1277 2606 1300 2627 in
1316 2605 1361 2627 fine
1378 2605 1393 2627 l.
1412 2605 1471 2628 Tim.
1490 2606 1515 2634 2,
1534 2605 1556 2628 5.

1095 2653 1105 2667 ⁵
1121 2653 1197 2675 Potius
1212 2652 1241 2675 de
1253 2651 1402 2680 Continentia⁷
1421 2658 1440 2675 c.
1454 2653 1474 2675 3.
1494 2659 1515 2675 n.
1529 2653 1548 2675 S.
1561 2665 1593 2670 —
1605 2654 1656 2683 Seq.
1676 2655 1740 2677 locus
1757 2656 1830 2678 Serm.
1844 2657 1880 2680 30.

1033 2698 1050 2714 c.
1070 2692 1090 2714 ὅ.
1109 2698 1130 2714 11.
1150 2692 1171 2714 6,

1094 2730 1104 2745 ὃ
1121 2731 1193 2753 Serm.
1216 2730 1264 2752 151.
1283 2736 1302 2752 c.
1321 2730 1342 2752 ὃ.
1360 2736 1382 2752 11.
1401 2730 1422 2752 5.
1434 2731 1612 2759 -Exemplum
1635 2732 1657 2754 in
1675 2732 1720 2755 fine
1738 2734 1830 2762 capituli
1848 2737 1882 2757 est

1033 2776 1059 2792 ex
1077 2769 1187 2797 Ilugone,
1206 2769 1269 2791 Sum.
1288 2769 1348 2791 Sent.
1366 2774 1392 2792 tr.
1411 2769 1432 2791 3.
1451 2776 1470 2792 c.
1489 2770 1496 2792 Ἰ1
1508 2770 1524 2792 1.

1096 2808 1105 2823 ⁷
1117 2808 1178 2830 Libr.
1191 2808 1204 2830 l.
1217 2808 1246 2830 de
1263 2808 1380 2831 Peccator*
1398 2809 1508 2832 meritis...
1521 2813 1543 2832 et
1559 2809 1622 2838 bapt.
1635 2811 1724 2838 parvul.
1738 2817 1756 2834 c.
1770 2812 1790 2834 9.
1804 2818 1825 2834 n.
1845 2813 1880 2835 lO.

1034 2852 1056 2870 et
1068 2854 1086 2870 c.
1102 2847 1136 2869 to.
1150 2853 1171 2869 n,
1187 2847 1220 2869 li.
1232 2859 1263 2863 —
1275 2847 1317 2869 Pro
1329 2846 1420 2870 vitiat-it
1432 2847 1482 2870 cod.
1496 2847 1512 2870 C
1524 2850 1546 2870 et
1558 2848 1610 2871 edd.
1627 2849 1645 2876 1,
1662 2849 1674 2871 8
1688 2850 1879 2880 commaculavit,

1034 2887 1101 2910 codd.
1114 2887 1130 2909 B
1139 2887 1155 2909 E
1167 2886 1304 2910 maculavit.
1315 2887 1384 2909 Paulo
1394 2887 1488 2910 inferius
1497 2888 1561 2910 locus
1571 2888 1673 2916 Apostoli
1684 2890 1792 2913 cstRom.
1805 2890 1825 2919 5,
1849 2892 1881 2914 12.

1098 2926 1107 2941 ⁸
1124 2927 1161 2949 Est
1172 2927 1194 2948 in
1207 2926 1285 2948 Glossa
1298 2926 1327 2948 ad
1339 2926 1405 2948 Rom.
1416 2926 1437 2953 5,
1452 2927 1484 2954 12,
1497 2928 1555 2949 sicut
1567 2928 1636 2950 etiam
1648 2934 1695 2957 seq.
1708 2929 1778 2952 100115.
1789 2929 1850 2952 Haec
1861 2933 1883 2953 et

1035 2973 1095 2995 quae
1106 2967 1235 2994 sequuntur
1250 2965 1379 2988 secundum
1391 2967 1525 2988 sententiam
1542 2967 1689 2990 inveniuntur
1701 2968 1763 2996 apud
1777 2969 1880 2999 August„

1035 3005 1077 3027 loc.
1096 3005 1132 3027 cit.
1149 3010 1168 3027 c.
1195 3005 1228 3026 11.
1251 3007 1273 3026 et
1294 3005 1326 3026 12.
1342 3016 1373 3021 —·
1388 3005 1441 3027 Post
1457 3005 1528 3028 verba
1549 3012 1593 3035 pei·
1609 3008 1730 3036 peccatiwa
1753 3009 1882 3038 corruptas

1036 3044 1086 3066 eod.
1104 3045 1120 3065 Α
1139 3047 1160 3066 et
1177 3043 1230 3066 edd.
1249 3044 1269 3071 i,
1288 3043 1300 3065 8
1319 3044 1406 3067 addunt
1424 3045 1462 3067 θεῖ’.
