2243 3425
73 1711 103 1730 Ad
116 1711 191 1735 opposi-

813 208 896 236 DtST.
918 208 1004 237 XLIV.
1027 208 1098 236 ART.
1123 207 1151 235 11.
1172 208 1307 244 QUAEST.
1330 207 1358 235 11.

203 289 340 323 inscium
361 288 474 326 quando
498 296 564 317 vero
586 287 699 321 iniuste,
715 290 781 315 tunc
797 286 900 315 dieitur
915 286 962 314 illa
978 289 1050 322 pote-

203 339 260 365 stas
280 338 449 372 usurpata,
472 335 499 363 in
521 342 577 371 qua
598 342 651 362 non
674 336 784 370 praeest
806 333 840 361 de
862 332 936 366 titre,
956 340 1052 369 qnam-

202 382 245 410 vis
266 382 371 419 praesit
392 381 427 410 de
445 380 547 418 factm
568 380 750 408 nibilominus
771 382 880 413 tamen,
902 379 968 416 qnia.
989 378 1050 407 talis

202 431 324 465 potestas
345 436 398 456 non
422 431 497 457 caret
518 427 630 456 omnino
649 427 747 455 ordine
769 426 905 459 iustitiae.
928 425 1051 454 concedi-

1878 206 1952 233 1007

1107 289 1153 314 tur
1175 293 1236 314 esse
1257 294 1273 314 a
1294 286 1359 314 Deo.
1382 286 1413 314 Et
1434 284 1517 314 simul
1540 287 1605 313 sunt
1624 285 1693 313 haee
1708 284 1764 313 duo
1779 292 1846 312 vera
1862 291 1957 312 seeun-

1108 333 1174 361 dum
1198 332 1324 361 ‹tliversos
1346 335 1506 369 respectus,
1530 331 1658 360 videlicet
1679 331 1754 368 quod
1769 331 1867 359 eadem
1883 333 1958 367 pote-

1107 383 1164 408 stas
1185 380 1220 408 sit
1251 382 1387 416 usurpata
1415 382 1441 408 et
1463 388 1479 407 a
1500 379 1556 407 Deo
1585 378 1699 413 collata,
1728 378 1834 415 absque
1862 377 1957 415 aliqua

1107 428 1301 464 repugnantia.

946 527 1207 563 SCHOLION.

265 632 279 653 l.
298 631 325 653 Ut
342 631 398 653 haec
416 633 437 652 et
452 632 574 659 sequentes
597 630 742 658 quaestiones
759 629 888 655 solvantur,
913 629 954 650 tria
972 634 1051 650 secun·

202 671 258 693 dum
276 675 424 692 communem
443 669 570 691 doctrinam
588 668 749 696 distinguenda
767 670 831 695 sunt,
850 667 935 689 scilicet
951 666 1050 689 essentia

201 710 330 739 potestatis,
343 708 427 731 mortus
436 714 488 731 eam
501 707 641 737 acquirendi
657 710 678 730 et
695 706 780 730 modus
797 705 924 729 mutendi.
935 707 1049 734 Primum,

200 749 286 772 scilieet
298 748 354 770 ordo
367 748 493 775 superioris
505 748 534 770 ad
547 748 689 775 interiorem,
707 753 800 774 semper
817 749 839 769 et
850 746 939 768 bonum
953 750 987 768 est
999 747 1021 767 et
1037 752 1049 767 a

200 788 256 810 Deo.
274 787 317 809 Sed
336 786 421 809 modus
438 785 578 815 acquirendi
594 789 616 808 et
627 785 709 808 utendi
726 788 801 813 potest
817 791 867 807 esse
885 785 959 807 malus
971 787 993 807 et
1005 790 1049 806 non

201 834 213 849 a
232 827 277 849 Deo
290 827 331 848 nisi
346 826 475 848 seeundum
488 826 672 853 permissionem.
685 825 745 847 Ilaec
757 824 869 852 principia
886 824 964 846 valent
976 829 1051 851 respe-

201 868 238 888 ctu
256 866 373 893 potcstatis
390 867 438 887 tum
456 865 580 892 spiritualis
597 867 646 886 tum
663 864 793 886 saecularis.

264 905 296 926 De
314 905 356 926 liae
374 904 415 931 tt.)
433 905 580 933 quaestione:
598 904 659 925 Alex.
678 903 734 931 nat,
752 903 774 925 S.
792 909 814 930 p.
833 903 865 924 111,
884 909 905 931 q.
926 902 961 924 ts,
980 908 1010 924 m.
1033 902 1050 924 1.

201 950 220 966 a.
240 944 286 965 1-3.
306 943 358 971 (11111
381 943 446 970 plura
464 942 532 964 habet
549 942 577 964 de
595 942 679 970 duplici
703 944 824 969 potestate,
848 942 918 969 regali
940 943 962 963 et
979 947 1051 963 sacer-

201 982 282 1010 dotali,
300 988 342 1004 nec
360 988 404 1004 non
422 981 451 1003 de
468 981 640 1009 comparatione
658 981 778 1009 utriusque
795 981 853 1002 inter
870 980 908 1008 se)
927 982 949 1001 et
971 986 993 1008 q.
1013 979 1049 1001 40.

201 1028 231 1043 m.
251 1022 297 1043 1-5.
320 1021 373 1050 (ubi
396 1021 424 1043 de
445 1021 625 1049 praeeminentia
646 1020 772 1047 spiritualis
793 1021 911 1047 potestatis
931 1020 1049 1048 loquitur).

201 1073 231 1077 —-
249 1061 271 1083 S.
289 1061 379 1088 ΤΙ10111.Υ
402 1061 438 1082 bie
455 1066 477 1088 q.
499 1060 516 1081 1.
534 1066 554 1081 a.
577 1060 602 1087 ⁴25
621 1058 704 1086 Opuse.
727 1059 760 1080 16.
783 1058 851 1087 (alias
869 1059 919 1086 20.)
938 1058 967 1080 de
985 1059 1050 1086 Regi-

201 1100 262 1121 mine
280 1100 422 1127 printipum,
440 1098 472 1120 tlt.
489 1104 508 1120 e.
531 1098 574 1119 1-3.
593 1110 622 1113 ——
640 1098 663 1119 B.
685 1097 778 1125 Albert„
801 1097 837 1119 liie
854 1103 874 1119 a.
894 1096 917 1125 4;
941 1098 962 1119 S.
981 1103 1003 1125 p.
1026 1097 1049 1119 lt.

200 1142 228 1161 tr.
241 1138 278 1160 24..
297 1145 318 1167 q.
336 1138 384 1160 lstl.
397 1144 427 1160 m.
441 1138 462 1160 3.
479 1149 510 1153 —-
527 1137 585 1160 Petr.
598 1143 609 1159 a
623 1137 683 1165 Tan,
701 1137 737 1158 liic
749 1143 771 1165 q.
785 1137 806 1158 ⁶2.
819 1142 838 1158 a.
860 1137 876 1158 1.
894 1148 925 1152 -
942 1136 1049 1158 Ricliard.

1107 635 1119 650 a
1132 629 1197 656 Med„
1217 630 1252 651 tite
1265 636 1284 652 a.
1299 630 1319 651 2.
1338 636 1361 658 q.
1378 630 1394 651 1.
1414 642 1443 644 -
1461 629 1535 657 digiti.
1554 629 1587 655 R„
1600 629 1636 651 hic
1654 635 1675 657 q.
1693 629 1709 650 1,
1728 635 1748 650 a.
1761 629 1782 650 2.
1799 641 1831 644 —
1848 627 1957 656 Durand.,

1107 667 1144 689 liic
1162 674 1184 695 q.
1203 668 1223 689 ⁵2.
1241 680 1272 684 —
1289 668 1383 695 Dionys.
1401 667 1484 695 Carth„
1504 669 1540 690 hic
1558 674 1579 696 q.
1598 669 1619 690 ⁶2.

1171 707 1194 728 11.
1220 707 1287 735 Quod
1312 708 1389 730 attinet
1413 709 1548 736 sequentem
1574 709 1678 736 quaest,
1696 707 1757 729 Alex.
1780 707 1836 735 Hah,
1860 707 1918 728 Petr.
1946 712 1959 728 a

1108 746 1196 768 Tar.et
1219 746 1324 768 Ricliard,
1348 753 1360 768 a
1383 746 1441 768 Med.
1464 746 1546 768 eodem
1569 752 1615 775 quo
1637 747 1658 768 S.
1686 746 1771 768 Bonam
1789 746 1859 768 modo
1881 745 1960 767 (listin-

1108 788 1182 812 guunt
1194 785 1306 812 triplicem
1325 787 1460 812 potestatem
1473 785 1614 807 dominandi.
1628 784 1713 807 Omnes
1728 788 1805 807 autem
1818 784 1958 812 concedunt,

1108 823 1172 852 quod
1185 825 1248 846 tertia
1266 824 1365 852 species,
1384 824 1469 846 scilieet
1486 827 1587 852 potestas
1604 823 1728 847 coeroendt'
1744 824 1766 846 vi
1784 824 1900 852 subditos,
1914 830 1959 846 non

1108 863 1230 884 conveniat
1247 863 1314 885 statui
1331 863 1484 890 innocentiae,
1507 866 1528 885 et
1545 869 1557 884 a
1580 862 1666 884 fortiori
1685 868 1726 884 nec
1747 862 1848 885 sert-ltus
1866 862 1960 890 proprie

1109 901 1176 924 dicta.

1172 941 1203 963 De
1221 941 1263 963 uae
1276 941 1319 969 (2.)
1338 941 1483 969 quaestione:
1497 940 1558 962 Alex.
1571 940 1626 968 Hal„
1639 940 1661 962 S.
1674 946 1696 968 p.
1715 940 1738 961 11.
1756 946 1778 968 q.
1791 940 1827 962 93.
1846 946 1876 962 m.
1900 940 1916 961 l.
1928 951 1960 955 —

1109 980 1177 1006 Scot„
1195 980 1216 1001 in
1236 983 1333 1008 utroque
1355 980 1451 1007 Sei-ipto,
1471 980 1506 1001 lv.
1524 980 1584 1001 Sent.
1607 979 1628 1001 d.
1648 979 1683 1001 36.
1702 985 1724 1007 q.
1747 980 1769 1007 l,
1792 982 1813 1001 et
1831 979 1901 1001 Oxon.
1923 978 1960 1001 tv.

1110 1020 1170 1040 Seni.
1189 1019 1211 1041 d.
1234 1019 1266 1041 15.
1284 1026 1306 1047 q.
1325 1019 1345 1041 2.
1364 1025 1384 1041 11.
1402 1019 1424 1041 7.
1442 1031 1473 1034 —
1489 1019 1511 1040 S.
1530 1019 1621 1046 Thom.⁷
1641 1019 1677 1040 liic
1694 1025 1715 1047 q.
1739 1019 1755 1040 1.
1774 1025 1793 1040 a.
1817 1019 1844 1045 3;
1863 1018 1885 1040 S.
1904 1018 1919 1040 Ι.
1938 1024 1960 1046 (1.

1110 1059 1146 1081 96.
1165 1066 1185 1080 a.
1204 1058 1224 1080 4.
1243 1070 1273 1073 —
1291 1059 1348 1081 petr.
1366 1064 1378 1080 a
1397 1058 1457 1086 Tur„
1476 1059 1512 1080 liie
1529 1065 1552 1087 q.
1570 1059 1590 1080 2.
1609 1065 1628 1080 a.
1648 1059 1668 1080 ⁶2.
1687 1070 1717 1073 —
1735 1057 1839 1080 tticum-d.
1862 1064 1874 1079 a
1893 1057 1959 1085 Med,

1110 1098 1146 1119 bie
1163 1104 1183 1119 a.
1202 1098 1222 1119 2.
1235 1104 1257 1126 q.
1280 1098 1300 1119 2.
1313 1110 1343 1113 --
1355 1097 1430 1125 AEgl'tl.
1450 1097 1484 1126 R.y
1503 1098 1539 1119 liic
1559 1104 1581 1126 q.
1604 1098 1624 1119 -l.
1645 1103 1664 1119 a.
1687 1097 1707 1119 3.
1719 1109 1750 1113 -·
1762 1097 1855 1124 Diom—s.
1877 1095 1959 1125 Carta,

1110 1137 1146 1158 bie
1163 1142 1184 1164 q.
1203 1136 1223 1157 3.

970 1228 1098 1264 QUAEST
1100 1227 1134 1256 10
1157 1227 1185 1255 11.

427 1315 531 1343 Utrum
553 1317 679 1351 potestas
707 1313 901 1350 praesidendi
924 1313 963 1341 sit
984 1313 1014 1341 t'n
1036 1312 1150 1341 homine
1170 1313 1333 1341 seeundum
1355 1313 1564 1341 institutionem
1588 1317 1732 1346 ¹naturae5

798 1364 841 1393 vel
861 1365 1023 1393 seeundum
1041 1364 1225 1402 pttttz'ttoitettt
1246 1364 1357 1402 eulpae.

280 1464 408 1492 Secundo
436 1464 584 1500 quaeritur
612 1463 686 1492 circa
711 1463 779 1497 1100,
806 1466 904 1491 utrum
930 1466 1052 1499 potestas

200 1511 379 1549 praesidendi
406 1510 441 1539 sit
467 1511 493 1539 in
520 1510 634 1539 homine
662 1510 819 1539 secundum
849 1509 1051 1538 institutionem

202 1560 333 1591 naturae,
356 1557 400 1585 vel
422 1557 579 1586 seeundum
595 1556 769 1593 punitionem
792 1555 900 1592 eulpae.
925 1556 955 1583 Et
977 1555 1053 1592 quod

203 1605 293 1641 primo
315 1604 414 1638 modo,
435 1604 565 1632 videtur:

284 1653 308 1680 t.
324 1651 438 1681 Genesis
453 1652 545 1688 primo
555 1651 573 1679 ¹:
588 1651 751 1679 Faciamus
767 1649 910 1678 hominem
927 1650 968 1678 acl
982 1650 1054 1678 ima-

201 1699 300 1737 yz'nenz
321 1702 346 1727 et
367 1698 591 1727 sintilt‘tttdtnem
614 1702 758 1732 nostram,
780 1701 806 1726 et
823 1698 939 1734 praesit
954 1700 1004 1726 etc.
1021 1697 1055 1726 Sz'

204 1751 235 1775 tu
256 1746 339 1774 dicct-5
351 1769 358 1779 ,
382 1745 457 1783 quod
479 1745 578 1774 habuit
593 1745 793 1782 praelationem
810 1748 940 1781 respectu
956 1744 1054 1773 bestia-

203 1801 284 1828 rum,
306 1793 354 1822 sed
379 1801 431 1821 non
452 1796 583 1829 respectu
606 1792 771 1826 bominum3
789 1799 840 1829 per
856 1792 907 1820 boe
923 1800 977 1820 non
993 1799 1055 1819 eva-

203 1841 301 1874 detur,
324 1840 390 1877 quia
405 1840 512 1877 primae
528 1839 562 1868 ad
578 1839 736 1867 Corinthios
750 1839 899 1867 undecimo
910 1839 936 1866 ¹²:
959 1839 1054 1875 Cctpttt

203 1886 338 1915 v'ttttierz's
357 1886 424 1914 vir:
447 1886 468 1915 si
491 1894 558 1923 ergo
578 1890 663 1923 eaput
684 1886 825 1923 praesidet
841 1886 951 1922 corpori
967 1888 994 1914 et
1009 1885 1054 1914 de—

202 1934 248 1963 bet
273 1942 371 1971 regere
397 1941 519 1970 corpus,
545 1941 612 1970 ergo
637 1933 766 1968 videtur,
782 1933 868 1970 'quod
895 1932 1052 1961 seeundum

202 1981 405 2010 institutionem
427 1984 546 2009 naturae
568 1980 603 2009 sit
624 1982 747 2017 potestas
770 1980 933 2009 dominandi
956 1980 982 2007 in
1004 1979 1054 2007 bu-

202 2035 284 2056 mano
306 2035 417 2064 genere.

282 2076 308 2102 2,
330 2074 413 2109 ltem,
436 2074 463 2102 in
485 2073 609 2110 Angelis,
625 2074 673 2111 qui
695 2076 760 2102 sunt
776 2073 891 2110 perfecti
907 2073 933 2101 in
950 2076 1053 2101 natura

202 2124 229 2150 et
250 2121 277 2150 in
304 2121 407 2158 gloria,
435 2129 488 2149 non
516 2121 710 2149 tantummodo
736 2124 778 2149 est
803 2120 872 2149 ordo
898 2123 925 2148 et
947 2120 1052 2157 gradus

203 2167 359 2196 seeundum
380 2167 574 2196 excellentiam
590 2166 777 2201 naturalium,
794 2167 842 2195 sed
858 2166 940 2195 etiam
958 2174 1053 2195 serun-

203 2214 270 2243 dum
293 2214 510 2251 praesidentiam
532 2213 687 2242 officiorum
701 2213 729 2241 ³:
752 2221 819 2250 ergo
840 2213 961 2248 videtur,
976 2213 1052 2250 quod

203 2261 359 2290 dominium
386 2269 440 2289 non
468 2264 620 2298 repugnet,
647 2260 695 2289 sed
722 2264 854 2289 consonet
884 2260 1050 2289 institutioni

203 2311 320 2336 naturae
341 2309 498 2343 humanae,
521 2308 593 2337 sieut
614 2310 640 2336 et
661 2307 810 2344 angelicae.

283 2354 308 2383 3.
331 2355 413 2389 Item,
436 2357 558 2392 potestas
590 2353 752 2382 dominandi
773 2356 814 2382 est
836 2354 993 2390 proprietas
1015 2353 1053 2381 di—

204 2401 316 2438 gnitatis
338 2405 364 2430 et
386 2401 537 2430 nobilitatis
549 2402 576 2435 4;
592 2401 640 2429 sed
657 2401 678 2429 si
694 2400 801 2437 aliquid
824 2400 966 2436 dignitatis
981 2408 1052 2429 eom-

205 2448 274 2485 petit
295 2451 411 2477 naturae
434 2448 542 2485 lapsae,
566 2447 653 2475 multo
675 2447 763 2484 magis
785 2447 917 2484 competit
935 2450 1052 2476 naturae

204 2495 362 2524 institutae:
385 2503 452 2532 ergo
474 2494 601 2528 videtur,
624 2494 699 2531 quod
720 2494 810 2530 magis
830 2494 988 2530 pertinebat
1016 2494 1052 2522 ad

204 2544 307 2570 statum
323 2544 440 2570 naturae
456 2541 598 2569 institutae
609 2543 732 2577 potestas
744 2540 905 2569 dominandi
919 2548 1003 2577 quam
1016 2540 1051 2568 ad

204 2592 306 2617 statum
330 2592 447 2617 naturae
470 2588 572 2625 lapsae.

268 2721 274 2735 ¹
295 2722 359 2744 Vers.
379 2722 415 2743 QG.

268 2761 277 2774 ²
295 2761 360 2783 Vei-s.
379 2761 399 2782 3.
417 2773 449 2777 —
466 2761 508 2782 Pro
525 2759 638 2782 evadatur
655 2759 706 2781 cod.
724 2759 739 2781 F
757 2759 873 2782 substituit
890 2759 980 2783 erttdes.

268 2799 277 2814 ³
295 2800 322 2822 Ut
339 2806 408 2828 supra
427 2800 448 2822 d.
467 2801 488 2822 9,
507 2806 548 2827 per
565 2801 635 2821 totam
652 2801 770 2821 ostensum
788 2801 828 2821 cst.
840 2811 871 2815 -—
883 2799 932 2821 Mox
950 2806 992 2827 pre
1005 2805 1053 2823 mm

206 2838 256 2861 eod.
275 2839 293 2861 Τ
312 2838 382 2861 habet
397 2845 446 2862 nec.

269 2877 277 2892 ⁴¹
295 2877 340 2900 Csr.
358 2879 456 2905 Δ11115101,
475 2877 506 2899 111.
524 2877 586 2899 Ρο111.
605 2883 624 2899 ς,
643 2877 663 2899 J».
682 2880 702 2899 et
724 2878 758 2899 12.
776 2877 805 2903 (c.
828 2878 860 2899 11.
879 2878 945 2906 seq).
958 2877 1054 2900 —Sub-

207 2917 258 2939 inde
276 2923 318 2944 pro
335 2916 426 2946 aliquid
442 2916 509 2939 codd.
528 2916 543 2938 L
554 2916 571 2938 O
589 2915 676 2946 aliquis
693 2917 778 2939 status.

270 2955 279 2969 ⁵
296 2956 350 2983 Cup.
374 2955 405 2977 155.

269 2994 278 3009 ῧ
296 2994 356 3017 Libr.
375 2994 434 3016 XXI.
454 2995 530 3016 Moral.
548 3001 567 3016 e.
590 2994 622 3016 15.
641 3001 662 3016 n.
681 2995 723 3016 22:
741 2994 826 3017 Omnes
849 2995 953 3016 homines
975 2997 1054 3016 natura

822 3037 836 3045 ,Γ

1188 1463 1214 1490 li..
1244 1462 1324 1497 Item,
1346 1470 1428 1491 omne
1451 1462 1537 1497 illud,
1559 1462 1635 1500 qnod
1656 1465 1697 1491 est
1719 1463 1753 1491 ad
1777 1462 1961 1491 conservatio-

1109 1517 1173 1538 nem
1195 1509 1302 1538 ordinis
1323 1509 1478 1544 naturalis,
1501 1509 1621 1546 pertinet
1641 1509 1676 1538 ad
1699 1509 1901 1538 institutionem
1917 1517 1963 1537 na-

1109 1559 1209 1590 turae;
1232 1556 1280 1585 sed
1303 1559 1426 1593 potestas
1447 1556 1625 1593 praesidendi
1654 1556 1774 1593 pertinet
1795 1557 1830 1585 ad
1852 1564 1961 1586 conser-

1111 1603 1249 1631 vationem
1272 1602 1378 1631 ordinis
1394 1603 1548 1631 naturalis:
1564 1611 1630 1640 ergo
1645 1606 1766 1640 potestas
1782 1603 1960 1640 praesidendi

1111 1649 1182 1677 inest
1203 1649 1308 1677 homini
1331 1657 1347 1677 a
1369 1649 1426 1677 Deo
1445 1650 1600 1678 seeundum
1616 1649 1819 1678 institutionem
1834 1652 1961 1678 naturae.

1111 1696 1208 1724 11Ῐαὶον
1229 1696 1377 1725 manifesta
1398 1699 1447 1725 est.
1471 1697 1567 1724 Minor
1582 1697 1719 1733 probatur
1734 1704 1785 1734 per
1800 1696 1871 1725 illud
1886 1697 1961 1734 quod

1111 1744 1177 1772 dicit
1198 1744 1370 1781 Augustinus
1386 1743 1494 1772 decimo
1508 1752 1581 1772 nono
1597 1744 1631 1772 de
1647 1744 1762 1772 Civitate
1777 1744 1858 1772 Dei⁵:
1876 1755 1890 1770 1(
1901 1744 1963 1772 Poe-

1110 1791 1182 1819 nalis
1203 1791 1326 1820 servitus
1347 1799 1379 1819 ea
1402 1791 1461 1827 lege
1481 1790 1644 1825 ordinatur,
1660 1799 1731 1828 quae
1747 1791 1905 1820 naturalem
1921 1799 1963 1819 or-

1111 1838 1204 1867 dinem
1227 1838 1388 1867 eonservari
1411 1839 1488 1867 iubet
1503 1841 1529 1867 et
1544 1838 1705 1875 perturbari
1729 1841 1803 1867 vetat
1817 1849 1845 1872 »3
1861 1838 1908 1867 sed
1925 1838 1961 1867 ad

1111 1885 1185 1913 idem
1207 1885 1355 1913 ordinatur
1369 1888 1492 1921 potestas
1508 1885 1670 1913 dominandi
1689 1887 1716 1913 et
1738 1885 1862 1922 poenalis
1878 1885 1962 1914 servi-

1111 1934 1174 1960 tus:
1197 1940 1263 1969 ergo
1286 1935 1338 1961 etc.

1190 1980 1242 2007 SED
1264 1987 1391 2008 comm:
1418 1981 1441 2007 1.
1464 1979 1652 2016 Gregoriusss:
1680 1979 1811 2008 «Omnes
1833 1979 2104 2012 bominesfffliaamcnu.

1110 2029 1212 2055 natura
1238 2026 1370 2063 aequales
1396 2026 1479 2061 fecit,
1501 2026 1551 2055 sed
1576 2034 1628 2064 pro
1656 2026 1742 2055 variis
1764 2026 1872 2055 meritis
1892 2026 1961 2054 alios

1110 2073 1172 2102 aliis
1193 2073 1302 2102 occulta
1324 2073 1372 2102 Dei
1396 2073 1580 2110 dispensatio,
1603 2073 1651 2102 sed
1674 2073 1747 2101 iusta
1770 2072 1915 2110 praeponit
1930 2083 1959 2100 »ς

1110 2129 1176 2158 ergo
1199 2121 1327 2155 videtur,
1350 2121 1423 2158 quod
1446 2120 1581 2149 subiectio
1603 2123 1629 2149 et
1651 2120 1785 2157 praelatio
1807 2128 1861 2149 non
1884 2120 1960 2149 sitin

1110 2168 1222 2196 bomine
1244 2167 1399 2196 secundnm
1423 2167 1624 2196 institutionem
1646 2171 1772 2196 naturae.

1189 2216 1214 2243 ⁶2.
1238 2215 1321 2250 item,
1344 2215 1533 2251 Augustinus,
1557 2215 1665 2244 decimo
1687 2223 1760 2243 nono
1782 2215 1816 2243 de
1845 2215 1961 2244 Civitate

1109 2263 1196 2291 Dei⁷t
1225 2262 1423 2291 «Rationalem
1446 2262 1606 2296 bominem,
1626 2262 1660 2291 ad
1684 2262 1833 2299 imaginem
1855 2262 1903 2291 Dei
1925 2263 1962 2291 fa-

1110 2313 1199 2343 ctum,
1215 2309 1353 2337 slotninari
1369 2309 1458 2337 noluit
1473 2309 1548 2338 Deus
1563 2309 1614 2338 nisi
1630 2309 1840 2338 irrationalibus
1851 2320 1877 2337 »1
1894 2318 1961 2347 ergo

1109 2355 1131 2383 si
1154 2358 1276 2392 potestas
1298 2355 1477 2392 praesidendi
1500 2359 1526 2384 et
1547 2355 1709 2384 dominandi
1733 2359 1774 2385 est
1794 2356 1820 2384 in
1843 2364 1900 2385 uno
1915 2357 1962 2385 ho-

1110 2401 1184 2429 mine
1206 2404 1335 2438 respectu
1357 2402 1489 2430 alterius.
1512 2402 1624 2431 ridetur
1645 2405 1696 2431 etc.

1189 2448 1214 2476 3.
1237 2448 1320 2483 ltem,
1349 2448 1464 2476 ratione
1490 2449 1542 2477 hoe
1568 2449 1660 2486 ipsum
1688 2449 1809 2478 videtur.
1835 2450 1961 2479 Libertas

1110 2495 1215 2523 homini
1241 2495 1313 2524 inest
1334 2503 1350 2523 a
1372 2498 1491 2530 natura;
1513 2496 1561 2525 sed
1584 2499 1706 2533 potestas
1728 2496 1890 2526 dominandi
1919 2500 1961 2526 est

1110 2541 1247 2571 libertatis
1268 2542 1449 2579 impeditiva:
1476 2552 1543 2580 ergo
1564 2552 1618 2572 non
1641 2544 1769 2577 videtur,
1792 2545 1866 2581 quod
1889 2545 1924 2574 sit
1945 2554 1961 2573 a

1109 2592 1218 2617 natura.
1242 2589 1321 2625 Quod
1344 2592 1438 2618 autem
1462 2589 1576 2619 libertas
1598 2594 1625 2619 et
1645 2599 1662 2619 a
1677 2593 1777 2619 natura
1794 2591 1828 2620 sit
1843 2595 1869 2620 et
1884 2600 1901 2620 a
1915 2600 1962 2629 po-

1110 2722 1218 2750 aequales
1236 2722 1328 2749 genuit,
1346 2721 1387 2743 sed
1404 2722 1507 2744 variante
1525 2722 1661 2744 meritorum
1679 2722 1771 2747 ordine.
1790 2723 1846 2745 alios
1863 2724 1912 2746 aliis
1927 2723 1961 2746 dt-

1110 2761 1226 2788 spensatio
1244 2761 1331 2783 occulta
1350 2761 1474 2789 postponit.
1493 2761 1541 2788 ipsa
1559 2764 1636 2783 autem
1649 2761 1782 2790 diversitas,
1795 2768 1855 2791 quae
1866 2764 1962 2785 accessit

1111 2806 1137 2821 ex
1155 2800 1222 2827 vitio,
1235 2802 1296 2821 reete
1308 2802 1342 2821 est
1359 2800 1444 2821 divinis
1455 2799 1545 2822 iudiciis
1557 2800 1671 2828 ordinata,
1685 2804 1719 2829 ut,
1739 2802 1790 2830 qnia
1804 2802 1878 2824 omnis
1891 2803 1960 2824 homo

1111 2839 1152 2860 iter
1177 2839 1237 2860 vitae
1262 2845 1336 2867 aeque
1361 2845 1405 2860 non
1430 2839 1547 2867 graditur,
1570 2839 1626 2862 alter
1648 2839 1677 2862 ab
1700 2840 1770 2862 altero
1792 2844 1893 2869 regatur.
1915 2841 1959 2864 Csr.

1111 2877 1166 2899 ibid.
1184 2877 1267 2900 xxw.
1286 2884 1304 2900 c.
1323 2878 1359 2900 26.
1378 2884 1399 2900 n.
1418 2878 1454 2900 46.
1466 2879 1527 2900 —ln
1545 2878 1590 2901 tine
1607 2885 1655 2907 arg.
1674 2885 1717 2907 pro
1734 2879 1905 2903 institutionem
1917 2887 1961 2903 mz-

1112 2917 1181 2939 litrae
1199 2917 1265 2939 codd.
1284 2917 1300 2940 C
1310 2918 1325 2939 F
1334 2918 1352 2939 ti
1364 2918 1382 2939 R
1393 2918 1407 2939 S
1418 2918 1435 2939 T
1446 2924 1471 2940 ee
1484 2917 1674 2941 constitutionem
1690 2920 1801 2942 naturae.

1174 2955 1183 2969 ⁷
1201 2955 1256 2983 Cap.
1279 2956 1311 2978 15.
1331 2969 1360 2971 —
1378 2956 1447 2978 Paulo
1471 2957 1565 2979 interius
1587 2957 1609 2979 in
1631 2957 1682 2979 eod.
1701 2958 1719 2979 T
1738 2958 1821 2981 desunt
1843 2959 1915 2981 verba
1939 2960 1960 2982 et

1112 2994 1257 3017 ‹lonttnamtt
