2243 3425
235 432 308 450 solutio
322 432 339 449 2.

210 1274 225 1292 N
227 1279 251 1292 on
264 1274 337 1301 satissa-

256 1300 287 1316 cit.

232 1978 275 1997 solu
279 1979 304 1997 tio
317 1978 335 1997 3.

358 208 413 236 622

355 284 427 313 tione
440 284 560 317 videtur,
579 282 653 320 quod
666 290 715 310 000
730 281 884 313 conversio,
900 287 972 317 quae
987 283 1028 308 est
1050 279 1076 307 in
1099 279 1204 307 somnis

355 331 429 360 circa
450 331 574 367 regimen
597 328 722 365 corporis
736 328 754 356 ².

435 378 465 406 Et
487 377 548 405 ideo
570 379 612 404 est
633 374 774 404 secundus
802 373 904 402 modus
932 373 1052 407 dicendi,
1074 372 1204 401 videlicet

354 425 430 462 quod
453 424 574 452 liberum
596 422 746 450 arbitrium
768 429 784 449 a
807 420 921 457 proprio
944 428 997 449 usu
1014 420 1098 448 habet
1119 419 1204 456 impe-

355 472 408 501 diri
437 474 552 509 propter
574 468 770 506 privationem
795 467 925 506 obsequii
945 466 1120 504 corporalis.
1149 466 1202 495 Etsi

352 519 426 547 enim
448 517 572 554 operatio
594 515 750 544 intellectus
772 523 826 543 non
848 514 896 542 fiat
918 522 968 551 per
990 521 1142 551 organum,
1166 513 1204 541 ni-

354 564 506 593 hilominus
529 566 619 591 tamen
642 562 761 590 virtutes
780 561 928 590 sensitivae
944 560 995 598 ipsi
1019 560 1203 589 intellectivae

353 611 457 640 faciunt
477 609 591 646 aliquod
617 608 784 645 obsequium
811 608 847 637 ad
873 608 941 641 1100,
964 608 1037 645 quod
1072 610 1204 636 exerceat

353 666 437 687 suum
459 660 561 686 actum.
591 656 746 693 Dupliciter
771 655 846 684 enim
868 655 1033 692 obsequitur
1055 655 1097 683 vis
1119 655 1205 692 phan—

353 704 450 733 tastica
465 703 615 732 intellectui
632 702 660 730 in
676 705 740 731 actu
756 702 937 739 intelligendi,
954 702 980 730 in
997 702 1049 730 hoc
1066 701 1204 735 videlicet,

353 750 428 788 quod
450 750 531 779 offert
551 749 599 778 illa
621 749 817 786 phantasmata
840 748 993 777 intellectui
1015 748 1155 786 possibili,
1172 747 1205 776 si-

353 801 399 827 cut
419 797 559 826 obiectum
582 796 662 825 offert
685 796 807 833 speciem
829 796 924 829 oculo;
945 799 971 824 et
993 795 1020 824 in
1043 796 1095 824 1100
1110 795 1203 829 etiam,

352 844 428 883 quod
450 843 608 872 intellectus
633 846 727 872 noster
759 842 877 871 excitari
900 842 984 871 habet
1006 842 1041 870 ab
1063 842 1204 876 inferiori,

353 892 488 931 quamdiu
516 895 558 920 est
579 891 746 919 coniunctus
768 890 878 927 corpori
890 890 908 917 ².
932 890 963 918 Et
985 890 1066 924 ideo,
1090 889 1203 926 quando

350 940 435 968 laesio
463 942 504 967 est
534 942 561 967 et
586 937 743 975 ineptitudo
769 945 806 966 ex
835 940 915 974 parte
937 937 1035 974 organi
1064 936 1203 974 potentiae

351 986 511 1019 sensitirae,
533 989 560 1013 et
581 984 612 1013 fit
641 985 816 1022 perturbatio
846 985 1092 1022 pliaiitasniat11n13
1119 984 1204 1020 impe-

352 1033 428 1062 ditur
450 1040 519 1061 usus
541 1031 622 1060 liberi
643 1031 751 1060 arbitrii
774 1034 801 1060 et
822 1030 979 1059 intellectus
1001 1033 1116 1067 propter
1138 1030 1203 1065 1100,

351 1080 426 1118 quod
447 1079 576 1108 ausertur
598 1078 650 1107 sibi
666 1078 793 1107 debitum
809 1078 987 1115 obsequium3
1010 1077 1082 1106 sicut
1103 1077 1203 1106 oculus

351 1134 431 1155 meus
454 1129 543 1163 potest
565 1125 694 1163 impediri
716 1125 751 1153 ab
766 1129 831 1154 actu
847 1124 960 1154 videndi
976 1128 1090 1162 propter
1106 1124 1203 1153 obscu-

351 1174 487 1202 rationem
508 1173 631 1210 aliquam
653 1172 754 1200 factam
777 1172 804 1200 in
826 1179 857 1200 re
880 1171 997 1206 visibili,
1024 1179 1096 1209 quae
1118 1171 1203 1200 habet

350 1221 418 1250 mihi
441 1220 562 1258 speciem
588 1219 689 1248 offerre
718 1222 745 1248 et
774 1219 865 1247 visum
892 1226 986 1247 meum
1010 1218 1141 1247 excitare.
1164 1235 1203 1239 —

350 1268 403 1297 Sed
424 1268 475 1296 iste
497 1267 599 1296 modus
621 1266 731 1295 dicendi
753 1266 847 1295 adhuc
872 1274 927 1294 nou
949 1265 1030 1303 plene
1053 1266 1202 1300 satisfacit,

349 1324 400 1353 pro
415 1323 447 1344 eo
462 1314 535 1352 quod
552 1322 603 1343 nos
618 1314 760 1348 videmus,
776 1313 966 1350 operationem
982 1313 1140 1342 intellectus
1155 1313 1203 1341 im-

348 1361 455 1400 pediri,
477 1370 531 1390 non
554 1361 625 1390 facto
654 1361 854 1398 impedimento
880 1361 907 1389 10
930 1368 1015 1397 opere
1037 1360 1201 1389 interioris³

348 1409 460 1439 virtutis
476 1409 639 1442 sensitivae‚
655 1411 751 1445 utpote
767 1408 972 1445 imaginationis
988 1410 1014 1436 et
1029 1407 1201 1445 phantasiae.

349 1457 380 1485 Et
402 1456 526 1489 iteruin,
548 1463 613 1484 cum
635 1455 794 1484 intellectus
815 1458 842 1483 et
861 1455 998 1483 memoria
1019 1454 1202 1492 intelligibilis

348 1503 457 1541 aliquas
479 1502 585 1540 species
606 1502 632 1530 in
657 1510 686 1531 se
708 1501 810 1530 habeat
831 1502 1003 1535 abstractas,
1026 1510 1096 1539 quas
1118 1502 1146 1530 in
1173 1509 1201 1530 se

348 1553 375 1579 et
396 1558 482 1588 penes
513 1558 542 1579 se
574 1552 736 1583 conservat,
769 1557 840 1586 quas
865 1549 959 1577 anima
981 1556 1077 1578 secum
1099 1549 1201 1583 trahit,

348 1605 412 1627 cum
427 1605 443 1626 a
458 1605 575 1634 corpore
590 1599 738 1634 separatur
747 1607 754 1630 ς
776 1596 888 1625 videtur
900 1596 921 1630 ⁴,
937 1596 1012 1633 quod
1028 1596 1102 1624 omni
1125 1596 1202 1627 obse-

348 1645 413 1682 quio
435 1644 598 1681 phantasiae
619 1647 646 1672 et
668 1644 896 1681 phantasmatum
920 1643 1142 1680 circumscripto,
1162 1643 1201 1671 in-

348 1691 475 1720 tellectus
497 1698 581 1719 usum
603 1691 707 1719 habere
729 1690 830 1719 debeat
851 1694 981 1728 respectu
1010 1698 1109 1719 eorum
1135 1699 1201 1728 quo-

347 1745 412 1766 rum
434 1737 518 1766 habet
539 1737 566 1765 in
589 1745 617 1766 se
640 1737 777 1766 habitum.
800 1738 831 1766 Et
853 1738 905 1766 1100
928 1737 1010 1775 plane
1025 1737 1127 1766 falsum
1150 1740 1200 1772 est,

347 1784 412 1821 quia
428 1784 465 1812 ita
480 1784 564 1812 homo
586 1784 739 1821 impeditur
755 1785 781 1813 in
797 1785 903 1813 somnis
915 1784 924 1797 ⁵
947 1793 963 1813 a
978 1785 1200 1814 consideratione

349 1838 447 1859 eorum
470 1838 542 1868 quae
563 1831 653 1866 novit,
675 1831 747 1860 sicut
761 1831 796 1860 ab
812 1831 991 1869 inquisitione
1013 1840 1111 1861 eorum
1127 1840 1200 1869 quae

349 1886 404 1907 000
425 1879 510 1907 novit.

430 1926 460 1954 Et
480 1928 629 1962 propterea
650 1928 692 1954 est
719 1926 819 1954 tertius
848 1926 949 1955 modus
978 1926 1100 1961 dicendi,
1123 1927 1199 1964 quod

349 1971 473 2008 operatio
489 1971 568 2000 liberi
583 1971 692 2000 arbitrii
708 1975 735 2001 et
749 1972 864 2001 rationis
879 1980 915 2001 ex
931 1972 1057 2009 corporis
1072 1972 1201 2010 ineptitu-

349 2019 413 2048 dine
428 2020 512 2048 habet
528 2019 657 2056 impediri
672 2022 787 2056 propter
803 2019 945 2056 quandam
962 2020 1200 2048 communicatio-

348 2074 414 2094 nem
435 2066 623 2103 operationis.
646 2066 839 2095 Comniunicat
859 2069 955 2095 autem
976 2066 1099 2103 quodam
1117 2067 1199 2095 modo

410 2187 418 2201 1
437 2187 482 2210 Has
500 2187 558 2209 (1005
575 2188 690 2215 10110005,
710 2194 769 2216 quae
790 2187 921 2215 praedictae
939 2189 1053 2216 opinionis
1066 2189 1201 2217 principalia

347 2230 463 2250 momenta
480 2228 628 2255 impugnant,
647 2227 752 2249 Gulielm.
771 2227 838 2255 Mara,
858 2228 893 2249 hic
911 2234 932 2256 q.
952 2229 973 2256 9,
991 2229 1023 2250 sic
1041 2229 1119 2251 litteris
1137 2234 1201 2250 man-

346 2266 399 2289 dat:
418 2266 520 2288 Primum
538 2272 583 2288 000
602 2268 676 2294 potest
693 2268 765 2294 stare,
786 2267 839 2295 quia
857 2266 897 2289 ubi
915 2268 989 2289 maior
1006 2267 1061 2295 suga
1080 2269 1200 2296 passionis,

345 2305 377 2328 ibi
403 2307 476 2328 maior
502 2307 649 2333 compassio;
667 2305 708 2328 sed
726 2306 748 2328 in
767 2306 844 2328 0101115
862 2306 1002 2329 habentibus
1019 2313 1087 2329 usum
1106 2308 1200 2330 rationis

345 2348 379 2368 est
397 2346 470 2368 maior
488 2346 543 2373 suga
562 2346 675 2374 passionis
700 2351 771 2374 quain
797 2346 819 2367 10
843 2346 983 2374 phreneticis
1001 2350 1023 2369 et
1039 2346 1140 2369 furiosIs.
1164 2347 1201 2369 Se-

345 2384 448 2407 cundum
466 2385 570 2407 similiter
587 2391 632 2407 non
651 2384 743 2407 videtur
763 2391 857 2413 verum,
876 2386 942 2414 quia,
960 2386 978 2408 si
997 2386 1073 2408 anima
1091 2392 1118 2408 ex
1131 2387 1200 2408 nimia

345 2425 467 2446 attentione
485 2423 688 2446 administrationis
707 2424 859 2452 impediretur
876 2425 897 2446 10
916 2429 967 2447 0010
987 2425 1125 2453 intellectus,
1144 2432 1201 2453 ergo

345 2463 420 2491 magis
438 2463 533 2485 deberet
554 2463 661 2491 impediri
680 2464 701 2485 in
719 2463 803 2486 sobriis
820 2470 890 2492 quam
909 2464 930 2485 10
949 2463 1025 2486 ebriis.
1044 2464 1100 2486 Nam
1119 2471 1201 2487 seeun-

345 2501 401 2524 dum
418 2502 527 2530 August„
541 2501 577 2524 Vl.
592 2502 690 2524 Musicae
708 2502 736 2529 (c.
755 2501 776 2524 5.
796 2508 817 2524 n.
840 2503 883 2531 10.)
895 2509 900 2525 :
914 2503 1002 2525 sentire
1015 2504 1106 2525 animae
1118 2504 1140 2525 in
1153 2510 1200 2526 cor-

344 2546 402 2568 pore
418 2543 452 2563 est
469 2546 521 2562 cum
540 2541 662 2563 attentione
679 2547 764 2569 agcre3
782 2541 823 2563 seii
842 2542 863 2563 10
881 2541 954 2564 ebriis
965 2545 1000 2565 est
1012 2543 1088 2565 minor
1105 2548 1201 2565 sensua-

345 2579 394 2602 litas
412 2586 482 2608 quam
500 2581 522 2602 in
540 2580 636 2603 sobriis:
655 2587 711 2609 ergo
730 2581 805 2603 minor
822 2582 922 2604 attentio.

407 2618 417 2632 ‘³
435 2618 479 2641 Cir,
497 2620 601 2647 Ariston,
621 2620 652 2641 111.
670 2619 699 2642 de
716 2621 811 2648 Anima,
830 2623 882 2643 text.
900 2621 932 2643 18.
946 2621 983 2643 30.
997 2621 1033 2643 39.
1047 2621 1075 2649 (c.
1089 2621 1110 2644 5.
1123 2621 1145 2644 7.
1158 2622 1198 2650 8.).

345 2668 376 2673 —
394 2657 462 2679 Paulo
480 2661 531 2681 ante.
550 2658 631 2680 vocula
648 2660 742 2687 noster,
770 2666 841 2688 quam
866 2666 893 2682 ex
919 2660 987 2682 codd.
1006 2660 1049 2682 ΓΗ
1061 2661 1067 2683 l
1079 2661 1097 2682 K
1110 2661 1127 2683 T
1138 2661 1158 2683 V
1170 2661 1199 2683 W

347 2702 373 2718 aa
391 2695 423 2718 bb
441 2703 467 2718 ee
485 2698 537 2719 voci
555 2696 686 2721 intellectus
704 2698 844 2727 adiecimus,
863 2698 927 2721 deest
945 2700 966 2721 10
985 2700 1035 2722 Vat.

408 2734 417 2749 3
434 2735 470 2757 Sic
488 2735 538 2758 cod.
557 2743 583 2758 aa
601 2739 622 2759 et
641 2737 703 2764 Vat.,
722 2737 779 2759 dum
797 2738 843 2760 sere
861 2744 942 2760 omues
958 2739 995 2761 alii
1008 2739 1075 2761 codd.
1089 2745 1141 2761 cum
1155 2741 1200 2767 pri-

346 2774 390 2795 mis
407 2774 459 2796 edd.
479 2781 602 2803 perperam
621 2776 700 2803 legunt
716 2775 855 2801 ezterioris,
874 2777 924 2799 cod.
944 2783 969 2799 cc
983 2784 1037 2799 cum
1055 2778 1091 2800 ed.
1114 2778 1119 2799 l
1142 2777 1200 2807 infe-

346 2811 425 2835 rim-is.
444 2813 513 2835 Paulo
531 2814 626 2836 iuferius
651 2820 693 2842 pro
714 2814 831 2838 memoria
849 2815 1001 2845 intelliffl'bilis
1023 2817 1086 2844 Vat.,
1109 2816 1199 2839 moder-

347 2856 431 2872 norum
448 2852 518 2874 modo
537 2852 645 2881 loquendi
663 2860 687 2875 se
705 2854 872 2883 commodans,
890 2855 1007 2878 movim-ia
1025 2855 1197 2879 intellectualis.

408 2888 417 2902 ⁴¹
435 2890 506 2912 Simul
525 2891 592 2913 audi:
612 2897 639 2914 ox
657 2892 773 2919 praedicta
791 2894 899 2921 opimone
916 2895 989 2923 sequi.

411 2927 421 2941 5
436 2928 512 2950 Verba
529 2929 561 2951 ita
578 2932 599 2952 et
617 2930 641 2952 in
658 2931 747 2954 sommis
773 2938 799 2954 ex
826 2932 893 2954 codd.
912 2932 928 2955 C
939 2933 953 2955 F
964 2934 981 2955 ΙΙ
992 2933 1007 2955 L
1019 2934 1036 2955 T
1047 2933 1065 2955 U
1083 2940 1109 2955 aa
1129 2939 1154 2956 cc
1177 2936 1199 2956 ot

347 2964 383 2986 ed.
406 2965 410 2986 1
432 2966 455 2987 111
474 2968 558 2989 textum
570 2969 708 2996 recepimus.
721 2970 790 2992 Paulo
803 2971 897 2993 interius
910 2977 952 2999 pro
965 2971 1115 3002 inquisitione
1128 2972 1196 2994 codd.

348 3002 366 3024 T
384 3009 410 3025 aa
428 3004 586 3033 acquisitione.

1041 201 1294 230 SENTENTIARUM
1316 201 1376 229 LlB.
1398 201 1427 229 ll.

1262 279 1385 315 potentia
1407 279 1575 307 intellectiva
1603 279 1792 316 operatiOnem
1816 287 1897 308 suam
1919 279 2029 316 corpori
2051 287 2113 308 con-

1262 326 1372 360 iuncto,
1395 334 1459 355 cum
1475 326 1662 355 communicet
1678 326 1702 355 01
1717 335 1792 360 esse,
1809 330 1835 355 et
1850 334 1885 355 ex
1902 327 1941 355 eis
1956 326 2004 355 fiat
2018 335 2112 355 imum

1257 381 1312 410 per
1323 373 1490 407 essentiavit,
1501 381 1556 401 non
1569 373 1660 402 solum
1676 373 1704 401 in
1719 377 1855 410 quantum
1871 373 1964 401 anima
1978 376 2020 402 est
2036 381 2113 410 vege-

1262 419 1354 448 tabilis
1375 422 1402 448 et
1417 420 1564 454 sensibilis,
1579 420 1628 448 sed
1644 420 1728 448 etiam
1744 420 1772 448 in
1787 423 1924 457 quantum
1940 419 2112 448 rationalis⁶.

1261 467 1358 495 Anima
1386 466 1460 495 enim
1482 466 1641 501 rationalis,
1663 466 1815 495 adveniens
1844 467 1953 503 corpori
1976 467 2112 502 humano,

1262 514 1334 543 sicut
1355 522 1390 543 ex
1413 522 1465 543 sua
1486 514 1589 543 unione
1610 514 1674 542 facit
1689 513 1782 550 ipsum
1797 521 1858 542 esse
1873 513 1989 542 ctizimctl
2009 513 2113 542 010111-

1261 565 1393 594 mcttitm,
1415 561 1453 589 ita
1476 561 1538 590 iacit
1559 568 1620 589 esse
1641 559 1803 594 hominem
1824 563 1851 589 et
1872 560 1950 595 ideo,
1972 561 2045 589 sicut
2066 560 2114 588 ali-

1262 616 1347 644 quam
1369 607 1559 644 operationem
1575 607 1762 636 communicat
1784 607 1910 644 corpori,
1933 607 2114 644 inquantum

1262 654 1326 683 facit
1346 655 1447 683 'niniam
1468 657 1495 683 et
1516 655 1544 683 in
1569 658 1706 692 qnantum
1728 654 1793 683 facit
1814 654 1945 688 (tuimet,
1968 654 2007 682 sic
2029 653 2113 682 etiam

1262 702 1384 739 aliquam
1408 702 1609 736 communicat,
1625 702 1651 730 in
1667 706 1805 739 quantum
1829 701 1893 730 facit
1908 700 2069 734 hominem,
2084 700 2114 729 li-

1263 752 1305 778 cet
1330 757 1385 777 non
1408 749 1521 777 omnino
1544 749 1730 777 uniformiter.
1754 748 1898 777 Differenti
1926 748 2000 777 enim
2029 747 2113 777 modo

1262 796 1450 824 communicat
1472 795 1565 824 anima
1584 796 1694 832 corpori
1709 796 1885 832 operationes
1895 796 1914 830 ⁷,
1935 803 2008 832 qnae
2028 794 2114 832 respi-

1262 843 1339 872 ciunt
1359 843 1513 880 potentiam
1534 842 1729 880 vegetativam
1750 846 1777 871 et
1798 842 1981 876 sei‘isz'tioctm,
2003 845 2030 871 et
2052 849 2114 878 ope-

1262 890 1384 918 rationes
1399 889 1539 927 potentiae
1561 889 1756 918 intetteettvcte.
1779 889 1847 918 Nam
1862 889 1986 926 operatio
2008 889 2115 918 sensiti-

1263 945 1313 966 vae
1335 940 1361 965 et
1382 936 1556 973 vegetativae
1578 936 1617 965 sic
1639 936 1862 965 communicatur
1877 936 2003 973 corpori,
2026 939 2057 965 ut
2079 935 2114 965 sit

1262 984 1293 1012 iu
1315 992 1437 1020 corpore
1459 987 1485 1012 et
1504 992 1558 1021 per
1580 992 1705 1020 eorpus,
1728 984 1763 1012 sit
1784 984 1868 1012 etiam
1890 983 1921 1011 in
1942 991 2064 1020 corpore
2087 985 2114 1011 et

1261 1039 1319 1059 non
1340 1030 1403 1059 stne
1424 1039 1563 1067 eorpore;
1584 1038 1638 1058 non
1661 1030 1735 1059 enim
1758 1030 1846 1059 nutrit
1861 1031 1962 1064 anima,
1985 1030 2037 1059 nisi
2059 1037 2114 1058 100-

1261 1078 1355 1107 (110010
1376 1086 1481 1115 organo
1503 1085 1647 1115 corporeo,
1662 1085 1712 1106 nec
1734 1077 1831 1111 nutrit,
1847 1077 1898 1106 nisi
1921 1077 2059 1114 quamdiu
2072 1080 2115 1105 est

1261 1125 1288 1154 in
1311 1132 1436 1162 corpore.
1460 1124 1621 1162 lntettzyere
1639 1127 1734 1153 autem
1757 1124 1796 1153 sic
1811 1124 1999 1153 communicat
2021 1124 2114 1153 anima

1261 1173 1382 1210 corpori.
1405 1176 1437 1201 ut
1458 1173 1497 1201 sic
1520 1172 1656 1209 intelligat
1680 1180 1748 1200 eum
1770 1180 1892 1209 corpore
1913 1171 2007 1209 aliquo
2030 1171 2113 1200 modo

1261 1220 1397 1257 agentess.
1426 1222 1458 1248 ut
1490 1222 1582 1248 tamen
1615 1227 1669 1247 11011
1692 1219 1828 1256 intelligat
1853 1227 1907 1255 per
1929 1227 2053 1255 corpns;
2075 1218 2114 1247 sic

1261 1267 1397 1304 intelligat
1418 1267 1502 1295 etiam
1524 1266 1554 1294 in
1577 1274 1714 1303 corpore,
1740 1269 1770 1295 ut
1793 1269 1885 1294 tamen
1911 1265 1994 1294 etiam
2017 1265 2115 1294 intelli-

1261 1318 1322 1351 gat,
1344 1322 1408 1343 cum
1431 1317 1473 1342 est
1492 1316 1634 1350 separata
1656 1322 1675 1342 ct
1697 1321 1826 1350 corpore.
1850 1313 1920 1350 Quia
1942 1320 2022 1348 vero,
2044 1313 2114 1341 dum

1260 1364 1302 1390 est
1323 1361 1351 1389 in
1374 1368 1505 1398 corpore,
1527 1360 1716 1389 communicat
1737 1361 1762 1389 01
1791 1360 1956 1389 rationalem
1972 1360 2114 1397 ,operatio-

1260 1417 1340 1443 nem(⁴
1364 1408 1441 1442 iden,
1474 1408 1545 1437 facta
1572 1407 1777 1436 inordinatione
1806 1415 1843 1436 ex
1871 1411 1951 1444 parte
1973 1407 2112 1444 corporis,

1261 1456 1345 1484 habet
1367 1455 1415 1483 illa
1434 1455 1559 1492 operatio
1581 1455 1720 1492 impediri.
1743 1471 1782 1475 —-
1803 1454 1857 1483 Sed
1878 1454 1930 1483 iste
1953 1454 2053 1483 modus
2075 1445 2231 1506 di'ffissolssffi

1260 1503 1341 1532 cendi
1363 1503 1533 1531 calumniam
1555 1502 1640 1530 habet
1662 1502 1690 1530 in
1705 1501 1758 1531 hoc
1773 1501 1848 1539 quod
1863 1501 1938 1535 dicit,
1961 1501 2036 1538 quod
2051 1508 2114 1538 ope-

1259 1550 1331 1578 ratio
1346 1549 1503 1579 intellectus
1518 1549 1613 1586 aliquo
1629 1549 1712 1578 modo
1734 1548 1959 1577 communicatur
1980 1548 2111 1585 corpori,

1259 1605 1325 1625 cum
1346 1605 1401 1625 non
1423 1596 1553 1625 videatur
1574 1603 1690 1630 verum,
1713 1599 1740 1624 et
1768 1595 1954 1632 Philosophus
1975 1595 2113 1624 contradi-

1259 1652 1322 1674 cere
1344 1644 1474 1673 videatur
1496 1651 1631 1680 expresse
1652 1643 1679 1671 in
1695 1642 1804 1671 decimo
1820 1645 1900 1671 sexto
1916 1641 2112 1676 Animalium9,

1258 1692 1306 1721 ubi
1329 1691 1411 1726 dicit,
1427 1691 1501 1728 quod
1529 1690 1710 1719 «intellectus
1726 1692 1767 1719 est
1781 1689 1817 1717 ab
1839 1689 2021 1718 extrinseco»
2052 1697 2113 1726 pro-

1258 1742 1320 1775 pter
1336 1738 1397 1772 hoc,
1413 1737 1488 1775 quod
1503 1737 1581 1765 nullo
1598 1737 1680 1766 niodo
1709 1740 1750 1766 est
1772 1737 1920 1766 immixtus
1941 1737 2062 1774 corpori.
2083 1737 2113 1765 Et

1258 1786 1311 1815 hoc
1332 1785 1426 1822 ipsum
1448 1784 1515 1813 dicit
1536 1785 1564 1813 in
1587 1784 1667 1813 tertio
1689 1784 1723 1813 de
1739 1784 1843 1812 Anima.
1868 1784 1898 1812 Et
1913 1784 2038 1818 iterum,
2060 1784 2112 1813 etsi

1258 1833 1444 1866 concedatur,
1467 1832 1543 1869 quod
1559 1830 1642 1860 homo
1659 1831 1803 1869 intelligat,
1819 1831 1897 1860 nullo
1913 1834 2007 1860 tamen
2029 1831 2112 1860 modo

1258 1880 1421 1909 conceditur
1443 1887 1493 1909 nec
1516 1879 1551 1908 de
1573 1882 1630 1908 toto
1645 1887 1768 1916 corpore
1790 1887 1840 1908 nec
1862 1878 1897 1907 de
1918 1881 2014 1916 parte,
2036 1879 2112 1916 quod

1257 1927 1401 1964 intelligat.
1425 1927 1502 1956 Unde
1534 1927 1663 1961 videtur,
1695 1926 1771 1963 quod
1793 1927 1846 1956 1100
1867 1925 1977 1955 dicatur
1999 1926 2034 1955 de
2056 1929 2112 1955 toto

1258 1974 1405 2003 coniuncto
1428 1974 1535 2003 ratione
1557 1974 1654 2011 partis,
1677 1973 1782 2003 scilicet
1803 1973 1928 2008 animae;
1951 1973 2031 2007 sicut,
2047 1981 2113 2002 0001

1258 2021 1372 2050 dicitur:
1397 2021 1482 2049 homo
1503 2024 1545 2050 est
1566 2020 1663 2055 albus,
1686 2021 1739 2049 hoc
1765 2020 1869 2050 dicitur
1891 2020 1983 2049 solum
2005 2021 2113 2050 ratione

1258 2068 1384 2105 corporis
1397 2068 1424 2095 ¹⁰.

1321 2189 1331 2204 ὅ
1349 2190 1394 2212 Csr.
1412 2190 1514 2217 Α115101,,
1534 2189 1556 2211 ll.
1576 2189 1604 2212 de
1622 2190 1715 2217 Anima,
1735 2192 1786 2212 text.
1805 2190 1825 2212 6.
1838 2195 1886 2218 seq.
1899 2192 1921 2212 et
1933 2192 1985 2212 text.
1999 2189 2035 2212 24.
2047 2196 2112 2219 seqq.

1259 2228 1288 2257 (c.
1312 2229 1328 2251 1.
1347 2232 1413 2258 seq).
1431 2242 1462 2244 —
1479 2229 1548 2251 Paulo
1574 2229 1669 2250 inferius
1694 2232 1746 2256 post
1772 2228 1805 2251 ita.
1825 2227 1884 2257 facit
1900 2229 1950 2251 cod.
1969 2229 1990 2251 X
2008 2229 2114 2258 adiungit

1259 2267 1349 2297 ipsunt,
1368 2267 1418 2290 cod.
1437 2274 1463 2289 aa
1481 2267 1558 2290 etiam.

1321 2307 1331 2322 7
1349 2308 1379 2330 Ex
1397 2307 1465 2330 codd.
1484 2307 1501 2329 A
1512 2307 1561 2335 Qx
1580 2312 1605 2329 cc
1623 2310 1644 2329 et
1661 2306 1697 2329 ed.
1716 2307 1720 2328 l
1739 2306 1866 2329 adiecimus
1877 2307 2038 2336 operationes,
2053 2314 2113 2337 quae

1259 2353 1304 2369 vox
1321 2352 1334 2368 a
1352 2346 1402 2369 Vat.
1420 2346 1492 2368 abest.
1516 2346 1539 2368 In
1565 2347 1722 2374 propositione
1747 2352 1795 2375 seq.
1821 2347 1942 2375 sequimur
1967 2346 2034 2369 codd.
2052 2347 2068 2369 F
2085 2353 2113 2370 aa

1259 2385 1290 2408 bl)
1308 2392 1341 2408 ee.
1360 2386 1401 2407 Alii
1420 2385 1488 2408 codd.
1507 2391 1561 2407 cum
1579 2385 1634 2408 edd.
1652 2386 1684 2408 sic
1701 2391 1752 2408 eam
1771 2385 1893 2408 exhibent:
1910 2385 1967 2408 Nam
1980 2391 2051 2416 opera
2064 2392 2113 2409 sen-

1258 2425 1362 2447 sitivae...
1388 2425 1421 2447 sic
1446 2423 1606 2448 comminuent
1632 2425 1736 2453 corpori,
1763 2427 1788 2447 ut
1813 2424 1861 2448 sint
1886 2425 1907 2447 in
1930 2431 2050 2453 corpore...
2065 2424 2113 2448 sint

1259 2464 1318 2491 (Vat.
1337 2463 1379 2492 sic)
1398 2465 1466 2486 etiam
1484 2465 1505 2486 in
1524 2470 1621 2492 corpore
1639 2467 1661 2487 et
1679 2463 1739 2492 (Vat.
1758 2465 1793 2492 ut)
1812 2470 1856 2486 non
1877 2465 1926 2486 sine
1944 2470 2047 2492 corpore.
2071 2465 2113 2487 Ta-

1259 2509 1319 2531 men,
1332 2504 1391 2526 sicut
1403 2509 1444 2525 nos
1455 2521 1459 2530 ,
1472 2503 1540 2525 etiam
1553 2502 1620 2525 codd.
1639 2502 1655 2525 C
1664 2503 1684 2525 K
1695 2503 1714 2525 R
1724 2503 1739 2525 S
1749 2503 1769 2525 V
1779 2503 1809 2525 W
1828 2503 1907 2531 legunt
1919 2503 2113 2527 communicatur

1258 2548 1300 2570 pro
1319 2541 1486 2565 communicat.

1316 2580 1331 2610 7⁸
1348 2580 1388 2603 Ed.
1411 2581 1415 2602 1
1438 2581 1555 2610 coagyente.
1574 2580 1644 2603 Paulo
1661 2580 1756 2603 inferius
1769 2586 1811 2608 pro
1826 2580 1888 2608 Qum
1907 2586 1961 2603 rero
1980 2580 2048 2603 codd.
2066 2581 2082 2602 F
2093 2581 2111 2603 V

1258 2620 1287 2642 W
1298 2619 1319 2642 X
1330 2620 1346 2641 Z
1364 2626 1391 2642 aa
1409 2622 1431 2642 et
1447 2620 1483 2642 0111
1503 2619 1566 2648 Quia
1583 2626 1646 2649 erqo.

1320 2658 1330 2673 9
1347 2659 1401 2681 Sive
1420 2659 1443 2680 ll.
1463 2658 1491 2681 de
1504 2659 1608 2681 General.
1622 2658 1713 2681 animal.
1732 2664 1751 2681 c.
1770 2658 1795 2681 3:
1815 2659 1892 2681 Restat
1909 2660 1990 2687 igitur,
2009 2662 2034 2682 ut
2046 2665 2112 2682 mens

1257 2699 1304 2721 sola
1322 2699 1463 2721 extrinsecus
1481 2699 1575 2721 accedat
1592 2705 1666 2727 eaque
1682 2699 1730 2721 5010
1749 2698 1826 2721 divina
1845 2699 1887 2726 sit;
1907 2699 1959 2721 011111
1977 2700 2038 2721 enim
2057 2705 2111 2721 cum

1257 2739 1307 2760 eius
1324 2738 1412 2760 actione
1429 2739 1585 2760 communicat
1602 2738 1660 2760 actio
1678 2738 1812 2766 corporalis.
1840 2737 1900 2760 Libr.
1918 2738 1950 2760 Ill.
1969 2738 1997 2760 de
2015 2739 2109 2767 Anima,

1257 2779 1308 2799 text.
1328 2776 1348 2799 li.
1368 2778 1396 2803 (c.
1415 2775 1445 2804 4.)
1465 2776 1542 2805 docet,
1562 2777 1700 2799 intellectum
1724 2777 1854 2799 immixtum
1877 2783 1927 2799 esse
1946 2777 2045 2805 corpori.
2065 2776 2110 2799 Cfr.

1256 2823 1327 2844 supra
1346 2822 1399 2844 pag.
1418 2815 1476 2844 tte,
1495 2819 1547 2839 0010
1566 2815 1587 2838 4.
1605 2819 1627 2838 et
1643 2822 1697 2844 pag.
1716 2815 1771 2844 458,
1791 2818 1843 2838 nota
1861 2816 1886 2845 3,
1914 2816 1953 2838 ubi
1978 2817 2048 2838 etiarn
2074 2816 2110 2838 0111

1256 2855 1299 2877 loci
1318 2855 1455 2878 indicantur.

1320 2894 1339 2909 ¹0
1356 2894 1402 2918 Cl'r.
1420 2895 1525 2923 Ariston,
1545 2895 1558 2917 1.
1577 2894 1606 2917 (10
1623 2895 1716 2923 Anima,
1735 2897 1786 2917 text.
1814 2894 1850 2917 64.
1867 2901 1932 2924 seqq.
1951 2895 1979 2922 (c.
1998 2894 2028 2923 li.)
2046 2897 2068 2917 et
2085 2895 2109 2917 ll.

1257 2937 1308 2956 text.
1331 2935 1364 2956 11.
1383 2934 1411 2961 (c.
1434 2934 1469 2962 l.>.
1488 2946 1518 2950 —
1537 2934 1605 2956 Paulo
1623 2935 1730 2962 superius
1747 2936 1799 2962 post
1815 2940 1855 2957 nee
1867 2933 1895 2957 (Ie
1905 2935 1973 2964 parte
1985 2934 2032 2956 Vat.
2054 2933 2110 2956 sub-

1256 2973 1303 2996 iicit
1320 2973 1436 3002 corporis.

2220 1339 2222 1351 1
