2243 3425
247 2034 351 2053 Conclusio.

226 2269 294 2292 Opinio
303 2269 319 2286 1.
330 2269 353 2286 di»

226 2292 291 2313 inodo,

226 2321 268 2334 Cssl‘U
274 2321 353 2334 animaru

226 2339 282 2357 inficit

364 215 419 244 748

362 296 417 321 tate
438 291 565 328 exspuit,
587 293 635 318 aut
655 297 690 317 ex
714 288 848 324 sanguine
870 294 921 315 suo
936 286 1042 323 aliquid
1057 285 1157 314 emittit
1171 296 1203 313 »2

362 347 428 376 ergo
449 339 471 367 si
494 337 563 365 nihil
585 338 675 373 potest
696 335 763 363 dare
785 334 830 362 alii
853 333 927 370 quod
950 340 1004 361 non
1020 332 1118 366 habet,
1133 331 1207 360 vide-

363 389 422 418 tur,
445 384 519 421 quod
542 391 606 412 caro
627 390 681 411 non
703 381 789 418 possit
810 381 931 409 animam
954 379 1075 408 inficere.

440 433 466 459 2.
488 432 570 463 item,
593 429 763 466 Augustinus
778 428 806 456 in
821 430 901 456 sexto
916 426 1035 455 Musicae
1048 426 1069 454 ¹:
1091 425 1208 454 «Omne

361 486 445 515 agens
461 476 648 515 praestantius
663 478 704 504 est
719 475 855 511 patiente,
870 477 898 502 et
912 473 1034 502 efficiens
1048 473 1165 502 materia
1175 483 1207 507 »3

362 526 409 554 sed
432 525 524 553 anima
545 522 729 560 praestantior
751 524 792 550 est
813 528 914 549 carne:
938 528 1004 557 ergo
1026 520 1103 548 nullo
1125 520 1208 548 modo

363 580 427 601 caro
442 574 532 608 potest
548 570 573 598 in
589 570 711 597 animam
727 575 819 605 agere,
833 575 900 604 ergo
915 574 966 595 nec
981 567 1070 603 ipsam
1086 566 1206 595 inficere.

440 618 466 646 3.
489 618 571 649 item,
594 616 665 644 sicut
686 615 746 643 vult
768 614 953 651 Philosophus
963 614 981 647 ²,
1001 621 1142 642 «necesse
1157 616 1208 648 est,

361 673 445 703 agens
466 667 493 693 et
514 664 622 701 patiens
637 663 663 691 in
680 662 797 691 materia
818 661 1026 690 communicare
1036 671 1064 694 »3
1079 660 1128 689 sed
1144 668 1208 689 caro

361 716 387 742 et
407 712 499 740 anima
521 718 575 739 non
597 710 804 739 communicant
832 709 859 737 in
889 708 1022 737 materia:
1050 715 1116 745 ergo
1144 715 1209 736 caro

362 768 415 788 non
443 762 533 796 potest
561 764 644 794 agere
672 757 698 784 in
720 756 859 789 animam,
881 763 948 792 ergo
970 762 1020 784 nec
1041 755 1130 792 ipsam
1152 763 1209 783 cor-

362 814 501 843 rumpere.

439 854 466 881 ti.
488 852 571 885 Item,
594 851 682 879 multo
705 850 876 887 spiritualior
898 853 940 878 est
961 849 1054 877 anima
1072 856 1156 886 quam
1170 857 1210 877 ra-

362 901 443 933 dius;
466 900 513 928 sed
544 899 640 927 radius
669 906 704 926 ex
735 897 927 926 coniunctione
955 896 999 924 sui
1028 896 1063 924 ad
1092 903 1210 933 corpora

363 947 507 976 immunda
529 954 582 974 non
605 945 689 974 habet
710 944 802 973 infici:
825 952 892 980 ergo
914 951 964 972 nec
985 943 1079 971 anima
1097 950 1134 971 ex
1149 950 1211 971 con-

363 994 502 1023 iunctione
523 992 558 1021 ad
580 1000 692 1021 carnem
716 991 843 1020 intectam
866 993 956 1027 potest
978 989 1052 1018 infici
1065 989 1083 1016 ⁵.

441 1042 465 1068 5.
489 1040 572 1073 item,
594 1038 672 1067 nulla
694 1038 838 1074 corruptio
862 1037 948 1065 maior
970 1039 1012 1065 est
1035 1037 1061 1064 in
1090 1035 1210 1069 effectu,

362 1096 446 1126 quam
469 1088 503 1116 sit
524 1087 550 1115 in
574 1094 677 1117 causa:
693 1085 741 1114 sed
757 1085 916 1122 corruptiO,
932 1092 1004 1121 quae
1018 1087 1061 1112 est
1075 1084 1103 1112 in
1118 1090 1210 1117 carne,

362 1144 415 1165 non
438 1138 479 1164 est
501 1133 643 1170 corruptio
666 1132 828 1169 culpabilis,
857 1132 951 1168 «quia
973 1131 1070 1167 culpa,
1093 1133 1125 1158 ut
1146 1129 1212 1158 dicit

362 1182 507 1212 Anselmus
520 1181 546 1214 ⁴,
568 1184 609 1209 est
631 1180 657 1208 in
680 1179 738 1207 sola
761 1179 904 1207 voluntate
918 1189 948 1205 »z
972 1178 994 1206 si
1014 1185 1081 1214 ergo
1096 1177 1211 1205 minima

362 1231 444 1267 culpa
466 1229 543 1266 peior
564 1230 606 1256 est
627 1235 711 1264 quam
733 1228 961 1263 quantacumque
985 1232 1074 1262 poena
1099 1227 1126 1253 et
1148 1224 1211 1261 plus

364 1277 447 1306 habet
468 1276 503 1304 de
524 1275 630 1303 ratione
653 1274 733 1308 mali,
756 1273 828 1302 sicut
844 1272 1016 1309 Augustinus
1038 1272 1064 1300 in
1079 1272 1212 1300 Sermone

363 1325 396 1354 de
419 1322 614 1352 Innocentibns
643 1321 728 1354 dicit;
758 1321 842 1357 igitur
870 1328 906 1348 ex
935 1318 1044 1356 poenali
1067 1318 1213 1347 infectione

363 1371 453 1400 carnis
475 1368 645 1406 impossibile
666 1371 708 1396 est
736 1367 846 1404 culpam
871 1367 898 1394 in
919 1366 1012 1394 anima
1033 1366 1171 1402 generari.

442 1419 467 1445 ὓ.
490 1417 573 1447 item.
595 1415 753 1452 corruptio.
775 1421 847 1451 quae
868 1417 911 1443 est
931 1413 958 1441 in
981 1421 1080 1447 carne,
1101 1416 1150 1442 aut
1171 1415 1213 1441 est

362 1473 454 1502 poena
464 1487 471 1497 ,
493 1467 542 1492 aut
557 1462 653 1499 calpa.
669 1462 726 1490 Non
742 1461 847 1498 culpem
863 1461 915 1489 hoc
930 1463 1044 1489 constat.
1061 1461 1087 1488 Si
1101 1468 1210 1497 poena.-

363 1520 429 1549 ergo
451 1512 523 1540 iusta
542 1514 602 1544 θεῖς
625 1509 673 1538 sed
696 1509 764 1538 nihil
784 1509 890 1537 iustum
906 1512 948 1537 est
962 1515 1048 1536 causa
1063 1507 1157 1536 iniusti
1173 1515 1213 1536 se-

364 1559 487 1589 cundum
510 1558 584 1596 quod
606 1556 788 1585 huiusmodi:
812 1564 878 1593 ergo
900 1555 1059 1592 corruptio,
1080 1562 1152 1592 quae
1171 1558 1213 1583 est

364 1607 391 1634 in
413 1613 512 1639 carne,
533 1613 597 1633 cum
620 1605 655 1632 sit
674 1611 785 1641 poena,
810 1611 865 1631 non
894 1602 996 1639 poterit
1023 1609 1084 1631 esse
1112 1601 1212 1639 princi-

365 1653 441 1689 pium
465 1651 603 1680 inficiendi
627 1650 749 1679 animam
771 1649 867 1686 calpa.

678 1751 890 1772 CONCLUSIO.

486 1839 594 1866 Anima
616 1836 763 1866 contrahit
780 1840 933 1874 peccatam
956 1836 1100 1873 orlyz'itale

659 1884 803 1912 wirzectisante
825 1892 921 1911 carne.

445 1980 620 2008 {imponor-0:
643 1978 813 2010 Dicendum,
835 1977 909 2014 quod
932 1977 1038 2014 absque
1059 1977 1158 2010 dubio,
1180 1977 1213 2005 si—

368 2032 414 2057 cut
436 2027 532 2056 dicunt
553 2026 660 2058 Sancti,
681 2028 708 2053 et
729 2028 822 2053 tenent
845 2024 987 2057 doctores,
1010 2024 1105 2060 quod⁵
1120 2024 1213 2052 anima

368 2074 507 2103 contrahit
521 2076 666 2110 peccatum
681 2071 815 2108 originale
830 2070 969 2099 mediante
985 2078 1075 2098 carne.
1092 2087 1129 2090 —
1144 2071 1214 2106 Quo-

367 2122 449 2150 modo
471 2123 563 2149 autem
594 2120 646 2147 hoc
676 2119 761 2155 possit
790 2117 919 2153 intelligi,
942 2117 1070 2145 nituntur
1097 2117 1132 2145 ad
1162 2117 1213 2145 hoc

367 2169 470 2197 diversi
492 2166 687 2196 diversimode.
1166 2193 1168 2196 v

446 2215 564 2251 Quidam
587 2214 660 2242 enim
684 2213 795 2246 dicunt,
818 2211 892 2249 quod
915 2219 949 2239 ex
974 2211 1026 2239 hoc
1049 2212 1116 2247 ipso„
1139 2210 1213 2247 quod

367 2263 459 2291 anima
480 2262 577 2290 unitur
600 2260 674 2289 carni
698 2259 818 2287 mortali
839 2262 865 2287 et
883 2257 1036 2295 passibili,
1059 2265 1143 2295 quam
1159 2266 1213 2286 non

368 2313 458 2348 potest
480 2316 591 2345 regere,
613 2307 733 2336 efficitur
755 2306 972 2343 concupiscens;
1000 2308 1025 2334 et
1047 2305 1085 2333 sic
1107 2309 1213 2333 contra-

368 2356 409 2384 hit
430 2355 568 2384 maculam
598 2353 740 2390 originalis
769 2352 882 2388 culpae.
912 2352 977 2388 quia
1005 2352 1066 2388 ipsa
1087 2352 1215 2388 concupi-

367 2403 471 2431 scentia
486 2402 544 2430 sive
560 2401 709 2429 necessitas
724 2399 963 2436 concupiscentiae
987 2398 1078 2427 reddit
1092 2398 1213 2426 animam

368 2457 536 2486 perversam.
563 2449 591 2476 Et
614 2448 745 2485 [pisinian]
768 2455 832 2475 caro
854 2446 991 2474 mortalis
1014 2446 1097 2474 habet
1120 2454 1216 2482 propa-

433 2618 437 2631 ¹
459 2619 512 2645 (lap.
533 2618 552 2639 55.
572 2624 593 2639 ιι.
612 2618 640 2644 9,
660 2617 697 2638 nbi
711 2617 810 2638 animani
824 2622 921 2644 corporo
937 2617 1055 2638 moliorem
1068 2622 1118 2638 csso
1131 2616 1216 2638 docens

370 2662 413 2678 aii:
432 2657 475 2678 §ml
494 2656 663 2684 perabsurdum
682 2659 712 2676 υςι
733 2655 861 2677 tabiit-aima
881 2656 970 2682 voi-pori
991 2658 1107 2677 materiam
1122 2661 1216 2683 quoquo

370 2696 439 2718 modo
457 2702 555 2718 animani
575 2695 681 2717 snlulorv.
700 2695 821 2723 Nunquam
840 2696 901 2716 onim
920 2696 995 2716 amma
1013 2698 1045 2716 ost
1064 2700 1160 2722 corpore
1180 2694 1216 2715 dv-

370 2736 450 2759 lCl'lUl‘,
469 2738 490 2756 ot
507 2740 581 2755 omnis
600 2736 691 2755 ιιιειῖιϊιη
712 2733 845 2755 Ι“.ἰΙιι“ι(]ιιῖι,ιι“υ
859 2733 958 2755 (1(“Ιι“ι·ιιιι·
971 2735 1011 2755 vic.
1026 2733 1115 2755 ili-isiot.
1126 2751 1131 2759 ,
1144 2733 1174 2753 111.
1189 2733 1216 2753 «lo

371 2774 464 2799 Anima,
484 2775 533 2794 text.
557 2774 588 2794 19,
609 2773 637 2799 (c.
656 2773 685 2797 fi.)
705 2773 771 2794 dicii:
797 2773 893 2799 Semper
920 2773 981 2794 onim
1009 2771 1163 2794 honorabilius
1184 2775 1214 2792 osi

371 2817 440 2838 agens
458 2812 570 2838 patiente,
589 2814 607 2832 1³1
626 2812 764 2838 principium
784 2814 882 2833 inan-rin.

435 2850 443 2863 ‘2
460 2850 519 2871 Libia
540 2851 551 2871 l.
572 2851 599 2871 ‹lt=
625 2851 727 2872 ficum-211.
747 2853 768 2872 ot
785 2854 884 2877 corrupi.
911 2854 960 2872 lvxi.
981 2850 1015 2873 53,
1036 2851 1062 2874 (iz.
1081 2850 1119 2877 7).
1140 2849 1182 2871 Cir.
1202 2850 1215 2871 l.

373 2888 399 2909 {le
418 2890 511 2911 Anima.
532 2893 581 2910 lvxi.
601 2890 637 2911 5⁶2.
656 2890 683 2916 (15,
704 2890 722 2911 3.
742 2891 799 2911 ciri-a
815 2890 899 2915 linoln).

434 2928 442 2940 ³³
460 2927 531 2948 (Ioula.
552 2928 564 2947 F
575 2928 592 2949 'l'
606 2928 632 2948 W
644 2929 660 2949 Y
680 2928 710 2949 bb

435 2964 442 2978 ιι

728 2935 753 2950 oi:
772 2932 790 2950 1⁴1
810 2930 843 2949 alii
864 2928 972 2956 nmmum.

461 2965 491 2986 llo
510 2965 625 2992 (ἶιιιιι-ιιίῖιι
644 2968 725 2993 virgin.
744 2971 762 2988 ei
782 2969 839 2990 ‹ii-ie,
858 2973 919 2994 perc.
940 2975 958 2988 ν.
978 2968 996 2989 3.
1009 2968 1215 2989 —-'l‘«·stimoninni

372 3004 506 3029 Augustinix
526 3005 587 3031 ipiml
606 3011 656 3026 ιιιω.
676 3006 810 3031 ι·ιέι·ι(“ι1ιιι·,
830 3006 925 3027 litilwliii'
945 3013 964 3027 ιιι
979 3007 1050 3028 Serio.
1066 3007 1116 3027 220.
1131 3006 1160 3029 (iii
1174 3006 1215 3031 ⁴lp-

1044 208 1297 238 SENTENTIARUM
1320 208 1379 237 ΜΒ.
1402 208 1429 236 11.

1264 287 1323 323 gari
1345 294 1381 315 ex
1404 294 1487 315 carne
1508 286 1645 320 mortali,
1667 290 1694 315 et
1716 287 1883 316 mortalitas
1904 288 1956 316 fuit
1977 288 2005 316 in
2027 295 2110 317 carne

1264 334 1347 370 primi
1369 334 1492 370 parentis
1513 336 1628 370 propter
1650 337 1795 370 peccatum
1810 334 2031 369 inobedientiae;
2046 335 2111 364 hinc

1264 383 1320 414 est,
1342 380 1417 418 quod
1439 380 1573 417 originale
1594 384 1739 418 peccatum
1762 381 1865 410 dicitur
1879 381 1907 409 in
1923 389 1973 410 nos
1993 382 2112 411 transire

1264 436 1280 456 a
1302 427 1393 464 primo
1421 430 1545 464 parente.
1572 427 1603 456 Et
1623 427 1676 456 hoc
1697 435 1734 456 ex
1755 427 1844 464 ipsius
1872 428 1992 465 Hugonis
2018 428 2112 457 verbis

1265 475 1435 508 extrahunt,
1457 475 1504 512 qui
1526 474 1593 503 dicit
1614 475 1641 502 in
1663 474 1782 511 septima
1796 478 1891 511 parte,
1906 475 1997 512 prima
2018 475 2113 504 distin-

1265 522 1355 550 ctione
1378 521 1441 549 libri
1457 521 1500 550 sni
1513 520 1539 555 ⁶,
1554 521 1603 549 ubi
1618 521 1656 549 ait
1670 521 1724 549 sic:
1745 521 1844 557 «Quia
1865 528 1929 550 caro
1945 521 2112 550 mortalitate

1264 575 1398 605 percussa
1413 571 1469 602 est,
1485 568 1542 604 ipsa
1560 567 1602 596 sui
1619 567 1762 604 languoris
1784 567 1944 597 infirmitate
1963 567 2112 602 dissoluta,

1264 618 1346 643 extra
1367 622 1528 643 mensuram
1551 612 1658 651 primae
1680 615 1869 652 dispositionis
1893 615 2032 644 desideria
2061 623 2113 644 sua

1265 662 1431 691 extendit».
1460 662 1558 698 «Quia
1586 670 1652 699 ergo
1680 670 1745 690 caro
1767 662 1891 691 humana
1912 671 1928 691 a
1949 662 2114 699 parentibus

1265 717 1329 738 cum
1352 709 1520 738 mortalitate
1542 709 1711 743 seminatur,
1740 710 1768 737 in
1796 717 1829 738 eo
1858 710 1917 746 ipso
1939 709 2013 747 quod
2035 710 2115 739 semi-

1265 758 1330 784 nata
1351 755 1475 784 subiacet
1497 755 1674 789 mortalitati,
1694 755 1832 784 vivificata
1847 757 2042 793 postmodum,
2058 765 2115 786 car-

1266 802 1337 830 nalis
1364 802 1604 838 concupiscentiae
1626 802 1751 831 subiecta
1775 803 1916 831 invenitur
1938 804 2114 838 necessitati;

1266 849 1342 877 unde
1363 848 1423 885 ipsa
1444 848 1620 877 mortalitatis
1642 848 1789 877 infirmitas
1811 857 1895 878 cansa
1910 853 1960 884 est,
1976 857 2062 887 quam
2076 858 2116 879 se-

1266 896 1362 932 quitur
1378 895 1577 932 concupiscens
1591 896 1742 925 necessitas
1753 906 1779 923 ι».
1800 896 1948 934 Hucusque
1963 897 2049 926 verba
2064 897 2115 926 Hu-

1267 942 1360 979 gonis,
1382 949 1454 978 quae
1476 941 1607 970 videntur
1629 942 1699 970 illud
1715 942 1808 971 dicere
1823 943 1898 980 quod
1914 943 1993 980 prius
2008 943 2115 972 dictum

1268 992 1317 1018 est.
1333 1006 1372 1010 -—
1386 989 1438 1017 Sed
1461 989 1592 1026 quoniam
1616 989 1642 1017 in
1664 989 1774 1018 Christo
1795 989 1847 1018 fuit
1867 990 2059 1018 mortalitatis
2074 990 2226 1037 ίη-Νουῑιποιε

1267 1035 1413 1072 firmitas,
1436 1043 1485 1065 nec
1507 1039 1599 1065 tamen
1621 1036 1674 1065 fuit
1696 1037 1723 1064 in
1745 1044 1778 1065 eo
1808 1037 2043 1074 concupiscentia
2072 1036 2116 1066 vel

1268 1083 1410 1120 originalis
1432 1083 1530 1120 culpa;
1552 1091 1606 1111 non
1628 1083 1740 1112 videtur
1762 1084 1837 1113 istud
1852 1084 1933 1121 plene
1948 1084 2116 1119 satisfacere,

1269 1138 1319 1159 nec
1340 1132 1426 1158 totam
1448 1138 1577 1163 causam,
1600 1137 1687 1167 quare
1708 1138 1773 1159 caro
1795 1130 1881 1160 inficit
1902 1132 2037 1166 animam,
2052 1132 2118 1161 assi-

1269 1184 1363 1214 gnare.
1387 1177 1449 1205 Esto
1463 1177 1546 1211 enim,
1565 1176 1640 1214 quod
1663 1177 1776 1214 aliquod
1798 1185 1901 1215 corpus
1922 1186 1939 1206 a
1953 1178 2048 1208 fomite
2068 1187 2117 1216 pu-

1269 1224 1443 1257 rificaretur⁷
1467 1226 1627 1252 remanente
1649 1226 1740 1253 tamen
1762 1224 1957 1258 mortalitate,
1980 1225 2052 1254 sicut
2066 1225 2118 1254 fuit

1270 1272 1297 1299 in
1320 1271 1400 1300 beata
1422 1270 1550 1308 Virgine3
1572 1271 1593 1299 si
1615 1270 1708 1299 anima
1730 1271 1776 1299 tali
1800 1272 1910 1309 corpori
1934 1272 2117 1309 iungeretur,

1270 1326 1323 1346 non
1346 1318 1474 1352 videtur,
1495 1317 1570 1355 quod
1592 1318 1770 1347 contraheret
1791 1318 1941 1356 originale,
1962 1319 2025 1348 licet
2046 1319 2117 1349 illud

1269 1372 1373 1402 corpus
1395 1365 1430 1393 sit
1449 1364 1588 1402 ‘passibile
1608 1367 1635 1393 et
1657 1364 1787 1393 mortale.

1350 1412 1380 1441 Et
1401 1412 1463 1440 ideo
1485 1411 1531 1440 alii
1553 1411 1634 1440 aliter
1656 1411 1749 1441 dicere
1770 1412 1936 1446 voluerunt,
1958 1413 2032 1450 quod
2053 1421 2118 1442 cum
2131 1417 2233 1451 opiniuz.j

1270 1462 1415 1496 peccatum
1437 1458 1571 1496 originale
1586 1466 1640 1487 non
1657 1459 1692 1487 sit
1707 1459 1807 1496 positio
1823 1459 1867 1488 vel
1881 1459 1975 1497 aliqua
1990 1460 2119 1495 essentia,

1270 1506 1317 1535 sed
1340 1506 1433 1543 potius
1446 1506 1577 1543 privatio
1591 1508 1618 1534 et
1634 1505 1755 1534 iustitiae
1776 1506 1918 1540 carentia;
1941 1515 1995 1535 non
2014 1510 2120 1536 contra-

1270 1554 1310 1582 hit
1331 1553 1401 1582 illud
1424 1553 1517 1581 anima
1544 1561 1560 1581 a
1582 1560 1681 1582 carne.
1704 1553 1741 1581 ita
1769 1553 1844 1590 quod
1867 1561 1932 1582 caro
1957 1553 2063 1591 aliquid
2092 1555 2119 1583 in

1269 1601 1391 1629 animam
1413 1603 1477 1636 agat
1501 1599 1546 1628 vel
1567 1599 1679 1633 influat,
1709 1599 1758 1628 sed
1774 1600 1840 1637 quia
1861 1600 1977 1637 praebet
1998 1602 2050 1639 ipsi
2065 1602 2120 1630 ani-

1270 1655 1332 1677 mae
1353 1647 1543 1681 obstaculum,
1562 1646 1669 1675 ratione
1690 1647 1771 1676 cuius
1793 1648 1886 1676 anima
1901 1648 1994 1677 debita
2016 1648 2120 1678 iustitia

1270 1695 1410 1732 privatur,
1432 1698 1459 1723 et
1479 1695 1588 1731 privata
1607 1694 1654 1722 illa
1677 1694 1782 1723 iustitia
1798 1694 1903 1732 impetu
1926 1695 2120 1733 concupiscen-

1270 1742 1323 1771 tiae
1345 1742 1477 1771 deorsum
1500 1741 1604 1775 fertur,
1626 1749 1690 1770 cum
1713 1749 1767 1769 non
1794 1741 1895 1770 habeat
1916 1742 2121 1777 retinaculum3

1270 1793 1296 1818 et
1318 1790 1355 1818 ita
1381 1788 1604 1826 concupiscentia
1626 1789 1754 1825 sequitur
1771 1788 1779 1801 ⁷
1803 1796 1839 1817 ex
1869 1789 1978 1817 debitae
2000 1789 2121 1818 iustitiae

1270 1836 1407 1870 carentia,
1436 1840 1463 1865 et
1484 1836 1523 1864 sic
1551 1835 1660 1864 debitae
1683 1835 1803 1864 iustitiae
1830 1836 1953 1864 carentia
1978 1836 2121 1873 praecedit

1271 1884 1359 1919 ipsam
1383 1882 1635 1919 concupiscentiam
1658 1890 1708 1918 per
1731 1885 1870 1910 naturam.
1889 1882 2005 1911 Praebet
2026 1885 2120 1911 autem

1270 1938 1335 1958 caro
1364 1930 1414 1966 ipsi
1444 1930 1553 1958 animae
1574 1929 1751 1958 obstaculum
1781 1929 1825 1958 vel
1851 1929 2068 1964 offendiculum,
2090 1932 2122 1959 ut

1270 1984 1326 2005 non
1348 1976 1449 2005 habeat
1470 1976 1549 2004 illam
1571 1976 1719 2010 iustitiam,
1741 1983 1778 2004 ex
1800 1976 1851 2004 hoc
1873 1976 1948 2013 quod
1970 1979 2122 2013 propagata

1270 2027 1312 2052 est
1333 2032 1349 2052 a
1370 2023 1462 2060 primo
1483 2025 1605 2060 parente.
1630 2023 1707 2051 Unde
1732 2030 1768 2051 ex
1791 2023 1984 2052 coniunctione
2012 2023 2122 2052 animae

1271 2070 1305 2099 ad
1322 2070 1405 2098 talem
1428 2077 1541 2098 carnem
1562 2069 1608 2098 ille
1634 2070 1681 2106 qui
1697 2070 1830 2103 nascitur,
1853 2069 1955 2098 dicitur
1971 2077 2032 2099 esse
2047 2070 2122 2098 filius

1271 2117 1359 2151 Adae3
1381 2120 1408 2145 et
1428 2117 1493 2153 quia
1515 2116 1599 2145 Adam
1622 2116 1737 2145 offendit
1759 2116 1846 2145 Deum
1870 2124 1924 2145 non
1940 2120 2048 2145 tantum
2072 2124 2122 2154 pro

1272 2172 1319 2197 se,
1346 2164 1394 2192 secl
1423 2164 1506 2192 etiam
1530 2164 1555 2191 in
1573 2163 1582 2176 Β
1609 2166 1665 2192 tota
1687 2171 1738 2192 sua
1765 2164 1942 2200 posteritate:
1970 2164 2033 2192 hinc
2062 2168 2122 2198 est,

1271 2211 1345 2247 quod
1368 2210 1460 2238 anima
1490 2210 1541 2238 hoc
1564 2211 1638 2247 ipso.
1667 2210 1742 2246 quod
1765 2210 1810 2238 tali
1841 2211 1917 2238 carni
1944 2211 2123 2247 coniungitur

1271 2261 1297 2286 et
1319 2260 1425 2295 spectat
1446 2257 1480 2286 ad
1496 2259 1584 2294 genus
1607 2257 1691 2291 Adae,
1715 2257 1827 2293 indigna
1842 2257 1975 2288 efficitur.
1998 2261 2029 2286 ut
2048 2258 2122 2286 Deus

1272 2305 1323 2333 sibi
1343 2305 1477 2333 iustitiam
1499 2308 1635 2341 apponat:
1657 2307 1683 2332 et
1709 2312 1773 2333 cum
1798 2304 1873 2333 illam
1895 2304 1995 2334 debeat
2018 2305 2122 2334 habere

1271 2355 1298 2380 et
1320 2360 1373 2380 non
1398 2351 1513 2380 habeat.
1539 2351 1687 2388 culpabilis
1713 2355 1755 2379 est
1776 2354 1803 2380 et
1824 2359 1885 2385 rea,
1911 2355 1938 2380 et
1960 2360 2009 2389 per
2031 2359 2123 2380 conse-

1272 2406 1361 2435 quens
1383 2398 1502 2427 efficitur
1531 2398 1731 2435 concupiscens
1753 2401 1779 2427 et
1807 2406 1893 2429 vana.
1923 2399 1994 2427 sicut
2023 2405 2122 2427 manus

1273 2446 1425 2482 paralytica
1446 2453 1480 2473 ex
1509 2445 1691 2473 dissolutione
1714 2446 1824 2473 virtutis
1848 2445 1980 2482 regitivae
2003 2445 2122 2474 efficitur

1276 2616 1387 2642 pupilice,
1406 2616 1460 2637 alius
1479 2616 1514 2636 lo.
1534 2614 1562 2636 de
1580 2614 1676 2638 Sanctis)
1695 2620 1715 2635 n.
1735 2614 1762 2638 3,
1782 2613 1820 2635 nbi
1839 2614 1985 2641 distinguitur
2006 2617 2063 2636 niter
2075 2620 2121 2636 ma⁴

1276 2654 1324 2676 lum
1343 2654 1392 2683 [mli
1409 2657 1427 2674 vt
1447 2653 1537 2676 walum
1561 2659 1624 2677 esar,
1645 2657 1663 2674 oi
1684 2653 1736 2674 illud
1756 2654 1808 2674 how
1827 2652 2003 2680 praeferendum
2022 2659 2071 2674 esse
2084 2652 2121 2674 do·

1275 2697 1343 2715 rolin:
1364 2693 1407 2715 Cir.
1427 2694 1498 2715 Sei-m.
1513 2693 1563 2714 ΞΜ.
1578 2693 1642 2717 (alias
1659 2692 1690 2714 li⁴
1708 2692 1735 2714 di·
1756 2692 1837 2714 Verbis
1854 2692 1963 2719 Apostoli>
1981 2699 1999 2714 c.
2017 2693 2037 2713 θ’.
2058 2699 2078 2713 n.
2100 2692 2120 2713 6.

1274 2736 1293 2754 ct
1313 2734 1384 2755 Serui.
1404 2732 1439 2754 aa.
1459 2739 1479 2754 n.
1499 2732 1519 2754 53.

1337 2772 1347 2785 5
1366 2772 1414 2793 Vnt.
1433 2777 1485 2793 cum
1504 2771 1555 2792 eihl⁴
1575 2771 1603 2794 3,
1624 2770 1632 2791 li
1654 2771 1735 2792 omittit
1753 2769 1820 2799 quod.

1337 2811 1346 2823 ἢ·
1365 2811 1414 2833 §cil
1435 2811 1461 2832 ilo
1488 2811 1588 2832 Savium.
1613 2817 1631 2831 c.
1650 2809 1685 2830 31.
1705 2809 1785 2831 Ultima
1806 2810 1872 2830 liuius
1891 2809 1931 2830 loci
1951 2809 2076 2835 propositio
2099 2809 2120 2829 in

1276 2854 1334 2872 textu
1354 2851 1457 2874 Ol'lfflliall
1476 2851 1508 2872 sic
1526 2852 1604 2871 sonat:
1623 2850 1675 2877 quia
1695 2850 1743 2876 ipsa
1763 2848 1903 2870 nwrtahtatis
1921 2847 2040 2869 infirmitas
2053 2853 2120 2869 consu

1275 2893 1323 2915 ost,
1342 2896 1411 2917 ‹pi-ani
1430 2890 1577 2916 consequitur
1594 2888 1773 2915 concupiscendi
1792 2888 1920 2909 necessitas.

1337 2927 1345 2941 7
1365 2928 1435 2951 iiiut,
1455 2931 1547 2954 excepta
1571 2928 1575 2947 1
1591 2945 1595 2953 ‚
1614 2928 1634 2947 vs
1652 2926 1682 2947 im
1702 2927 1811 2954 si’qstttw‘
1828 2927 2046 2953 coituiipascentntin.

1337 2966 1345 2980 3
1365 2966 1419 2988 (lod.
1439 2967 1453 2987 1⁴*
1470 2970 1488 2986 or
1510 2966 1544 2986 ml.
1568 2967 1571 2986 1
1594 2972 1644 2994 liro.
