2243 3425
894 167 1081 196 DISTINCTIO
1102 167 1144 196 IX.

140 252 161 268 n.
181 246 216 268 27.
235 252 310 274 seqq.;
329 246 420 273 Report.
440 245 495 268 ibid.
509 252 530 274 q.
546 246 566 268 2.
586 252 606 268 n.
625 246 677 273 3-6;
696 246 731 267 lV.
745 246 805 268 Seni.
818 245 840 268 d.
860 245 896 267 45.
914 252 936 274 q.
954 245 984 274 4.)

140 288 214 313 negat,
234 286 333 313 Angelos
350 284 377 307 de
393 284 455 313 facto
474 286 514 308 ista
533 288 619 308 secreta
645 291 797 313 cognoscere.
816 284 857 307 sed
882 284 986 307 dissentit

139 324 216 353 quoad
233 325 371 352 assignatam
389 325 500 346 rationem
518 326 540 346 et
552 325 639 352 asserit,
657 325 699 346 ista
716 327 803 346 secreta
821 323 913 351 speciali
932 329 986 351 pro-

138 363 239 385 videntia
264 364 312 391 Dei,
338 369 477 385 concursum
503 369 571 385 suum
598 363 744 391 denegantis,
771 362 874 385 subtrahi
893 363 984 384 notitiae

138 403 271 430 spirituum,
285 403 419 430 praesertim
431 402 579 424 daemonum.
594 402 650 424 lime
669 401 784 430 loquendo
802 401 829 423 (le
845 400 951 430 possibili
964 405 986 424 et

137 441 320 470 praescindendo
339 441 367 463 de
384 442 505 469 negatione
531 446 657 463 concursus
679 440 808 468 generalis,
833 439 894 461 idem
912 443 985 468 putat,

137 480 237 508 Angelos
249 486 275 502 ea
288 483 372 502 secreta
386 486 427 508 per
438 486 462 502 se
475 486 543 508 posse
556 485 707 507 cognoscere,
722 478 849 501 dummodo
862 479 905 501 sint
922 485 985 506 prae-

137 520 219 547 sentia,
242 525 286 541 non
305 520 387 542 sutura.
404 531 436 535 —
453 518 498 541 Sed
523 519 544 540 S.
563 519 646 540 Thom.
672 521 694 540 et
710 519 856 540 communior
874 518 985 540 sententia

1013 247 1016 385 l

1013 387 1015 538 Ι

1833 167 1888 195 935

1043 248 1151 270 convenit
1168 252 1221 269 cum
1239 247 1260 269 S.
1286 246 1447 268 Bonaventura
1471 248 1519 267 tum
1545 246 1567 267 in
1585 245 1783 273 conclusionibus,
1801 247 1850 267 tum
1867 246 1889 267 in

1042 286 1162 314 principali
1189 287 1282 308 ratione.
1301 297 1332 302 -
1349 285 1476 307 Attentione
1502 285 1585 313 dignae
1607 288 1660 307 sunt
1677 285 1803 307 solutiones
1821 284 1850 306 ad
1869 284 1890 307 4.

1042 326 1064 346 et
1081 325 1102 346 6.

1106 364 1129 386 Il.
1149 364 1239 386 Praeter
1256 364 1301 386 iam
1319 364 1410 386 citatos:
1429 364 1450 385 S.
1470 363 1560 391 Thom.,
1573 364 1595 385 S.
1608 369 1630 392 p.
1651 364 1664 385 Ι.
1682 369 1704 391 q.
1723 362 1760 385 57.
1778 369 1798 385 a.
1818 361 1843 390 43
1861 362 1891 384 de

1043 402 1107 430 Malo,
1126 409 1148 431 q.
1170 403 1203 425 16.
1221 409 1240 424 a.
1260 403 1286 431 83
1306 403 1334 425 de
1352 402 1421 425 Verit.
1440 410 1461 431 q.
1483 403 1503 425 8.
1522 409 1541 425 a.
1564 403 1597 424 13.
1615 415 1646 419 —
1664 403 1687 424 B.
1705 402 1798 431 Albert.,
1817 403 1853 424 hic
1871 408 1890 424 a.

1047 442 1080 463 10.
1092 454 1123 458 -
1135 442 1192 464 l‘ctr.
1211 448 1223 463 a
1237 442 1297 469 Tar„
1311 442 1346 464 hic
1359 449 1380 470 q.
1394 443 1467 469 unica,
1481 448 1500 464 a.
1514 442 1534 464 6.
1549 442 1691 470 quaestiunc.
1705 441 1726 463 5.
1739 453 1770 457 —-
1781 441 1892 464 Richard.

1043 487 1055 502 a
1074 481 1139 509 Med„
1157 481 1193 503 hic
1210 487 1230 503 a.
1249 482 1269 503 2.
1288 488 1309 510 (1.
1329 480 1349 503 4.
1366 493 1398 497 —-
1414 481 1488 509 AEgid.
1507 481 1540 509 R.,
1559 481 1582 503 ll.
1600 482 1660 504 Scnt.
1679 481 1701 504 d.
1721 480 1742 504 7.
1756 488 1777 510 q.
1792 483 1812 504 2,
1831 488 1851 504 a.
1870 482 1890 504 2.

1042 531 1073 535 —
1090 519 1183 546 Dionys.
1201 518 1284 547 Carth,
1303 520 1339 542 hic
1357 527 1378 549 q⁴
1398 520 1418 542 Δ1.
1437 533 1467 537 -
1484 520 1537 548 Biel,
1557 521 1579 543 ll.
1598 521 1657 543 Sent.
1677 521 1698 544 d.
1718 522 1739 543 9.
1757 527 1778 549 q.
1798 521 1819 543 2.

820 617 1108 654 DISTINOTIO
1135 618 1203 653 IX.

507 737 568 764 CAP.
587 737 605 763 I.

364 824 402 850 De
421 822 551 849 ordinum
572 821 752 849 distinctione.

203 910 264 936 Post
281 909 421 944 praedicta
440 913 562 944 superest
587 916 765 943 cognoscere,
787 908 820 934 de
841 908 981 934 ordinibus

131 953 293 987 Angelorum
307 952 372 987 quid
385 952 524 986 Scriptura
539 951 638 985 tradat,
652 959 722 986 quae
736 952 762 978 in
776 951 901 986 pluribus
914 951 981 977 loeis

129 1003 226 1023 novem
247 1003 304 1022 esse
324 995 432 1022 ordines
445 995 606 1028 Angelorum
623 994 791 1029 promulgat,
805 994 909 1021 scilieet
928 994 968 1020 An

130 1039 215 1073 gelos,
239 1038 433 1073 Archangelos‚
462 1038 645 1072 Principatus,
666 1038 825 1069 potestates,
845 1037 980 1069 Virtutes,

129 1083 341 1115 Dominationes,
356 1082 485 1115 Thronos,
499 1081 642 1108 Cherubim
659 1084 684 1108 et
698 1081 849 1115 Seraphim.
863 1081 896 1106 Et
911 1080 981 1107 inve-

130 1126 240 1153 niuntur
259 1126 285 1152 in
299 1126 356 1152 istis
376 1125 515 1152 ordinibus
536 1125 585 1152 tria
607 1128 680 1151 terna
699 1131 756 1151 esse
768 1146 774 1157 ,
788 1127 813 1150 et
828 1124 853 1150 in
867 1123 979 1157 singulis

129 1172 183 1196 tres
203 1169 325 1201 ordines,
354 1172 383 1195 ut
402 1169 537 1195 Trinitatis
556 1168 704 1195 similitudo
725 1168 751 1194 in
771 1168 810 1194 eis
829 1167 979 1194 insinuetur

129 1213 269 1247 impressa.
297 1212 372 1239 Unde
401 1212 545 1246 Dionysius
557 1212 564 1224 ¹
594 1215 648 1237 tres
677 1210 786 1237 ordines
815 1210 977 1243 Angelorum

130 1263 188 1283 esse
208 1256 303 1283 tradit.
323 1259 412 1282 ternos
426 1256 451 1281 in
466 1255 577 1289 singulis
597 1262 713 1289 ponens:
733 1254 821 1280 «Sunt
841 1254 909 1280 enim
927 1256 979 1280 tres

128 1299 296 1333 superiores,
316 1302 369 1325 tres
388 1299 539 1329 inferiores,
562 1301 615 1324 tres
634 1298 731 1329 medii;
746 1297 915 1331 superiores:
936 1297 979 1323 Se-

111 1342 243 1376 ·raphim,
263 1341 417 1374 Cherubim,
436 1341 549 1372 Throni;
570 1340 665 1367 medii:
680 1341 888 1371 Dominationes‚
908 1340 979 1366 Prin-

7 1991 112 2015 Gregorius.

129 1385 248 1419 cipatus,
277 1385 436 1417 Potestates3
466 1384 618 1411 interiores:
639 1384 757 1410 Virtutes
771 1404 777 1415 ‚
798 1383 974 1417 Archangeli,

127 1428 256 1463 Angeli».
427 1423 433 1426 ’

495 1512 556 1539 CAP.
577 1512 606 1539 ΙΙ.

242 1599 313 1632 Quat
331 1599 482 1634 appelletur
501 1598 587 1629 erdo,
608 1602 631 1624 et
651 1606 719 1633 quae
738 1597 773 1624 sit
792 1597 862 1624 ratio

411 1641 531 1668 nomime
552 1641 689 1677 cuiusque.

198 1729 247 1756 Hic
275 1728 500 1755 considerandum
529 1731 587 1759 est,
616 1727 682 1762 quid
710 1727 862 1762 appelletur
890 1728 974 1760 ordo,

128 1772 239 1805 deinde,
258 1776 349 1799 utrum
372 1772 405 1799 ab
426 1773 484 1806 ipsa
512 1771 647 1798 creatione
673 1771 752 1798 fuerit
780 1771 916 1798 distinctio
945 1772 976 1798 il-

126 1815 213 1842 lorum
234 1815 366 1842 ordinum.
385 1830 420 1834 -
439 1814 509 1841 Ordo
528 1814 690 1847 Angelorum
712 1814 811 1841 dicitur
830 1814 974 1842 multitudo

126 1858 280 1885 caelestium
310 1858 465 1892 spirituum,
486 1858 532 1891 qui
553 1857 621 1883 inter
649 1864 677 1883 se
706 1857 731 1883 in
753 1857 843 1891 aliquo
864 1865 974 1884 munere

125 1902 227 1935 gratiae
255 1901 420 1932 similantur,
448 1901 518 1927 sicut
546 1904 572 1927 et
601 1902 626 1927 in
658 1901 822 1927 naturalium
849 1901 973 1928 datorum

124 1952 235 1971 munere
264 1945 433 1971 conveniunt.
463 1944 496 1970 Ut
525 1944 598 1970 verbi
619 1944 717 1977 gratia,
746 1944 925 1978 «Seraphim,
946 1948 975 1971 ut

126 1988 221 2014 heatus
241 1987 404 2021 Gregorius²
425 1987 469 2018 ait,
489 1987 616 2013 dicuntur
637 1987 683 2021 qui
714 1994 778 2020 prae
799 1987 858 2013 aliis
879 1987 974 2013 ardent

125 2031 249 2060 caritate;
269 2030 411 2064 Seraphim
432 2030 501 2055 enim
523 2030 714 2063 interpretatur
734 2029 831 2056 ardens
851 2029 892 2056 vel
916 2037 974 2056 suc-

123 2073 247 2100 cendens.
268 2073 420 2105 Cherubim,
440 2073 485 2107 qui
506 2079 571 2106 prae
591 2072 650 2099 aliis
664 2073 690 2098 in
709 2073 820 2099 scientia
841 2073 972 2106 eminent,

124 2116 268 2144 Cherubim
289 2116 357 2142 enim
379 2116 569 2150 interpretatur
589 2115 728 2149 plenitudo
742 2116 878 2142 scientiae.
893 2116 973 2143 Thro-

124 2168 174 2187 nus
193 2159 292 2186 dicitur
311 2159 402 2190 sedes;
423 2159 521 2185 Throni
551 2162 639 2185 autem
670 2161 800 2184 vocantur
826 2159 871 2193 qui
900 2162 971 2186 tanta

124 2203 271 2230 divinitatis
296 2203 381 2236 gratia
406 2202 557 2236 replentur,
578 2205 604 2228 ut
625 2202 651 2228 in
672 2202 710 2228 eis
729 2201 822 2228 sedeat
850 2202 920 2228 Deus
947 2206 972 2229 et

122 2254 172 2281 per
191 2254 236 2273 eos
257 2246 355 2272 iudicia
375 2245 503 2272 decernat
522 2248 603 2279 atque
625 2245 756 2272 informet.
771 2245 971 2272 Dominationes

122 2293 254 2316 vocantur
273 2289 319 2323 qui
344 2289 511 2322 Principatus
540 2291 565 2314 et
593 2288 740 2314 Potestates
769 2288 970 2315 transcendunt.

121 2332 291 2366 Principatus
322 2331 448 2357 dicuntur
477 2331 523 2365 qui
552 2331 603 2357 sibi
632 2330 782 2357 subiectisg
811 2338 881 2365 quae
909 2334 970 2357 sunt

122 2374 223 2409 agenda
244 2374 389 2408 disponunt
415 2374 507 2408 eisque
528 2373 560 2400 ad
581 2373 714 2407 explenda
737 2373 828 2400 divina
842 2374 969 2407 mysteria

122 2418 316 2451 principantur.
338 2417 483 2443 Potestates
504 2416 674 2442 nominantur
688 2416 714 2442 hi
735 2416 780 2449 qui
802 2416 852 2441 hoc
873 2416 969 2442 ceteris

120 2460 256 2494 potentius
276 2460 301 2485 in
321 2467 369 2485 suo
389 2459 482 2486 ordine
502 2462 680 2492 acceperunt,
701 2462 730 2485 ut
745 2459 856 2484 virtutes
878 2458 969 2485 adver-

121 2511 166 2529 sae
180 2503 218 2530 eis
231 2503 368 2529 subiectae
382 2509 475 2528 eorum
490 2502 657 2528 refrenentur
676 2504 819 2535 potestate,
835 2509 866 2527 ne
886 2501 969 2527 homi-

119 2554 167 2573 nes
187 2549 290 2573 tantum
310 2548 411 2572 tentare
431 2545 550 2576 valeant,
571 2548 700 2578 quantum
727 2544 888 2571 desiderant.
910 2545 968 2571 Vir-

1041 739 1111 763 tutes
1130 740 1261 764 vocantur
1290 737 1342 769 illi,
1371 745 1420 772 per
1448 746 1516 773 quos
1544 739 1618 773 signa
1644 743 1668 766 et
1689 740 1820 767 miracula
1839 740 1889 767 fre-

1040 782 1152 813 quenter
1172 780 1249 812 fiunt,
1270 781 1440 814 Archangeli,
1459 782 1505 816 qui
1519 782 1622 809 maiora
1636 783 1772 815 nuntiant;
1787 783 1888 816 Angeli,

1039 829 1085 856 qui
1105 829 1244 849 minora».

1403 898 1464 925 CAP.
1484 898 1523 924 III.

1058 966 1135 999 Quod
1153 967 1267 994 uomina
1286 967 1337 995 illa
1355 972 1445 995 sumta
1464 973 1528 995 stent
1546 977 1561 995 a
1582 969 1661 996 donis
1679 970 1795 1006 yratz‘ae,
1814 979 1871 997 non

1165 1015 1278 1046 propter
1291 1020 1333 1043 se,
1353 1011 1400 1038 sed
1414 1016 1528 1047 propter
1548 1021 1597 1039 nos
1617 1012 1654 1039 ez's
1674 1013 1745 1040 data.

1108 1081 1179 1108 Haec
1199 1082 1306 1109 nomina
1327 1082 1379 1108 illis
1392 1090 1444 1109 non
1456 1087 1569 1118 propter
1587 1092 1628 1114 se„
1642 1084 1689 1111 sed
1706 1089 1819 1120 propter
1840 1094 1888 1112 nos

1037 1123 1098 1151 data
1119 1128 1188 1151 sunt.
1208 1125 1256 1156 Qui
1278 1125 1348 1152 enim
1368 1125 1419 1152 sibi
1439 1126 1493 1153 noti
1514 1129 1575 1153 sunt
1598 1128 1824 1161 contemplatione
1844 1137 1887 1155 no-

1036 1167 1078 1193 bis
1096 1168 1265 1194 innotescunt
1285 1169 1526 1202 cognominatione.
1547 1170 1579 1196 Et
1598 1171 1770 1197 nominantur
1789 1172 1886 1206 singuli

1036 1210 1144 1237 ordines
1164 1218 1179 1237 a
1197 1211 1274 1237 donis
1296 1212 1456 1246 gratiarum,
1471 1219 1540 1246 quae
1561 1220 1613 1239 non
1633 1213 1819 1247 singulariter,
1839 1214 1887 1241 sed

1037 1254 1199 1281 excellenter
1224 1255 1285 1281 data
1306 1258 1368 1281 sunt
1396 1256 1422 1281 in
1448 1256 1665 1290 participatione.
1692 1257 1718 1283 ln
1745 1257 1788 1284 illa
1814 1258 1885 1284 enim

1035 1297 1143 1323 caelesti
1161 1298 1249 1331 patria
1260 1298 1278 1329 ⁴,
1299 1298 1343 1324 ubi
1364 1298 1503 1332 plenitudo
1518 1299 1579 1325 boni
1601 1303 1648 1332 est,
1669 1299 1731 1326 licet
1751 1300 1885 1334 quaedam

1036 1340 1097 1366 data
1126 1340 1179 1366 sint
1199 1340 1373 1373 excellenter,
1393 1341 1459 1367 nihil
1480 1345 1567 1368 tamen
1596 1343 1750 1376 possidetur
1774 1344 1888 1377 siugula-

1035 1383 1107 1410 riter.
1137 1383 1230 1410 Omnia
1251 1384 1321 1410 enim
1342 1384 1368 1410 iu
1389 1384 1514 1411 onmibus
1535 1388 1610 1417 sunt,
1633 1393 1683 1412 uon
1704 1386 1813 1420 quidem
1842 1394 1887 1413 ae-

1035 1426 1165 1460 qualiter,
1185 1427 1249 1461 quia
1269 1427 1313 1453 alii
1343 1428 1402 1454 aliis
1422 1428 1564 1455 sublimius
1584 1429 1735 1463 possident,
1755 1437 1825 1464 quae
1849 1434 1886 1457 ta-

1034 1476 1095 1496 men
1121 1477 1214 1496 omnes
1242 1470 1350 1497 habent.
1377 1470 1498 1505 Cumque
1524 1472 1614 1498 omnia
1640 1472 1710 1499 dona
1738 1474 1884 1507 gratiarum

1034 1513 1187 1547 superiores
1215 1513 1323 1540 ordines
1352 1514 1494 1541 sublimius
1524 1518 1550 1541 et
1578 1515 1724 1549 perfectius
1756 1524 1886 1551 percepe-

1034 1556 1098 1586 rint,
1119 1559 1207 1582 tamen
1228 1564 1261 1583 ex
1286 1557 1442 1591 praecipuis
1461 1558 1547 1584 sortiti
1577 1562 1638 1584 sunt
1660 1559 1805 1591 vocabula,
1824 1560 1887 1587 inse-

1033 1599 1150 1625 rioribus
1176 1603 1266 1626 cetera
1292 1599 1474 1634 relinquentes
1500 1600 1640 1627 ordinibus
1664 1601 1697 1628 ad
1719 1603 1887 1637 cognomina-

1033 1642 1147 1668 tionem:
1168 1646 1197 1669 ut
1217 1642 1371 1676 Seraphim,
1391 1643 1437 1677 qui
1459 1643 1524 1670 ordo
1546 1644 1789 1671 excellentissimus
1810 1646 1886 1672 aesti-

1032 1688 1128 1717 matur,
1150 1689 1203 1712 tam
1224 1685 1395 1712 dilectionem
1422 1693 1503 1720 quam
1530 1687 1709 1720 cognitionem
1736 1687 1884 1716 divinitatis

1033 1731 1058 1754 et
1077 1731 1167 1755 cetera
1188 1729 1317 1755 vlrtutum
1345 1729 1414 1756 dona
1443 1730 1540 1756 ceteris
1569 1730 1694 1757 omnibus
1718 1731 1860 1758 sublimius
1875 1732 1884 1745 ⁵

1031 1771 1160 1805 percipit;
1190 1775 1215 1798 et
1245 1775 1332 1798 tamen
1364 1772 1397 1798 ab
1426 1772 1610 1799 excellentiori
1639 1773 1725 1807 dono,
1747 1774 1774 1800 id
1804 1778 1843 1801 est
1869 1782 1883 1801 a

1032 1814 1151 1845 caritate,
1172 1822 1268 1841 nomen
1289 1815 1395 1849 accepit
1412 1815 1456 1841 ille
1469 1816 1594 1850 superior
1613 1816 1688 1844 ordo.
1708 1817 1793 1844 Maius
1814 1818 1884 1845 enim

1032 1857 1133 1883 donum
1153 1860 1192 1883 est
1221 1857 1319 1884 caritas
1348 1865 1429 1892 quam
1455 1858 1567 1885 seientia
1579 1858 1597 1885 ὃ.
1617 1859 1698 1892 Item,
1727 1860 1814 1887 maius
1845 1864 1884 1887 est

1031 1900 1100 1926 scire
1120 1907 1201 1934 quam
1222 1899 1359 1929 iudicare;
1389 1901 1500 1927 scientia
1530 1908 1646 1935 namque
1674 1902 1798 1929 informat
1818 1903 1883 1929 iudi-

1032 1943 1117 1974 cium3
1139 1943 1254 1976 ideoque
1273 1943 1409 1969 socundus
1428 1943 1494 1970 ordo
1516 1951 1530 1970 a
1551 1945 1670 1971 secundo
1691 1945 1776 1978 dono,
1797 1946 1822 1972 id
1843 1949 1883 1973 est

1031 1986 1182 2019 cognitione
1212 1985 1332 2012 veritatis
1358 1986 1509 2020 appellatus
1530 1991 1583 2019 est,
1604 1988 1708 2014 scilicet
1729 1988 1881 2015 Cherubim.

1030 2029 1067 2055 Ita
1089 2032 1114 2055 et
1134 2029 1167 2055 de
1197 2029 1256 2055 aliis
1281 2029 1482 2063 intelligendum
1511 2034 1558 2057 est.
1579 2031 1738 2064 Assignatur
1758 2039 1821 2065 ergo
1841 2037 1884 2059 ex-

1029 2072 1152 2098 cellentia
1173 2072 1297 2099 ordinum
1317 2073 1466 2099 secundum
1487 2074 1672 2100 excellentiam
1691 2075 1834 2107 donorunu
1856 2079 1882 2102 et

1030 2118 1131 2147 tamen,
1151 2116 1220 2142 sicut
1239 2116 1404 2149 Gregorius⁷
1424 2116 1473 2148 ait,
1499 2117 1563 2143 «illa
1585 2117 1654 2144 dona
1675 2118 1799 2145 omnibus
1818 2122 1880 2145 sunt
1893 2121 2001 2143 Gregonus-

1029 2159 1191 2185 communia.
1205 2158 1302 2185 Omnes
1316 2159 1385 2185 enim
1401 2159 1496 2186 ardent
1509 2160 1621 2187 caritate
1634 2164 1660 2186 et
1676 2161 1787 2188 seientia
1806 2161 1877 2195 pleni

1028 2205 1123 2233 sunt»;
1143 2202 1182 2228 sic
1202 2205 1227 2228 et
1247 2202 1279 2228 de
1299 2202 1371 2234 aliis,
1386 2202 1432 2229 sed
1447 2203 1601 2237 superiores
1623 2203 1682 2229 aliis
1697 2204 1882 2237 excellentius,

1029 2248 1058 2271 ut
1077 2245 1129 2271 iam
1150 2245 1251 2271 dictum
1272 2248 1326 2276 est,
1340 2245 1398 2279 ipsa
1409 2249 1588 2279 acceperunt,
1609 2253 1623 2272 a
1639 2246 1738 2280 quibus
1753 2250 1778 2272 et
1796 2247 1878 2273 nomi-

1028 2291 1133 2314 nantur.
1154 2287 1229 2314 Unde
1249 2287 1408 2321 Gregorius:
1428 2288 1476 2314 «In
1497 2288 1541 2314 illa
1561 2296 1665 2315 summa
1680 2289 1788 2315 civitate
1809 2290 1879 2323 quis-

1028 2338 1080 2365 que
1101 2331 1167 2357 ordo
1188 2331 1245 2357 eius
1260 2331 1297 2357 rei
1313 2334 1437 2357 censetur
1457 2331 1571 2363 nomine,
1585 2339 1665 2366 quam
1682 2332 1788 2366 plenius
1802 2339 1875 2360 acce-

1027 2374 1067 2407 pit
1087 2374 1112 2399 in
1134 2381 1279 2400 inuuere».

1100 2415 1151 2442 Sed
1171 2416 1256 2442 oritur
1276 2416 1320 2442 hic
1340 2416 1461 2450 quaestio
1481 2416 1548 2442 talis.
1573 2416 1599 2443 Si
1619 2418 1733 2451 quisque
1753 2418 1819 2444 ordo
1843 2418 1876 2445 ab
1890 2425 1978 2450 Quaestio
1992 2425 2019 2443 m-

1028 2458 1072 2485 illo
1093 2458 1163 2485 dono
1184 2459 1348 2489 nominatur,
1368 2459 1439 2493 quod
1454 2459 1559 2493 plenius
1578 2460 1711 2493 possidet,
1736 2463 1797 2487 tunc
1814 2461 1878 2488 Che·
1903 2448 1973 2466 ‘wem'

1026 2501 1115 2527 rubim
1129 2501 1154 2527 in
1169 2501 1280 2528 scientia
1294 2502 1459 2535 praeeminet
1471 2501 1479 2514 ⁸
1498 2502 1634 2533 omnibus,
1650 2503 1712 2537 quia
1730 2511 1745 2530 a
1764 2504 1875 2531 scientia

1026 2544 1186 2570 nominatur.
1197 2559 1232 2563 —
1242 2544 1293 2571 Sed
1314 2545 1360 2578 qui
1381 2545 1464 2579 magis
1478 2545 1564 2578 diligit
1578 2545 1638 2580 plus
1653 2547 1798 2581 cognoscit.
1811 2548 1874 2574 Tan·
1890 2553 2000 2577 Responsio·

184 2704 191 2718 ¹
210 2704 243 2726 De
264 2704 357 2727 Caelest.
375 2704 490 2727 Hierarch.
508 2710 527 2727 c.
546 2705 566 2727 6.
586 2705 599 2733 {3
618 2705 680 2727 2.-
692 2705 772 2733 Quoad
790 2706 848 2727 hanc
861 2705 911 2728 dist.
929 2706 968 2727 csr.

120 2743 199 2771 Hugo,
218 2744 281 2765 Sum.
300 2744 359 2765 Sent.
377 2746 404 2765 tr.
423 2744 443 2765 2.
462 2749 480 2765 c.
499 2743 525 2771 5,
543 2748 565 2766 et
582 2744 595 2765 l.
614 2743 643 2765 de
661 2744 761 2766 Sacram.
780 2750 801 2772 p.
814 2744 842 2766 V.
862 2750 880 2767 c.
899 2744 935 2766 30.

182 2782 192 2796 2
209 2782 275 2804 Hom.
294 2781 330 2803 34.
348 2783 370 2803 in
388 2782 474 2810 Evang.
492 2788 513 2804 n.
533 2783 574 2809 10,
592 2782 633 2804 sed
650 2783 694 2805 alio
715 2783 795 2805 ordine
818 2786 840 2805 et
856 2783 968 2811 ampliore

119 2822 267 2849 expositione.
279 2833 310 2837 —
323 2820 399 2843 Verba
416 2822 444 2843 ut
459 2820 540 2843 heatus
553 2820 683 2850 Greqoriits
695 2821 727 2843 uit
739 2821 785 2843 sola
799 2822 848 2843 Vat.
862 2822 906 2844 hoc
918 2822 967 2844 loco

119 2861 195 2888 ponit,
222 2863 311 2882 ceterae
336 2859 387 2882 edd.
406 2865 459 2882 cum
477 2859 585 2882 omnibus
609 2859 676 2882 codd.
702 2863 754 2888 post
779 2860 850 2882 verba
878 2860 969 2883 Throm'

118 2901 198 2923 autem
214 2900 332 2923 vocantur
352 2905 378 2921 ea
394 2900 537 2927 interserunt,
551 2903 573 2922 at
584 2900 660 2921 minus
673 2900 842 2922 convenienter.
854 2912 885 2916 —
896 2900 966 2922 Paulo

118 2939 225 2966 superius
242 2945 285 2966 pro
303 2937 415 2961 datorum
431 2944 530 2960 ‘antnere
547 2938 614 2960 codd.
632 2938 746 2961 datorum
761 2938 949 2968 participatione.

182 2976 192 2991 3
207 2977 263 2999 Edd.
286 2977 308 3005 l,
327 2977 339 2998 8
357 2975 462 2999 subdens.
480 2988 511 2993 —
527 2977 562 2999 Ad
579 2976 679 2999 verbum
697 2983 750 2999 mox
768 2983 867 3006 sequens
883 2978 965 3007 myste-

1026 2705 1064 2727 ria.
1081 2705 1132 2728 cod.
1150 2706 1193 2727 Eri.
1212 2708 1313 2728 annotat:
1332 2706 1387 2727 alias
1404 2706 1542 2734 ministeria,
1561 2707 1687 2735 Gregorius
1707 2707 1775 2730 habet
1792 2711 1874 2736 myste-

1025 2745 1069 2772 ria,
1088 2745 1190 2766 similiter
1208 2744 1281 2772 Hugo.

1087 2783 1096 2797 ‘¹
1116 2784 1164 2805 Yat.
1183 2789 1235 2805 cum
1253 2783 1305 2805 edd.
1325 2784 1349 2811 2,
1368 2784 1392 2812 3,
1412 2784 1435 2812 4,
1455 2784 1479 2812 5,
1499 2785 1524 2812 6,
1543 2785 1568 2812 7,
1587 2786 1600 2807 9
1618 2785 1693 2808 cursa.

1087 2822 1097 2837 ⁵
1114 2822 1164 2845 Vnt.
1182 2828 1236 2844 cum
1259 2823 1364 2850 plurimis
1387 2823 1439 2845 edd.
1462 2823 1566 2852 adiungit
1591 2824 1613 2846 et
1636 2823 1774 2853 perfectius,
1804 2825 1872 2847 codd.

1023 2860 1200 2889 refragantibus.
1558 2862 1567 2876 ⁶
1585 2863 1653 2891 Epist.
1673 2863 1686 2885 l.
1705 2862 1756 2885 Cor.
1778 2864 1815 2892 13,
1836 2864 1871 2886 13.

1086 2900 1095 2914 7
1112 2900 1164 2922 Loc.
1182 2901 1217 2922 cit.
1236 2906 1257 2922 n.
1284 2900 1325 2928 14,
1344 2900 1383 2923 ubi
1400 2901 1469 2922 etiam
1487 2907 1585 2930 sequens
1602 2904 1676 2924 textus
1693 2902 1797 2925 habetur.

1085 2938 1095 2953 S
1112 2939 1162 2961 Sola
1181 2939 1230 2961 Vnt.
1247 2939 1415 2968 praeeminent.
1434 2940 1456 2962 ln
1473 2944 1549 2963 nostra
1566 2941 1602 2963 ed.
1621 2941 1704 2969 supple
1722 2941 1780 2964 ordo
1792 2941 1821 2964 ad
1834 2948 1871 2964 vo-

1022 2984 1073 3000 cem
1092 2977 1224 3001 Cherubim.
