2243 3425
266 2039 319 2058 Nota.

329 216 385 244 940

328 296 404 324 sione
426 297 522 323 contra
543 291 733 328 Pelagianos¹z
762 291 932 318 «Peccatum
947 297 1001 317 non
1018 292 1060 317 est
1074 292 1175 316 natura

329 342 435 378 aliqua,
461 340 509 369 sed
541 343 620 367 actus
651 338 775 366 incidens
804 345 839 365 ex
867 336 977 364 defectu
1000 335 1062 363 boni
1076 346 1103 367 »;
1126 335 1173 363 sed

329 396 411 416 omne
433 387 506 424 quod
531 387 600 414 Inest
621 385 704 413 alicui
727 383 891 417 incidenter,
914 382 984 410 inest
1004 381 1028 410 ei
1052 381 1176 410 acciden-

328 436 431 464 taliter:
454 434 475 462 si
495 441 561 469 ergo
583 432 673 460 omnis
695 430 800 459 malitia
822 432 864 458 est
878 429 1012 463 meldens,
1028 428 1106 456 nulla
1121 435 1176 455 ma-

328 482 386 510 litia
401 485 442 510 est
456 479 610 509 essentialis
631 478 713 506 alicui
736 476 847 506 actioni:
871 484 938 512 ergo
959 475 1050 503 omnis
1072 477 1114 503 est
1135 482 1176 503 ac-

328 528 480 558 cidentalis.

408 576 433 603 Ξ).
457 574 535 607 lteni,
558 571 730 601 differentiae
752 570 914 599 essentiales
936 572 1002 598 sunt
1023 568 1176 598 constituti-

328 631 378 651 vae
399 629 511 655 eorum,
533 628 653 657 qnorum
677 621 742 647 sunt
763 617 945 650 differentiae,
961 619 988 645 et
1003 615 1176 645 differentiae

329 668 522 698 constitutivae
544 675 580 696 ex
603 666 708 695 eisdem
736 664 880 701 principiis
906 667 1033 698 manant,
1055 671 1091 692 ex
1114 663 1177 700 qui-

330 717 383 745 bus
406 718 518 743 manant
539 714 599 750 ipsa
620 711 806 745 constituta23
829 711 877 740 sed
900 710 1007 739 malitia
1022 718 1076 738 non
1092 710 1177 738 habet

330 770 442 792 causam
465 761 632 794 effectivam,
655 759 703 788 sed
731 758 911 792 defectivam,
932 757 1003 786 actio
1026 765 1092 786 vero
1114 765 1177 786 cau-

330 819 389 839 sam
411 809 566 838 effectivam
588 807 684 840 habet3
708 806 772 834 item
795 806 866 834 actio
888 808 930 834 est
951 813 967 833 a
982 805 1047 839 Deo,
1071 804 1177 832 malitia

329 866 395 886 non:
418 865 484 893 ergo
506 854 676 892 impossibile
698 857 748 887 est,
770 852 846 890 quod
868 852 974 880 malitia
996 852 1031 881 sit
1057 851 1177 880 alicuius

328 904 442 933 actionis
464 902 620 932 differentia
640 900 803 929 essentialis.

409 950 434 979 3.
457 951 532 981 lten'i.
555 948 726 977 differentiae
748 946 909 976 essentiales
931 955 985 974 non
1001 946 1177 974 alternantur

330 999 404 1027 circa
435 997 609 1026 individuum
643 995 769 1023 eiusdem
802 993 940 1031 speciei³3
964 993 1012 1022 sed
1035 993 1177 1027 actiones,

333 1053 403 1082 quae
424 1047 489 1073 sunt
510 1043 635 1072 eiusdem
659 1041 775 1079 speciei,
798 1041 933 1070 differunt
954 1049 1003 1078 per
1026 1040 1177 1069 bonitatem

331 1096 358 1121 et
379 1092 525 1125 malitiam,
547 1090 611 1127 quia
635 1097 687 1117 una
706 1092 747 1118 est
762 1088 835 1117 bona
854 1091 881 1117 et
906 1088 994 1116 altera
1010 1087 1096 1116 mala:
1112 1095 1179 1124 ergo

331 1140 435 1168 bonum
457 1141 484 1167 et
506 1137 611 1165 malum
634 1145 687 1164 non
720 1139 786 1165 sunt
816 1135 979 1164 essentiales
1005 1134 1179 1163 differentiae

329 1185 451 1215 actionis.

408 1233 434 1260 li.
457 1232 537 1263 Item,
560 1231 716 1259 differentia
737 1229 893 1259 essentialis
915 1229 1021 1266 aliquid
1044 1228 1123 1257 addit
1137 1236 1181 1257 su-

330 1288 380 1317 pra
401 1279 471 1308 illud
493 1278 567 1316 quod
590 1277 722 1311 dividit⁴;
745 1277 794 1306 sed
822 1277 927 1305 malum
949 1284 1003 1305 non
1032 1276 1110 1305 addit
1133 1276 1181 1304 ali-

329 1327 393 1365 quid
418 1335 504 1364 supra
519 1326 664 1359 actionem⁷
680 1325 729 1354 sed
752 1325 844 1362 potius
860 1324 963 1361 private
987 1331 1054 1361 ergo
1070 1323 1180 1351 malum

329 1382 383 1402 non
404 1377 445 1402 est
466 1373 582 1401 actionis
602 1372 759 1401 differentia
781 1371 944 1400 essentialis.

646 1474 860 1495 CONCLUSIO-

335 1565 449 1592 Bonum
471 1566 496 1590 et
516 1562 628 1590 malunt
650 1570 708 1589 non
729 1564 799 1589 sunt
821 1559 1003 1598 differentiae
1017 1559 1183 1587 essentiales

410 1614 435 1638 et
457 1609 633 1638 intrinsecae
654 1608 796 1642 stelionis,
829 1612 863 1636 ‘nt
883 1611 924 1636 est
958 1608 1029 1636 actio
1050 1607 1093 1635 raet
1115 1607 1183 1636 baec

412 1657 491 1692 actio,
513 1657 564 1685 sed
586 1659 718 1690 tantum,
740 1659 773 1684 ut
795 1659 836 1683 est
856 1655 920 1684 talis
942 1655 1013 1683 actio
1026 1678 1032 1690 ,
1056 1655 1184 1692 quodam

413 1705 497 1733 modo
519 1704 680 1733 essentiales
702 1703 762 1731 (liei
780 1706 912 1739 possunt.

413 1800 589 1828 Rnsroivono:
614 1798 652 1827 Ad
675 1797 885 1835 praedictorum
909 1796 1119 1834 intelligentiam
1143 1798 1185 1825 est

336 1847 497 1878 notandum,
519 1846 593 1883 quod
617 1845 691 1874 idem
713 1847 754 1873 est
776 1851 922 1881 quaerere,
944 1847 1041 1872 utrum
1057 1844 1126 1872 haec
1147 1843 1185 1872 di-

336 1894 404 1923 visio
429 1894 582 1927 actionum,
609 1893 663 1921 alia
691 1892 775 1926 bona,
798 1891 852 1920 alia
877 1891 959 1923 mala,
981 1891 1016 1919 sit
1038 1898 1087 1927 per
1110 1890 1185 1919 diffe-

336 1941 439 1969 rentias
460 1940 631 1974 essentiales,
653 1939 729 1977 quod
751 1946 904 1976 quaerere,
921 1942 1017 1967 utrum
1034 1938 1144 1966 bonitas
1159 1940 1187 1966 et

335 1988 460 2016 malititia
484 1988 538 2016 sint
561 1987 747 2024 proprietates
768 1986 812 2014 vel
835 1985 1008 2014 conditiones
1023 1985 1186 2013 esse1it'1ales

335 2035 434 2064 actioni
467 2034 650 2063 voluntariae.
684 2034 714 2062 Et
736 2033 799 2062 licet
831 2033 905 2062 istud
928 2033 1022 2070 aliquo
1044 2033 1126 2061 inodo
1149 2032 1186 2060 vi-

1009 210 1261 239 SENTENTIARUM
1285 209 1343 237 LIB.
1366 210 1394 237 ll.

1232 287 1333 316 deatur
1355 296 1435 325 posse
1457 287 1570 316 concedi
1585 288 1610 316 ei
1625 288 1672 325 qui
1689 289 1808 317 sustinet
1823 288 1899 317 illam
1915 289 2082 326 opinionem,

1232 334 1308 371 quod
1332 343 1385 363 non
1407 334 1498 364 omnis
1519 335 1591 363 actio
1612 343 1628 363 a
1650 335 1707 363 Deo
1728 338 1785 368 est;
1808 339 1899 364 tamen
1927 336 2082 364 secundum

1232 382 1310 410 illam
1331 382 1504 419 opinionem,
1520 390 1592 419 quae
1607 383 1795 411 communiter
1817 384 1984 417 sustinetur,
2007 383 2082 420 quod

1232 429 1323 457 omnis
1344 429 1415 458 actio
1437 437 1454 457 a
1474 429 1530 458 Deo
1552 433 1606 463 est,
1629 432 1656 458 et
1678 429 1835 458 secundum
1858 430 1886 458 id
1908 430 1983 467 quod
2005 434 2083 459 natu-

1234 476 1330 505 raliter
1352 479 1401 509 est,
1423 476 1496 504 bona
1517 479 1571 509 est3
1594 476 1708 505 concedi
1734 485 1789 505 non
1816 477 1898 506 debet
1920 485 1971 506 nec
1993 480 2084 514 potest

1233 523 1436 551 rationabiliter
1469 523 1614 557 sustineri,
1636 523 1712 560 quod
1744 524 1850 551 malitia
1871 524 2026 553 essentialis
2048 524 2083 553 sit
2097 531 2195 552 Conclusio
2205 519 2216 542 ν’
2234 543 2235 552 i

1232 570 1347 604 actioni,
1369 577 1434 598 cum
1464 570 1557 607 potius
1585 570 1659 599 dicat
1688 570 1827 599 defectum
1857 570 2084 600 circumstantiae

1232 616 1361 650 alicuius,
1383 625 1456 653 quae
1477 617 1621 645 accidebat
1642 617 1752 645 actioni.
1779 617 1805 645 Si
1838 617 1911 645 enim
1940 625 1996 646 non
2017 618 2086 647 acci-

1233 663 1321 698 deret,
1343 672 1397 692 non
1419 667 1513 700 posset
1534 665 1656 701 privari,
1678 665 1785 693 actione
1808 668 1936 693 manente
1947 665 1965 693 ⁵.

1313 711 1518 739 Attendendum
1540 714 1581 739 est
1603 715 1705 746 tamen,
1727 711 1803 749 quod
1827 711 1961 740 malitiam
1983 712 2086 740 contin-

1234 758 1272 794 git
1294 757 1440 794 tripliciter
1462 766 1627 795 comparare
1641 759 1676 787 ad
1698 759 1847 787 actionem:
1864 758 2085 789 aut«.secundum
2095 741 2217 809 {giriffiffl}
2234 754 2236 788 l

1234 805 1309 842 quod
1332 808 1373 833 est
1394 805 1487 839 aetio,
1510 808 1559 833 aut
1580 806 1736 834 secundum
1759 806 1834 843 quod
1856 810 1897 835 est
1912 805 1982 835 haee
1997 807 2085 840 actio,
2100 810 2158 828 litiae.

1234 856 1283 880 aut
1305 852 1462 880 secundum
1484 852 1560 889 qnod
1582 855 1623 881 est
1646 852 1714 880 talis
1735 853 1820 881 aetio.
1843 870 1881 872 —
1903 853 1930 882 Si
1945 861 2086 890 compare·
2098 856 2217 898 Coniparatiof

1236 902 1283 927 tur
1307 899 1411 927 malitia
1432 899 1467 928 ad
1490 899 1644 934 actionem,
1666 900 1822 928 secundum
1838 900 1914 937 quod
1936 900 2030 934 actio,
2047 900 2086 929 sic

1235 948 1310 974 tenet
1332 945 1468 974 rationem
1490 946 1641 975 accidentis
1656 946 1834 983 separabilis
1848 951 1875 976 et
1890 947 2054 976 communis
2067 947 2086 975 θ.

1237 993 1379 1021 Rationem
1401 992 1552 1021 accidentis
1574 993 1752 1030 separabitis
1774 997 1847 1023 tenet
1868 994 1894 1022 in
1918 995 1989 1029 hoc,
2011 994 2087 1031 quod

1236 1040 1316 1075 actio,
1338 1048 1410 1077 quae
1432 1040 1578 1069 consuevit
1600 1040 1659 1069 fieri
1676 1049 1740 1069 cum
1764 1041 1859 1078 culpa⁷
1882 1044 1980 1078 potest,
2003 1049 2089 1070 causa

1238 1087 1333 1124 aliqua
1362 1087 1577 1122 interveniente,
1605 1087 1665 1116 fieri
1696 1088 1803 1125 absque
1832 1088 1923 1126 culpa.
1946 1088 2089 1117 Rationem

1239 1143 1305 1163 vero
1326 1135 1477 1164 accidentis
1493 1135 1658 1163 commanis
1674 1138 1760 1169 tenet,
1776 1135 1842 1172 quia
1857 1136 1931 1164 circa
1952 1136 2089 1165 actionem

1238 1182 1365 1211 eiusdem
1388 1182 1488 1219 speciei
1512 1182 1645 1219 contingit
1673 1182 1807 1211 malitiam
1831 1183 1855 1210 in
1888 1182 2030 1220 aliquibus
2052 1183 2091 1211 in-

1238 1229 1342 1263 veniri,
1365 1229 1392 1257 in
1414 1229 1557 1267 aliquibus
1579 1237 1646 1258 vero
1668 1237 1737 1263 non,
1766 1229 1839 1258 sicut
1860 1229 1961 1267 aliquis
1982 1230 2092 1267 praedi-

1238 1276 1327 1305 cando
1359 1276 1443 1305 fidem
1476 1276 1577 1305 Christi
1610 1284 1646 1305 ex
1668 1285 1740 1305 vana
1768 1277 1856 1314 gloria
1884 1281 1996 1314 peccat,
2018 1277 2091 1306 alius

1239 1332 1306 1353 vero
1328 1328 1462 1352 meretur.
1485 1324 1559 1353 Licet
1580 1328 1675 1353 autem
1706 1324 1811 1353 malitia
1839 1325 1988 1362 respectu⁷
2010 1325 2092 1354 actio-

1238 1372 1291 1406 nis,
1313 1371 1505 1400 consideratae
1528 1371 1553 1399 in
1569 1379 1684 1408 genere,
1706 1371 1808 1401 habeat
1823 1372 1917 1410 aliquo
1932 1372 2015 1401 modo
2031 1380 2092 1402 con-

1239 1419 1410 1447 formitatem
1433 1419 1468 1447 ad
1490 1419 1619 1447 accidens
1635 1419 1791 1456 separabile
1810 1423 1836 1447 et
1859 1427 2021 1453 commune;
2036 1427 2092 1448 non

1240 1469 1333 1494 tamen
1355 1465 1468 1502 proprie
1489 1469 1531 1494 est
1552 1466 1681 1494 accidens
1702 1465 1765 1500 tale,
1787 1466 1853 1503 quia
1875 1474 1928 1495 non
1951 1466 2018 1495 dicit
2034 1474 2092 1501 ens,

1241 1513 1290 1541 sed
1311 1513 1452 1542 defectum
1475 1513 1554 1542 entis.

1320 1560 1345 1588 Si
1368 1563 1462 1588 autem
1485 1563 1665 1597 comparetur
1687 1559 1793 1588 malitia
1814 1560 1849 1588 ad
1871 1560 2022 1595 actionem,
2049 1568 2092 1589 se·
2106 1543 2221 1604 Cogparatiff

1241 1607 1367 1636 cundum
1389 1607 1465 1643 qnod
1487 1611 1529 1635 est
1557 1605 1627 1635 staec
1649 1607 1743 1640 actio,
1776 1607 1815 1635 sic
1847 1610 1922 1635 tenet
1954 1607 2092 1636 rationem

1241 1654 1393 1683 accidentis
1414 1653 1623 1691 inseparabilis
1648 1657 1675 1682 et
1703 1654 1829 1691 proprii.
1854 1654 1994 1683 Rationem
2018 1657 2093 1684 tenet

1241 1702 1391 1730 accidentis
1422 1701 1632 1738 inseparabilis
1664 1702 1690 1729 in
1730 1702 1802 1735 lioc,
1836 1702 1911 1739 quod
1943 1701 1991 1730 illa
2023 1703 2095 1731 actio

1242 1748 1339 1777 eadem
1362 1756 1489 1783 numero,
1511 1756 1583 1785 quae
1604 1751 1646 1777 est
1672 1748 1756 1782 mala,
1780 1757 1834 1777 non
1855 1752 1944 1785 potest
1966 1756 2027 1777 esse
2056 1748 2096 1777 ul-

1241 1796 1330 1825 terius
1356 1796 1441 1830 bona,
1463 1800 1578 1833 propter
1607 1796 1658 1824 boc
1692 1796 1767 1832 quod
1794 1796 1892 1824 eadem
1915 1804 2033 1825 numero
2055 1804 2096 1825 re-

1243 1843 1338 1871 sumi³
1362 1850 1415 1870 non
1444 1845 1542 1880 potest.
1577 1842 1720 1870 Rationem
1754 1850 1820 1871 vero
1848 1843 1999 1871 accidentis
2024 1851 2096 1880 pro-

1241 1890 1304 1927 prii
1325 1893 1398 1919 tenet
1419 1890 1579 1927 aliquando,
1606 1890 1669 1919 licet
1688 1898 1741 1918 non
1765 1897 1884 1927 semper,
1900 1890 1928 1918 in
1944 1890 2004 1924 hoc,
2020 1890 2096 1928 quod

1243 1937 1291 1965 illa
1323 1937 1428 1965 malitia.
1460 1940 1553 1966 ortum
1587 1937 1671 1966 babet
1701 1946 1737 1965 ex
1766 1937 1985 1974 proprietatibus
2016 1945 2098 1974 agen-

1244 1985 1279 2013 tis
1301 1988 1328 2013 et
1349 1985 1491 2021 patientis,
1518 1992 1553 2013 ex
1584 1992 1705 2021 quarum
1735 1985 1942 2021 comparatione
1970 1992 2097 2013 necessa-

1244 2032 1285 2059 rio
1309 2031 1399 2068 surgit
1425 2031 1605 2065 inordinatim
1634 2032 1706 2060 sicut
1735 2035 1822 2068 patet,
1855 2040 1919 2060 cum
1949 2031 2025 2060 filius
2056 2039 2088 2060 co

399 2157 404 2171 ¹
424 2158 477 2179 Sive
488 2157 523 2179 lv.
536 2157 679 2184 llypognost.
693 2163 711 2178 e.
729 2156 746 2178 1.
760 2162 780 2177 n.
798 2156 815 2183 t,
829 2155 867 2177 ubi
881 2157 954 2177 textus
966 2156 1084 2183 originalis
1096 2154 1188 2178 Malum

336 2197 427 2219 exbibet
444 2203 486 2224 pro
504 2196 630 2218 Pace-anmi
648 2199 670 2217 et
686 2194 794 2218 aet-Mens
821 2201 862 2222 pro
890 2194 1002 2217 incidens.
1025 2195 1128 2216 Attamen
1147 2195 1188 2216 cfr.

337 2242 405 2263 supra
425 2242 478 2263 pag.
497 2235 554 2262 830,
574 2238 625 2257 nota
645 2234 665 2256 55.
683 2246 714 2250 --
732 2234 774 2255 Pro
792 2234 812 2255 in
832 2234 921 2263 ‹litartst
939 2234 1007 2262 (quae
1031 2234 1096 2256 lectio
1119 2234 1188 2256 otiam

338 2275 399 2303 apud
418 2275 467 2297 Gul.
495 2275 555 2296 lllara
581 2273 690 2301 liabetur,
712 2274 748 2295 hie
766 2280 787 2301 q.
806 2273 837 2301 2.)
855 2273 924 2295 codd.
942 2274 964 2294 vt
982 2274 1070 2301 primae
1088 2273 1141 2295 edd.
1164 2272 1190 2295 iit

337 2314 422 2344 prima.

401 2353 411 2367 2
428 2354 532 2380 Arist‹)t.‚
552 2353 597 2375 vll.
616 2353 713 2380 Metapli.
733 2355 784 2374 text.
803 2352 839 2374 33.
853 2356 874 2374 et
887 2352 915 2373 X.
930 2355 981 2374 text.
995 2352 1031 2374 25.
1052 2352 1097 2379 (Vt.
1117 2358 1135 2374 r.
1156 2352 1188 2374 10.

339 2395 361 2415 et
378 2393 414 2415 tx.
433 2399 450 2414 c.
470 2394 500 2420 9.)
520 2392 585 2421 dii-it,
613 2392 677 2421 quod
695 2391 795 2414 delinitio
814 2393 842 2413 ita
860 2398 884 2413 se
903 2391 985 2414 nabent
1003 2392 1031 2414 ad
1049 2398 1113 2419 reni⁷
1132 2392 1190 2414 sicut

341 2435 416 2460 partes
434 2432 573 2454 definitionis
591 2431 675 2459 (genus
692 2435 714 2454 ct
732 2431 867 2459 differentia)
886 2431 914 2453 ad
939 2433 1013 2459 partes
1032 2431 1059 2457 (si
1077 2434 1111 2453 est
1128 2437 1190 2453 con]-

343 2473 451 2499 positum)
470 2471 555 2493 deliniti
575 2472 630 2497 (scil.
650 2472 768 2493 materiam
786 2474 808 2492 vt
826 2472 941 2499 formam).
961 2470 1004 2493 Cfr.
1024 2471 1143 2499 Porpuyr„
1162 2471 1190 2493 (le

341 2511 507 2533 r1·ae(lical).c.
534 2511 561 2534 (le
590 2510 741 2540 Differenll'a,
771 2514 792 2533 et
816 2511 902 2533 Boethii
926 2510 1053 2533 Counnont.
1082 2511 1103 2532 iu
1130 2511 1191 2533 liunc

343 2550 452 2578 f'oi'pliyr.
471 2551 512 2572 lor.
531 2550 563 2572 Do
579 2550 669 2573 attineri
691 2550 745 2572 vide
763 2556 833 2577 supra
852 2550 873 2572 d.
892 2549 928 2572 34.
947 2557 966 2572 a.
987 2551 1006 2571 ’1.
1025 2556 1047 2578 q.
1065 2551 1094 2577 23
1114 2550 1135 2572 d.
1154 2549 1190 2572 37.

342 2595 362 2611 a.
383 2589 400 2610 l⁴
419 2596 440 2618 (1.
461 2590 480 2611 l.
498 2593 520 2611 et
537 2596 557 2611 a.
576 2590 596 2611 2.
615 2596 637 2618 q.
658 2590 677 2611 i.

406 2627 415 2642 3
432 2629 534 2656 Aristar,
554 2629 589 2650 Vl.
608 2629 687 2656 Topir.
706 2634 724 2650 c.
744 2629 764 2651 3.
784 2629 812 2656 (c.
831 2629 878 2656 6.):
895 2637 905 2648 ι(
918 2629 973 2650 Nam
987 2629 1047 2650 nulla
1065 2628 1191 2650 differentia

344 2669 377 2688 est
393 2673 474 2688 eornm
492 2674 551 2695 quac
569 2667 697 2689 secundum
716 2668 822 2689 accidens
840 2668 929 2695 insunt,
948 2669 1006 2690 sicut
1018 2674 1092 2696 nequo
1111 2673 1191 2695 genus⁴

345 2705 391 2727 Nou
410 2707 470 2727 enim
490 2707 600 2734 contingit
625 2706 775 2728 differentiam
802 2708 876 2729 inesse
898 2707 965 2729 alicui
983 2710 1005 2729 et
1022 2713 1066 2728 non
1084 2707 1158 2728 inesse
1172 2713 1192 2728 n.

346 2744 371 2765 Et
387 2744 501 2772 aliquanto
520 2745 628 2767 inferius:
656 2746 678 2767 Et
706 2746 739 2771 (ut
764 2746 897 2773 simplis-iter
923 2746 1037 2774 <ln-anius)
1064 2745 1192 2767 secundum

347 2789 506 2811 quaecumque
525 2785 632 2806 alteratur
649 2785 747 2813 habeus,
766 2785 819 2807 niliil
837 2791 918 2807 eorum
937 2786 1062 2808 differentia
1076 2785 1135 2807 itlius
1152 2788 1192 2807 est,

349 2834 377 2836 ἡ
395 2822 437 2843 Pro
454 2821 607 2845 alternantur
624 2824 674 2845 cod.
694 2824 711 2845 T
730 2824 872 2847 alterantur.

411 2860 419 2874 ‘¹
437 2862 539 2889 Aristot.y
558 2862 593 2884 Vl.
612 2863 692 2890 'sopio
711 2869 729 2885 c.
749 2864 769 2885 3.
789 2863 816 2889 (c.
836 2864 866 2891 6.)
886 2864 963 2891 dovor..
983 2864 1122 2886 differentias
1138 2863 1195 2885 divi-

351 2898 405 2920 dere
423 2905 508 2927 genus,
526 2903 547 2921 ot
565 2902 607 2928 ipsi
635 2903 752 2929 :mpositas
770 2902 842 2924 farore
861 2903 969 2930 speciem.
988 2902 1032 2925 Cfr.
1051 2902 1079 2924 X.
1098 2902 1194 2929 ltletaph.

352 2938 400 2958 [ext.
420 2937 454 2958 2'1-
474 2938 520 2961 (lx,
538 2945 557 2960 r.
576 2940 615 2967 3.).
634 2952 663 2955 ἡ
680 2940 711 2962 De
728 2940 817 2962 inrum-i
839 2941 893 2963 ride
910 2948 981 2969 supra
1000 2942 1021 2963 d.
1040 2941 1076 2963 34.
1094 2948 1114 2962 a.
1133 2942 1153 2962 2.
1172 2947 1193 2969 q.

351 2975 371 2996 3.
389 2978 411 2997 et
429 2975 450 2997 d.
470 2976 505 2997 35.
523 2983 542 2997 ει,
565 2978 581 2999 l.
600 2984 621 3005 q.
644 2979 659 2999 1,
679 2985 726 3007 seq.
739 2991 769 2995 —
782 2980 802 3001 ln
816 2980 961 3002 conclusione
979 2980 1047 3002 codd.
1061 2981 1107 3002 111<
1119 2980 1137 3001 'l‘
1149 2980 1194 3002 ΚΖ

351 3020 377 3035 ee
394 3016 416 3035 et
433 3014 468 3035 alii
486 3021 607 3042 perperam
626 3018 731 3040 omittunt
748 3024 802 3040 non.

1309 2154 1318 2168 5
1335 2154 1366 2176 De
1385 2155 1500 2182 praedicta
1520 2154 1604 2182 duplici
1631 2154 1739 2181 opinione
1765 2153 1817 2175 vide
1843 2160 1912 2181 supra
1932 2153 1953 2175 d.
1976 2153 2012 2175 37.
2039 2160 2058 2175 a.
2083 2154 2087 2175 l

1246 2202 1268 2223 q.
1292 2195 1308 2216 l.
1322 2198 1344 2216 ct
1361 2201 1380 2216 a.
1401 2195 1420 2216 2.
1441 2201 1462 2222 q.
1486 2194 1502 2215 l.

1309 2232 1318 2246 ⁶
1336 2233 1393 2254 Petr.
1412 2233 1512 2260 Hispan,
1531 2233 1644 2254 Summul.
1664 2236 1689 2254 tr.
1713 2232 1741 2254 de
1764 2232 1908 2259 Freedman,
1927 2233 2046 2260 proposita
2068 2232 2099 2254 di-

1246 2272 1335 2293 visione
1353 2271 1506 2293 arridentium
1525 2272 1545 2293 in
1564 2271 1701 2299 separabilia
1719 2274 1741 2292 et
1758 2271 1930 2299 inseparabilia,
1949 2272 2017 2293 etiam
2032 2271 2099 2293 aliam

1247 2311 1399 2333 accidentium
1417 2311 1554 2333 divisionem
1573 2310 1666 2333 adducit
1685 2310 1775 2333 dicens:
1797 2319 1807 2330 <c
1820 2310 1925 2332 Secunda
1944 2310 2026 2332 divisio
2044 2311 2100 2332 aeci-

1248 2351 1363 2373 dentium:
1377 2351 1437 2372 aliud
1451 2356 1586 2377 connititur,
1607 2354 1631 2372 ut
1649 2350 1738 2377 album,
1758 2351 1862 2378 nigrunu
1880 2349 1943 2372 aliud
1956 2349 2098 2378 proprium,

1248 2393 1272 2412 ut
1290 2390 1367 2412 albuni
1391 2390 1490 2412 Socratis
1504 2398 1523 2411 n.
1543 2390 1564 2411 ln
1589 2396 1633 2418 qua
1657 2390 1759 2411 oratione
1782 2394 1907 2412 comminue
1930 2388 2012 2411 dicitur
2035 2388 2100 2418 quod

1248 2430 1277 2452 ad
1296 2436 1367 2452 unum
1381 2429 1510 2452 subiectum
1529 2436 1572 2451 nou
1586 2432 1620 2451 est
1633 2429 1821 2455 determinatum,
1843 2429 1891 2450 sive
1913 2428 1976 2456 quod
1994 2427 2100 2455 pluribus

1249 2469 1358 2492 subiectis
1376 2472 1450 2497 potest
1468 2470 1602 2496 convenire,
1617 2471 1641 2491 ut
1658 2468 1740 2490 albedo
1754 2467 1898 2495 bominibus,
1916 2467 2032 2494 lapidibus
2045 2470 2099 2495 είς-,ς

1249 2509 1376 2538 proprium
1398 2515 1454 2531 vero
1477 2509 1540 2537 quod
1559 2509 1597 2530 uni
1620 2514 1662 2536 per
1680 2507 1885 2530 indiriduationem
1909 2511 1943 2529 est
1966 2507 2100 2534 appropria-

1250 2552 1309 2572 tum.
1328 2551 1352 2570 ut
1369 2548 1452 2570 :ilbodo
1469 2548 1583 2574 Socratis;
1607 2547 1655 2574 vel,
1674 2550 1698 2569 ut
1715 2547 1750 2569 alii
1776 2547 1899 2574 explicant,
1917 2545 2044 2575 proprium
2067 2549 2102 2568 est

1250 2588 1313 2616 quod
1332 2587 1440 2609 omuibus
1457 2591 1479 2609 et
1495 2587 1549 2609 solis
1567 2586 1694 2609 individuis
1712 2587 1780 2608 unius
1798 2586 1883 2613 speciei
1901 2588 1922 2607 et
1940 2591 2032 2612 semper
2050 2591 2101 2607 eon-

1250 2627 1322 2651 venit,
1339 2630 1362 2648 ut
1381 2625 1466 2648 risibile
1484 2626 1577 2647 homini.
1598 2625 1697 2652 Ariston,
1717 2625 1730 2646 l.
1752 2623 1781 2646 de
1799 2624 1890 2651 Anima,
1909 2626 1960 2646 text.
1982 2623 2002 2645 3.
2024 2623 2056 2651 (c.
2073 2624 2100 2651 l.)

1250 2665 1374 2687 accidentia
1402 2665 1491 2686 animae
1517 2664 1636 2691 distinguit
1662 2664 1683 2685 in
1711 2670 1752 2691 ea,
1779 2671 1789 2683 α
1811 2668 1911 2691 quorum
1937 2662 1979 2684 alia
2005 2662 2101 2691 quidem

1249 2704 1361 2734 propriae
1384 2704 1506 2733 passiones
1533 2704 1570 2731 [ut
1598 2703 1740 2731 intellectus,
1766 2703 1886 2731 voluntas]
1913 2702 2035 2730 videntur,
2059 2702 2101 2724 alia

1251 2747 1327 2766 autom
1349 2748 1486 2766 communes
1508 2746 1530 2765 et
1547 2742 1685 2764 animalibus
1709 2744 1804 2770 propter
1826 2742 1886 2763 illam
1905 2742 1979 2763 inesse
1997 2741 2036 2769 [ut
2053 2746 2101 2763 sen-

1251 2783 1304 2811 sus]
1325 2791 1344 2805 ι).

1314 2823 1323 2836 ⁷
1342 2823 1383 2844 Pro
1402 2823 1506 2851 respectu
1529 2821 1579 2843 cod.
1603 2821 1621 2842 T
1640 2821 1664 2842 in.
1681 2820 1784 2847 millene,
1804 2823 1826 2842 ot
1842 2820 1910 2847 paulo
1928 2819 2022 2841 inferius
2039 2818 2101 2841 idem

1252 2862 1303 2884 rod.
1322 2862 1398 2883 minus
1416 2861 1474 2883 bene
1491 2860 1554 2890 quod
1569 2866 1619 2883 non
1635 2859 1691 2882 [licit
1708 2866 1750 2887 pro
1768 2858 1824 2889 qnia
1842 2865 1891 2881 mm
1908 2858 1969 2882 llicit.

1315 2900 1324 2915 ⁸
1343 2900 1434 2922 Plurimi
1453 2900 1520 2922 codd.
1538 2906 1591 2922 cum
1610 2900 1690 2928 primi<
1707 2899 1760 2921 edd.
1777 2898 1846 2921 sumi.
1865 2898 1934 2920 Paulo
1952 2898 2046 2919 inferius
2058 2902 2100 2924 pro

1252 2946 1282 2962 er
1305 2946 1410 2969 quarum
1431 2939 1608 2968 comparatione
1631 2939 1698 2961 codd.
1725 2939 1743 2960 H
1757 2939 1762 2959 l
1776 2938 1794 2960 T
1807 2944 1833 2960 ee
1859 2942 1879 2960 et
1898 2938 1933 2960 alii
1963 2936 2102 2959 substituunt

1253 2985 1284 3001 ar
1305 2985 1410 3009 quarum
1433 2978 1583 3008 operatione,
1608 2978 1660 3001 cod.
1684 2978 1701 3000 ll
1725 2984 1781 3000 vero
1804 2984 1834 3000 ear
1856 2982 1960 3006 quarum
1983 2980 2101 2998 concursu

1254 3020 1276 3041 rt
1293 3018 1477 3047 comparatione.
