2243 3425
247 1257 344 1281 Epilogus.

229 1587 301 1614 Solutio
315 1591 346 1610 op-

230 1612 338 1634 positorum.

230 2297 345 2316 Notandum.

356 191 411 218 720

357 270 404 299 sed
435 268 519 297 totius
549 267 688 294 humanae
717 266 834 291 naturae
860 260 1054 298 principitmz.
1076 259 1205 289 Secunda

356 320 412 349 est⁷
434 315 500 353 quia
521 322 573 342 non
596 315 704 341 tantum
727 310 779 338 fuit
800 308 851 338 sibi
874 309 970 337 datum
994 307 1157 335 mandatum
1174 306 1206 335 si-

356 367 403 393 cut
424 360 575 399 stnqnlares
600 366 758 395 personae,
780 356 828 384 sed
851 358 984 392 tanquam
1006 353 1100 391 stipiti
1122 353 1205 382 totius

356 412 496 439 humanae
518 411 654 438 naturae;
676 407 703 433 et
719 404 771 432 boc
787 403 856 431 bene
874 402 976 430 indicat
998 404 1093 430 textus
1106 400 1124 434 ¹,
1139 400 1206 437 quia

357 456 519 486 mandatum
544 452 613 481 illud
635 451 780 480 descendit
802 458 851 487 per
873 449 967 477 virum
989 448 1024 476 ad
1047 446 1204 476 mulierem.

357 503 464 536 Tertia,
487 502 552 538 quia
574 500 658 528 Adam
688 496 883 526 innocentiam
905 499 931 524 et
953 494 1205 523 immortalitatem

356 552 518 587 susceperat
530 555 586 584 pro
601 555 630 574 se
645 549 672 574 et
686 553 743 573 sita
760 548 819 572 tota
837 542 1007 580 posteritate
1020 552 1028 573 :
1051 540 1124 569 unde
1147 541 1205 577 ipse

357 599 488 626 innocens
510 598 537 623 et
559 592 725 622 immortalis
746 592 906 628 generasset
925 588 1113 617 immortalem
1127 592 1154 617 et
1170 588 1206 616 in-

357 647 511 673 nocentem.
534 641 603 678 Quia
626 640 710 677 igitur
726 639 784 675 ipse
800 641 859 666 erat
874 636 1000 665 omnium
1024 635 1206 673 principium3

358 696 384 720 et
406 695 598 725 transgressus
620 690 661 715 est
683 685 845 714 mandatum
869 683 943 721 quod
967 683 990 712 ei
1014 683 1111 711 datum
1131 685 1206 715 erat,

357 737 512 767 secundum
529 735 676 773 quoderat
693 732 875 770 principium3
890 734 917 759 et
931 730 1024 759 amisit
1040 729 1115 758 illam
1132 728 1208 757 'tusti—

357 786 422 814 tiam
446 788 472 813 et
495 782 695 814 innocentiam,
719 788 804 817 quam
826 778 946 808 debebat
967 777 1098 806 omnibus
1120 779 1208 813 poste-

357 834 396 862 ris
418 838 604 861 conservare:
628 829 691 857 binc
713 831 769 860 θεῖ,
791 826 867 864 quod
889 833 939 863 per
961 825 1053 862 ipsum
1079 822 1208 860 originali

358 880 462 909 iustitia
483 885 582 907 sumus
603 876 721 914 privati,
750 878 777 903 et
806 874 832 902 in
861 873 923 902 eius
951 871 1097 900 infectione
1123 869 1207 899 ceteri

358 930 423 956 sunt
445 925 552 957 inlecti,
576 932 628 952 non
651 926 759 951 tantum
780 920 959 958 poenaliter,
982 918 1030 948 sed
1052 918 1135 946 etiam
1152 916 1210 945 cul-

355 974 509 1012 pacatam-.-
534 976 592 1001 tum
616 974 730 1008 propter
752 968 880 997 debitum
901 965 1114 999 ordinationis,
1136 971 1208 1002 quae

358 1022 473 1051 deberet
494 1027 554 1048 esse
576 1019 602 1046 in
625 1017 724 1049 nobis;
740 1019 798 1044 tum
816 1018 930 1052 propter
945 1012 1111 1042 carentiam
1126 1011 1208 1040 illius

357 1067 548 1099 innocentiae,
570 1073 654 1102 quain
677 1063 846 1092 deberemus
868 1061 989 1095 habere3
1012 1063 1070 1089 tuni
1094 1062 1209 1096 propter

355 1112 648 1153 praedaminunctam
677 1108 943 1147 concupiscentiae,
975 1115 1025 1144 per
1047 1114 1132 1144 quam
1154 1106 1210 1134 ani-

358 1170 420 1191 mae
442 1165 553 1189 nostrae
575 1162 640 1188 sunt
663 1158 836 1186 inordinatae
858 1159 885 1184 et
907 1155 1087 1188 iniustae;et
1102 1154 1124 1183 si
1140 1153 1209 1182 iniu-

358 1213 416 1239 stae
438 1211 503 1237 sunt
525 1211 551 1236 et
573 1205 763 1237 inordinatae,
792 1210 905 1232 necesse
934 1205 991 1235 est,
1013 1209 1060 1230 eas
1081 1207 1209 1230 summae

359 1257 479 1286 iustitiae
501 1254 658 1292 displicere.
668 1252 791 1280 -Patet
806 1251 907 1288 igitur,
922 1249 996 1287 quod
1014 1252 1069 1277 tota
1084 1248 1209 1277 humana

357 1308 458 1333 natura
479 1305 613 1338 corrupta
631 1304 681 1334 est,
697 1308 750 1328 non
773 1298 865 1327 solum
881 1297 1044 1335 poenaliter,
1060 1296 1108 1325 sed
1125 1295 1208 1324 etiam

358 1350 543 1388 culpabiliter.
567 1348 642 1376 Patet
664 1345 862 1379 nihilominus,
884 1353 901 1373 a
921 1352 977 1381 quo
1005 1343 1090 1372 fuerit
1115 1350 1209 1372 corru-

357 1402 419 1436 pta,
441 1397 573 1434 quoniam
595 1404 611 1423 a
634 1394 724 1431 primo
753 1396 876 1430 parente.
899 1391 1024 1428 Qualiter
1045 1393 1140 1419 autem
1162 1389 1210 1418 illa

357 1445 440 1482 culpa
462 1443 570 1472 traduci
593 1441 709 1475 habeat,
726 1441 777 1469 lioc
792 1438 1027 1468 determinabitur
1043 1437 1115 1466 infra
1127 1436 1146 1464 2.
1163 1437 1210 1465 Ra-

358 1494 446 1521 tiones
469 1491 552 1528 igitur
574 1489 609 1518 ad
632 1489 751 1526 primani
775 1491 884 1525 partem
906 1485 1100 1515 concedendae
1122 1488 1195 1513 sunt.

443 1541 463 1567 l.
487 1538 524 1566 :td
548 1537 617 1566 illud
639 1544 705 1572 ergo
726 1534 801 1572 quod
819 1534 909 1571 primo
928 1533 1074 1566 obiicitur,
1089 1531 1163 1569 quod
1179 1530 1211 1568 fi-

361 1588 418 1615 titt-s
429 1594 488 1614 non
497 1583 627 1622 portabit
642 1582 824 1620 iniquitatem
836 1580 950 1618 patric,-
962 1579 1122 1614 dicendum,
1134 1578 1209 1616 quod

360 1634 429 1663 illud
453 1632 616 1669 intelligitur
639 1631 673 1659 de
694 1632 821 1667 peccato,
836 1636 892 1666 quo
907 1630 986 1665 pater
1002 1629 1097 1664 peccat
1112 1629 1143 1654 ut
1158 1625 1211 1654 sin-

359 1681 466 1718 gularis
488 1686 622 1716 persona,
645 1678 716 1706 sicut
739 1676 839 1705 melius
854 1674 1077 1704 manifestabitur
1099 1673 1210 1707 infra³;

360 1732 386 1757 et
409 1728 470 1756 ideo
493 1727 583 1754 lorum
607 1732 661 1753 non
685 1724 768 1752 babet
784 1723 810 1751 in
826 1721 1047 1759 transgressione
1062 1720 1210 1758 primaria,

360 1776 425 1813 quia
448 1774 493 1802 illa
516 1781 569 1801 non
593 1772 644 1801 fuit
665 1771 777 1800 omnino
799 1768 950 1807 singularis
972 1775 1116 1805 personae,
1138 1767 1211 1796 sicut

360 1822 543 1858 explanatum
565 1823 607 1848 θεῖ
629 1826 723 1855 supra.

439 1869 465 1896 ⁹2.
488 1867 525 1896 Ad
550 1866 619 1895 illud
641 1865 715 1902 quod
731 1863 879 1897 obiicitur,
892 1862 967 1899 quod
983 1862 1018 1890 ad
1035 1861 1139 1890 bonum
1156 1869 1209 1890 non

359 1915 516 1944 necessario
539 1912 719 1950 consequitur
741 1910 866 1944 malum;
888 1909 1055 1943 dicendum,
1070 1908 1145 1946 quod
1168 1916 1211 1937 ve—

360 1971 422 1991 rum
446 1965 488 1990 est
509 1969 558 1998 per
581 1968 609 1989 se
633 1959 779 1996 loquendo.
803 1957 879 1986 Unde
901 1956 936 1985 ad
959 1956 1071 1994 nuptias
1090 1964 1144 1984 non
1167 1963 1211 1984 ne-

359 2017 480 2039 cessario
502 2008 629 2045 sequitur
651 2006 759 2043 genitae
781 2004 868 2042 prolis
890 2004 1050 2040 corruptiO,
1072 2003 1099 2031 in
1125 2011 1210 2040 quan-

360 2061 418 2085 tum
441 2060 483 2085 est
505 2055 541 2084 ibi
565 2054 650 2083 maris
671 2057 699 2082 et
721 2052 839 2081 feminae
868 2050 1025 2080 coniunctio
1054 2050 1210 2085 naturalis,

359 2104 407 2133 sed
430 2103 456 2132 in
478 2106 615 2140 quantum
640 2100 677 2129 illi
698 2099 884 2129 coniunctioni
900 2098 1032 2127 adiuncta
1053 2101 1095 2126 est
1116 2105 1211 2126 corru-

359 2151 416 2188 ptio
440 2150 537 2179 vitiosa
559 2148 673 2178 seminis
694 2147 729 2175 ob
752 2149 896 2184 peccatum
920 2145 1002 2182 primi
1026 2145 1157 2182 parentis.
1181 2145 1212 2173 Et

359 2199 386 2226 sa·
408 2202 440 2226 tit
462 2197 602 2230 obiicias,
625 2195 696 2224 sicut
718 2193 812 2222 obiicit
834 2192 993 2221 haereticus
1005 2191 1032 2225 ⁴¹,
1048 2191 1122 2228 quod
1145 2200 1211 2229 qua—

361 2246 546 2281 litercumque
561 2245 696 2280 sequatur
713 2240 835 2273 malum,
850 2239 1037 2268 omittendum
1052 2242 1125 2268 esset
1139 2238 1210 2268 illud

361 2293 485 2324 bonuau
506 2290 673 2323 dicendum,
695 2288 769 2326 quod
793 2287 862 2316 illud
886 2295 939 2315 non
962 2290 1003 2315 est
1026 2293 1135 2319 verum,
1158 2286 1209 2315 nisi

360 2340 472 2378 quando
496 2338 601 2367 malum
624 2335 829 2374 praeponderat
850 2333 931 2363 bono.
954 2333 1031 2362 Nunc
1046 2336 1139 2362 autem
1157 2341 1211 2362 non

359 2391 400 2416 est
421 2388 476 2419 sic„
498 2386 564 2423 quia
586 2385 613 2412 in
635 2382 835 2420 generantibus
856 2389 909 2410 uon
933 2383 974 2409 est
996 2380 1054 2408 ulla
1069 2380 1167 2417 culpa;
1184 2381 1209 2409 in

424 2490 429 2503 ¹
449 2490 504 2511 (ion.
518 2489 538 2515 2,
558 2488 589 2510 16.
602 2493 662 2516 seq:
676 2486 839 2514 Praecepitquc
852 2485 873 2508 ei
884 2485 985 2508 dicens...
1000 2491 1027 2507 ne
1045 2484 1153 2508 comedas
1169 2488 1212 2507 etc.

360 2529 433 2557 Quom
453 2531 537 2550 textum
556 2529 661 2555 August,
681 2525 731 2548 Vlll.
750 2525 779 2547 de
797 2525 852 2547 Gen.
870 2524 899 2547 ad
926 2525 956 2546 lit.
975 2531 992 2546 c.
1018 2524 1052 2546 17.
1078 2530 1099 2546 n.
1118 2524 1154 2546 36.
1176 2530 1211 2546 eo·

360 2568 412 2591 uem
432 2574 499 2590 sensu
519 2568 691 2595 interpretatur,
709 2565 738 2587 de
756 2571 802 2594 quo
821 2564 874 2587 vide
891 2571 961 2592 supra
980 2564 1002 2587 d.
1017 2564 1076 2587 XXI.
1095 2565 1124 2586 lit.
1145 2564 1211 2592 Magi-

360 2609 411 2635 stri,
430 2614 448 2629 cv
468 2608 488 2629 8.
501 2619 532 2623 —
546 2607 576 2628 De
593 2604 720 2628 rationibus
738 2605 774 2627 liic
792 2605 915 2633 propositis
928 2604 967 2626 cfr.
986 2604 1094 2631 Anselm„
1112 2603 1141 2626 de
1153 2603 1212 2626 Con—

361 2650 427 2675 coptu
446 2647 529 2674 virgin.
548 2648 569 2668 ct
587 2646 644 2674 orig.
664 2651 726 2673 pecc.
746 2650 764 2666 c.
784 2645 804 2666 2.
823 2644 843 2666 Ε).
867 2644 899 2666 10.
919 2644 955 2665 23.
974 2650 1021 2672 seq.

424 2686 433 2699 *Ξ
451 2686 504 2708 Dist.
524 2685 560 2707 31Δ
579 2691 598 2707 a.
618 2685 637 2706 1.
657 2685 677 2706 2.

425 2724 434 2738 ³³
453 2724 505 2746 Dist.
525 2724 561 2746 33.
579 2730 598 2746 a.
622 2725 638 2745 l.
657 2730 678 2752 q.
701 2724 719 2745 1.

425 2762 434 2776 ⁴
451 2762 495 2784 etr.
515 2764 619 2790 August„
638 2762 666 2784 dc
684 2762 778 2783 Deccato
795 2761 853 2789 orig.
872 2766 890 2782 c.
913 2760 948 2782 33.
968 2767 988 2782 n.
1008 2760 1043 2782 38.
1062 2766 1123 2789 seq.;
1142 2760 1164 2781 ΙΙ.
1184 2759 1211 2781 de

363 2801 450 2828 Nuptiis
468 2805 489 2823 ct
507 2807 603 2829 concup.
622 2807 640 2823 c.
660 2801 696 2822 -21,
719 2807 783 2829 seqq.
796 2812 827 2816 —
840 2799 908 2822 Paulo
926 2800 1034 2827 superius
1056 2804 1097 2826 pro
1115 2797 1211 2821 seminis

365 2839 412 2861 Vnt.
431 2846 484 2861 cum
502 2840 554 2862 edd.
568 2841 589 2866 2,
608 2840 628 2867 3,
647 2840 667 2867 4,
680 2840 761 2868 paucis
778 2839 845 2861 codd.
865 2838 1056 2866 suffragantibus,
1071 2837 1097 2860 in
1109 2836 1211 2860 hown'nis

364 2877 455 2899 semine.

426 2916 435 2930 ⁵
452 2916 505 2944 (lap.
524 2918 564 2945 ⁴23,
589 2917 627 2939 ubi
645 2919 686 2941 nit:
711 2918 778 2946 Quod
802 2917 873 2940 Adam
898 2916 1044 2944 comedebat,
1070 2917 1113 2939 lioc
1130 2919 1210 2938 natura

364 2954 480 2982 exigebam
499 2957 560 2983 quia„
579 2959 603 2978 ut
620 2957 662 2978 lioc
679 2958 790 2984 exigeret,
808 2957 841 2979 sic
858 2959 931 2979 creata
950 2960 1005 2978 erat.
1024 2955 1091 2984 Quod
1109 2961 1164 2978 vero
1183 2955 1210 2977 de

364 2994 426 3021 ligno
444 2994 513 3014 vetito
531 2994 640 3022 comedit,
663 3001 707 3016 non
727 2996 769 3017 boc
792 2996 897 3018 voluntas
915 2995 1047 3023 nonnulis,
1073 2995 1113 3018 sed
1129 3000 1211 3024 perso-

1035 181 1287 211 SENTENTlARUM
1310 180 1368 209 LIB.
1391 181 1419 209 11.

1263 264 1394 296 generato
1416 266 1482 288 vero
1501 258 1602 288 melius
1616 262 1659 288 est
1673 259 1712 288 sic
1727 266 1788 288 esse
1803 267 1887 296 quam
1902 266 1957 287 non
1972 266 2041 293 esse,
2057 267 2112 287 ma-

1263 306 1339 335 xime
1360 314 1424 335 cum
1447 306 1631 335 subveniatur
1653 306 1676 335 ei
1702 313 1750 342 per
1772 306 1891 343 gratiam
1906 305 2110 343 baptismalem.

1343 353 1368 382 3.
1390 353 1429 382 Ad
1451 352 1521 381 illud
1542 352 1616 390 quod
1640 352 1783 387 obiicitur,
1809 352 1884 390 quod
1910 356 2043 390 corrupto
2064 353 2112 381 mi-

1264 406 1317 427 nus
1338 399 1422 428 nobili
1446 404 1473 428 et
1495 398 1717 433 transmutabili,
1739 406 1793 427 non
1816 399 2008 436 corrumpitur
2024 400 2112 436 magis

1264 446 1355 475 nobile
1376 450 1404 475 et
1424 450 1613 484 perpetuum3
1635 446 1802 481 dicendum,
1824 446 1896 484 quod
1921 446 1991 475 illud
2013 454 2113 475 verum

1264 496 1305 522 est
1326 496 1352 522 et
1375 493 1467 522 locum
1490 493 1588 528 babet,
1604 493 1717 530 quaudo
1733 493 1804 522 illud
1819 493 1895 531 quod
1910 496 1952 522 est
1967 494 2054 530 magis
2068 502 2114 523 no-

1265 540 1319 569 bile
1341 544 1368 569 et
1389 544 1574 578 perpetuum,
1598 548 1652 569 uon
1674 540 1813 577 dependet
1834 548 1851 569 a
1872 540 1965 569 minus
1986 540 2071 569 nobili
2087 544 2114 570 et

1265 588 1481 616 transmutabili.
1503 588 1560 616 Non
1583 588 1622 617 sic
1644 590 1737 616 autem
1760 590 1802 616 est
1823 587 1851 616 in
1872 587 2027 624 proposito,
2048 587 2115 625 quia

1265 638 1322 664 tota
1336 638 1437 664 natura
1449 636 1573 664 humana
1587 634 1763 672 dependebat
1778 643 1793 663 a
1808 642 1929 672 persona
1942 635 2015 664 Adae
2030 643 2115 672 quan-

1265 686 1323 711 tum
1347 682 1381 711 ad
1404 682 1591 711 existentiam.
1613 682 1690 711 Unde
1712 682 1734 711 si
1756 681 1840 710 Adam
1863 681 1961 711 fuisset
1977 685 2115 718 mortuus,

1267 733 1353 758 totum
1377 737 1465 766 genus
1487 729 1642 757 humanum
1665 732 1738 758 esset
1759 729 1785 757 in
1808 736 1840 757 eo
1861 733 2036 766 corruptum.

1345 776 1372 804 [ι.
1393 775 1433 804 Ad
1455 775 1524 804 illud
1548 775 1623 813 quod
1645 776 1791 810 obiicitur,
1813 775 1889 813 quod
1911 775 2017 804 malum
2040 776 2116 805 habi-

1267 826 1326 852 tum
1348 822 1491 860 praecedit
1518 822 1609 851 malus
1637 826 1734 856 actus;
1764 822 1931 857 dicendum,
1959 823 2035 860 quod
2064 823 2116 852 boc

1267 878 1366 899 verum
1388 874 1446 904 est;
1468 873 1663 898 verumtamen
1686 877 1722 898 ex
1748 869 1799 898 hoc
1823 878 1878 898 non
1899 872 2017 907 oportet,
2039 869 2116 907 quod

1267 917 1373 946 malum
1396 916 1529 945 habitum
1549 920 1678 945 naturae
1693 916 1842 954 praecedat
1857 916 1949 945 malus
1966 920 2051 945 actus
2065 926 2116 946 na-
2129 925 2224 946 somam

1268 968 1363 998 turae,
1376 963 1532 993 secundum
1549 963 1624 1001 quod
1640 967 1751 998 natura,
1763 963 1811 992 sed
1824 963 1935 998 sufficit,
1949 964 2024 1001 quod
2040 972 2118 1001 prae-

1267 1011 1347 1040 cedat
1369 1011 1460 1040 malus
1481 1014 1566 1039 actus
1585 1019 1742 1048 personae,
1764 1018 1815 1047 pro
1830 1018 1863 1039 eo
1878 1010 1953 1048 quod
1975 1014 2076 1040 natura
2091 1015 2118 1040 et

1267 1067 1386 1096 persona
1407 1062 1473 1088 sunt
1496 1058 1630 1092 indivisa;
1651 1062 1679 1087 et
1700 1058 1762 1087 ideo
1791 1058 1935 1095 corruptio
1962 1058 2118 1095 personalis

1266 1109 1357 1144 potest
1385 1105 1456 1135 effici
1485 1105 1637 1140 naturalis,
1667 1106 1739 1134 sicut
1766 1105 1887 1134 ostendit
1906 1105 2054 1134 Anselmus
2082 1105 2118 1135 de

1267 1153 1407 1191 Conceptu
1429 1152 1558 1190 virginali
1571 1152 1590 1181 ⁶.
1606 1169 1643 1173 —
1659 1152 1752 1181 Posset
1774 1156 1866 1181 tamen
1882 1152 1952 1187 dici,
1974 1152 2048 1190 quod
2064 1152 2116 1182 etsi
2129 1161 2194 1181 Aliter.

1268 1204 1369 1229 natura
1390 1200 1416 1229 in
1440 1208 1469 1229 se
1491 1208 1544 1228 non
1567 1199 1741 1237 peccaverit,
1763 1199 1888 1237 peccavit
1909 1202 2011 1234 tamen,
2033 1202 2118 1237 prout

1267 1251 1328 1276 erat
1348 1247 1377 1276 in
1398 1247 1504 1281 Adanu
1526 1247 1584 1285 ipse
1606 1247 1679 1276 enim
1703 1246 1789 1276 Adam
1818 1246 1959 1284 peccavit,
1985 1247 2012 1275 in
2035 1255 2119 1285 quan·
2141 1278 2144 1282 ,

1268 1298 1327 1324 tum
1349 1298 1410 1324 erat
1431 1294 1557 1323 omnium
1580 1294 1725 1323 hominum
1749 1294 1926 1332 principium.

1348 1343 1373 1371 5.
1395 1342 1435 1371 Ad
1458 1341 1527 1370 illud
1549 1341 1624 1379 quod
1646 1341 1794 1376 obiicitur,
1815 1341 1891 1378 quod
1907 1340 2018 1370 nullum
2040 1345 2118 1371 natu-

1268 1390 1326 1419 rale
1348 1392 1390 1419 est
1411 1389 1550 1427 culpabile
1562 1400 1570 1424 3
1591 1388 1757 1424 dicendum,
1780 1389 1865 1426 quod,
1888 1388 1960 1418 sicut
1981 1388 2047 1418 dicit
2068 1390 2119 1418 Au-

1268 1436 1437 1474 gustinus⁶,
1459 1435 1553 1465 differt
1574 1435 1667 1465 dicere
1688 1439 1831 1464 naturam
1851 1438 1878 1463 et
1892 1439 2036 1464 naturam
2058 1444 2119 1464 cor·
2132 1444 2223 1465 oisonem

1267 1488 1398 1522 ruptam.
1429 1484 1518 1512 Potest
1540 1483 1626 1520 igitur
1647 1483 1754 1521 aliquid
1777 1490 1837 1512 esse
1866 1483 2013 1518 naturale,
2041 1483 2117 1521 quod

1268 1531 1450 1569 consequitur
1471 1531 1561 1568 ipsam
1576 1534 1706 1559 naturam
1722 1529 1880 1559 secundum
1897 1530 2117 1565 institutionem,

1268 1582 1295 1608 et
1309 1578 1416 1616 aliquid
1431 1585 1493 1607 esse
1508 1577 1653 1611 naturale,
1668 1577 1744 1614 quod
1766 1577 1947 1614 consequitur
1969 1577 2058 1614 ipsam
2074 1585 2119 1606 na-

1268 1630 1361 1654 turam
1384 1624 1539 1654 secundun]
1563 1624 1789 1662 corruptionem.
1819 1623 1885 1653 Dico
1913 1624 2017 1661 igitur,
2043 1625 2117 1663 quod

1268 1673 1339 1702 illud
1360 1672 1436 1710 quod
1458 1675 1500 1701 est
1522 1671 1665 1706 naturale,
1687 1671 1762 1709 quod
1784 1671 1966 1709 consequitur
1987 1675 2118 1701 naturam

1268 1720 1423 1750 secundum
1447 1718 1675 1753 institutionem,
1697 1719 1775 1747 nullo
1798 1719 1881 1748 modo
1901 1723 1944 1748 est
1963 1719 2118 1757 culpabile3

1268 1767 1338 1796 illud
1368 1774 1434 1796 vero
1455 1766 1530 1804 quod
1552 1766 1591 1795 sic
1613 1769 1655 1795 θεῖ
1675 1766 1819 1800 naturale,
1841 1766 1916 1804 quod
1938 1767 2119 1804 consequitur

1268 1818 1399 1843 naturam
1422 1813 1578 1843 secundum
1601 1813 1830 1850 corruptionem,
1853 1813 1992 1851 culpabile
2013 1817 2055 1843 est
2063 1825 2070 1849 ;
2092 1818 2119 1843 et

1269 1861 1322 1890 tale
1344 1864 1386 1890 est
1406 1860 1550 1898 originale.
1573 1860 1604 1889 Et
1626 1860 1665 1889 sic
1685 1864 1762 1898 patet
1782 1860 1861 1889 illud.

1349 1909 1375 1937 6.
1397 1908 1435 1937 Ad
1457 1907 1528 1937 illud
1550 1908 1625 1945 quod
1640 1907 1787 1943 obiicitur,
1803 1907 1878 1946 quod
1893 1908 2005 1937 nullum
2028 1916 2120 1938 neces-

1269 1955 1375 1984 sarium
1405 1955 1596 1984 voluntarium
1622 1959 1682 1989 θεῖς
1708 1955 1875 1989 dicendum,
1897 1955 1973 1993 quod
1994 1955 2045 1984 etsi
2066 1955 2120 1985 hoc

1270 2006 1398 2041 respectu
1427 2002 1556 2031 eiusdem
1586 2002 1731 2031 veritatem
1761 2003 1848 2039 possit
1876 2002 1998 2038 habere,
2026 2006 2119 2032 tamen
2134 2013 2222 2033 soranam

1269 2054 1400 2088 respectu
1422 2050 1609 2078 diversorum
1630 2057 1685 2078 non
1707 2057 1820 2079 necesse
1842 2052 1899 2085 est,
1921 2049 1996 2087 quod
2019 2050 2120 2079 habeat

1270 2097 1423 2126 veritatem.
1446 2097 1525 2133 Quod
1548 2097 1622 2126 enim
1645 2097 1836 2126 necessarium
1851 2100 1893 2126 est
1907 2097 1972 2132 uni,
1995 2097 2120 2126 volunta-

1270 2145 1343 2174 rium
1366 2146 1457 2182 potest
1477 2152 1538 2173 esse
1559 2143 1660 2178 alteri;
1681 2147 1709 2172 et
1730 2143 1769 2172 sic
1791 2144 1876 2172 estin
1891 2143 2028 2181 originali,
2044 2143 2119 2181 quod

1269 2191 1400 2229 quidem,
1422 2190 1472 2220 etsi
1495 2190 1575 2219 nobis
1596 2190 1631 2219 sit
1652 2190 1856 2225 necessarium,
1872 2190 1945 2219 Adae
1960 2193 2053 2219 tamen
2068 2190 2121 2220 fuit

1270 2238 1481 2272 voluntantum
1503 2241 1530 2266 et
1552 2238 1658 2266 ratione
1672 2237 1749 2266 illius
1764 2237 1916 2266 voluntatis
1937 2237 2017 2266 uobis
2033 2238 2121 2275 impu-

1270 2289 1345 2314 tatur
1367 2286 1394 2314 in
1417 2288 1579 2322 peccatum,
1602 2284 1677 2314 unde
1703 2284 1837 2314 dicuntur
1866 2292 1963 2314 omnes
1990 2292 2120 2322 peccasse

1271 2334 1296 2362 in
1319 2333 1379 2370 ipso
1390 2333 1408 2361 ⁷.
1431 2332 1485 2361 Hoc
1506 2336 1599 2361 autem
1623 2332 1725 2361 melius
1746 2332 1926 2367 ostendetur,
1948 2339 2012 2361 cum
2035 2332 2120 2360 mani-

1270 2380 1432 2415 festabitur,
1454 2380 1574 2418 qualiter
1595 2379 1730 2417 originale
1752 2383 1897 2417 peccatum
1919 2379 2087 2408 traducitur.

1270 2484 1346 2513 aulis,
1366 2485 1410 2507 hoc
1432 2488 1466 2507 est
1483 2484 1589 2512 propria,
1607 2484 1669 2511 tecit;
1689 2482 1752 2512 quod
1776 2486 1851 2505 tamen
1870 2483 1917 2510 egit
1938 2487 2052 2512 persona,
2076 2487 2119 2504 non

1271 2525 1322 2547 fecit
1339 2525 1387 2546 sine
1404 2524 1502 2546 natura.
1526 2523 1632 2546 Persona
1649 2523 1710 2544 enim
1729 2525 1791 2550 erat,
1810 2521 1874 2550 quod
1897 2520 2017 2544 dicebatur
2034 2521 2119 2549 Adam;

1269 2564 1372 2590 natura,
1393 2562 1457 2591 quod
1469 2563 1550 2588 liomo;
1570 2562 1621 2584 tecit
1633 2562 1703 2589 igitur
1720 2566 1818 2589 persona
1832 2561 1983 2588 peccatricem
2002 2564 2119 2587 naturam,

1269 2603 1322 2631 quia
1340 2607 1394 2624 cum
1411 2601 1484 2624 Adam
1503 2601 1619 2629 peccavit,
1637 2600 1707 2622 homo
1731 2600 1842 2628 peccavit.
1860 2599 1980 2629 Siquidem
1998 2605 2042 2622 non
2067 2600 2119 2628 quia

1270 2642 1339 2663 bomo
1356 2644 1415 2669 erat,
1434 2642 1458 2662 ut
1474 2641 1570 2662 vetitum
1589 2641 1760 2667 praesumeret,
1779 2638 1892 2667 impulsus
1904 2642 1948 2666 est;
1967 2638 2008 2661 sed
2026 2639 2119 2667 propria

1270 2679 1397 2707 voluntate,
1416 2685 1485 2708 quain
1504 2685 1548 2701 non
1567 2678 1636 2706 exigit
1653 2679 1757 2706 natura,
1778 2677 1819 2700 scd
1834 2683 1937 2707 persona.
1956 2678 2073 2705 concepit,
2091 2680 2120 2699 at-

1270 2722 1354 2741 tractus
1377 2722 1417 2741 est.
1430 2730 1461 2734 —-
1474 2718 1542 2740 Paulo
1565 2718 1673 2746 superius
1690 2720 1743 2745 post
1761 2722 1880 2746 personae
1902 2716 1969 2739 codd.
1991 2716 2006 2738 F
2019 2717 2037 2739 Y
2050 2723 2076 2739 ee
2099 2719 2120 2739 et

1269 2759 1305 2780 alii
1323 2764 1376 2780 curn
1394 2757 1430 2780 ed.
1453 2758 1458 2779 l
1480 2758 1587 2780 omittunt
1603 2762 1656 2786 pro.
1674 2756 1744 2779 Paulo
1761 2757 1856 2779 inferius
1868 2759 1919 2785 post
1937 2755 1961 2779 in
1974 2755 2051 2779 Adam
2069 2756 2118 2778 Vat.

1269 2797 1374 2825 adiungit
1389 2798 1506 2826 peccante.

1331 2837 1341 2851 ὅ
1358 2836 1418 2859 Libr.
1437 2837 1451 2859 Ι.
1470 2837 1566 2859 Retract.
1585 2842 1604 2858 c.
1627 2836 1659 2859 10.
1679 2842 1700 2858 n.
1720 2836 1741 2858 3.
1763 2840 1785 2858 et
1802 2842 1821 2858 c.
1844 2835 1875 2857 15.
1895 2841 1915 2857 n.
1934 2835 1958 2863 6;
1984 2834 2013 2857 de
2035 2835 2116 2857 Natura

1269 2878 1291 2898 et
1309 2878 1391 2904 gratia,
1411 2882 1429 2898 c.
1448 2876 1469 2898 3.
1488 2882 1509 2897 n.
1528 2876 1552 2903 3;
1571 2875 1592 2897 ll.
1612 2875 1640 2897 de
1658 2874 1747 2903 Nuptiis
1764 2878 1785 2897 et
1802 2880 1899 2902 concup.
1918 2879 1937 2896 c.
1956 2874 1992 2895 21.
2006 2879 2027 2895 n.
2042 2873 2118 2895 36.—

1270 2915 1339 2937 Pnulo
1357 2915 1450 2937 inferius
1468 2920 1510 2943 pro
1528 2913 1697 2937 institutionem
1715 2913 1751 2936 ed.
1773 2913 1778 2935 t
1798 2912 1904 2942 primam
1921 2911 2117 2935 constitutionem.

1330 2954 1340 2969 ⁷
1358 2955 1423 2976 Rom.
1447 2954 1471 2981 5,
1499 2954 1537 2976 12:
1561 2954 1582 2975 ln
1602 2959 1648 2982 quo
1671 2959 1751 2975 omnes
1773 2955 1935 2980 peccaverunt.
1951 2963 1982 2967 —-
1999 2950 2043 2973 Cir.
2061 2951 2117 2973 infra

1270 2994 1291 3016 tl.
1311 2994 1347 3015 31.
1365 3000 1384 3015 ει.
1403 2994 1418 3015 l.
1438 2993 1458 3015 2.
1477 2992 1515 3015 ubi
1534 2992 1563 3014 ‹le
1576 2992 1646 3015 modo
1664 2992 1837 3020 propagationis
1850 2992 1936 3019 peccati
1953 2990 2078 3018 originalis.
