2243 3425
0 1400 60 1425 inm'o
74 1401 91 1419 1.

0 2059 59 2084 >pinio
72 2060 90 2078 ⁵2.

714 227 797 264 DlST.
818 227 910 256 XXVII
932 227 1004 255 ART.
1026 227 1044 255 1.
1066 227 1202 263 QUAEST.
1224 226 1253 255 ΙΙ.

108 308 248 339 remanet,
271 305 380 343 reliquo
403 306 565 340 recedente,
588 305 635 334 illa
653 309 718 334 sunt
740 314 790 343 per
809 305 957 334 essentiam

108 352 255 386 diversa13
278 352 325 381 sed
347 353 438 381 virtus
460 353 554 390 aliquo
577 353 659 381 modo
675 356 801 381 remanet
815 356 878 390 post
900 361 959 389 per-

107 400 292 437 petrationem
315 399 425 437 culpae,
442 400 532 437 gratia.
547 407 613 428 vero
629 403 740 436 gratum
763 400 866 429 faciens
881 400 959 429 nullo

108 446 202 475 modo:
218 454 285 483 ergo
300 450 351 475 etc.

188 495 213 522 6.
236 494 315 528 Item,
331 501 526 530 quaecumque
542 493 580 522 sic
595 501 624 522 se
640 493 756 527 liabent,
772 494 847 530 quod
870 502 958 522 unum

108 540 233 570 remanet
249 541 414 575 indivisum,
430 540 571 577 reliquum
588 548 655 569 vero
675 540 811 569 dividitur
825 544 852 569 et
867 540 960 568 multi-

107 588 240 625 plicatur,
256 588 302 616 illa
320 587 504 617 essentialiter
520 588 665 621 differunt;
684 588 732 617 sed
752 588 841 624 gratia
856 588 883 616 in
903 595 959 616 una

107 637 199 664 anima
221 639 263 664 est
284 643 356 667 una,
378 635 449 664 sicut
468 638 610 664 ostensum
634 638 675 663 est
697 634 819 671 snpra2,
840 634 959 663 virtutes

107 691 174 712 vero
190 683 307 717 multae,
323 683 394 711 sicut
409 682 573 711 ostendetur
588 682 671 716 infra,
686 685 713 710 et
728 681 874 719 Apostolus
893 681 959 710 dicit

106 731 214 768 primae
229 730 263 759 ad
279 730 436 758 Corinthios
451 729 559 758 decimo
575 729 670 758 tertio:
687 728 772 757 Nunc
787 732 885 757 stlitem
899 737 960 757 mct-

106 781 173 806 nent
188 776 279 816 fides,
293 785 358 814 spes
370 781 396 805 et
409 776 537 810 caritas,
554 776 614 805 tria
626 775 697 805 liaeo
713 779 776 805 eto:
792 783 905 805 necesse
917 780 959 805 est

107 825 208 862 igitur,
231 825 349 861 gratiam
371 827 397 852 et
420 824 539 853 virtutes
561 824 697 861 gratuitas
719 823 832 852 differre
847 831 898 860 per
920 831 960 852 es-

108 872 234 901 sentiam.

424 973 635 995 CONCLUSIO.

155 1060 262 1089 Gratia
275 1064 399 1097 qratiam
413 1058 527 1096 faciens
542 1059 661 1088 cltum-sa.
677 1063 717 1088 est
732 1068 751 1088 ct
768 1059 910 1088 uirtutum

201 1107 358 1141 habitibus,
374 1107 426 1145 qui
440 1115 502 1135 mm
514 1106 618 1144 qratia
633 1105 709 1143 simil
721 1106 859 1143 gratuiti.

185 1202 362 1230 RESPONnEo:
386 1201 425 1230 Ad
448 1200 656 1238 praedictorum
679 1200 889 1237 intelligentiam
913 1209 959 1229 no-

106 1249 223 1277 tandum
242 1252 296 1283 est,
319 1248 394 1285 quod
410 1248 484 1277 circa
503 1248 555 1276 hoc
574 1247 677 1276 diversi
693 1247 882 1276 diversimode
901 1255 959 1276 sen-

107 1299 212 1325 serunt.

186 1343 305 1380 Quidam
321 1343 395 1371 enim
408 1342 501 1371 dicere
516 1342 680 1377 voluerunt,
696 1342 771 1380 quod
785 1343 874 1379 gratia
888 1342 957 1371 nihil

106 1391 183 1419 aliud
199 1394 241 1419 est
259 1398 343 1428 quam
360 1390 458 1418 virtus.
481 1390 683 1419 Intellexerunt
698 1390 784 1424 enim,
808 1389 883 1427 quod
899 1398 959 1427 gra-

107 1438 143 1466 tia
158 1446 212 1465 non
228 1440 269 1466 est
284 1437 360 1465 aliud
377 1444 462 1474 quam
478 1436 615 1474 quaedam
630 1436 791 1465 rectificatio
802 1437 811 1451 ³
826 1437 959 1473 potentia-

106 1493 170 1514 rum
185 1485 294 1513 animae
309 1487 439 1522 respectu
454 1484 528 1518 eius,
543 1484 578 1512 ad
594 1484 668 1521 quod
685 1487 758 1513 sunt.
775 1484 848 1513 Hanc
862 1487 957 1513 autem

106 1531 349 1563 rectificationem,
370 1531 435 1568 quia
451 1538 538 1568 supra
560 1534 690 1559 naturam
713 1534 770 1565 est,
791 1539 845 1559 non
867 1534 958 1567 potest

105 1579 196 1608 facere
218 1578 270 1607 nisi
294 1578 375 1607 Deus.
393 1578 423 1606 Et
444 1578 576 1615 quoniam
597 1578 680 1606 talem
702 1577 897 1606 rectitudinem
921 1578 958 1606 fa-

106 1625 203 1655 ciendo
219 1626 245 1654 in
262 1625 354 1654 anima
376 1625 424 1654 dat
438 1625 557 1654 virtutes
579 1625 646 1662 ipsis
661 1625 803 1662 potentiis,
826 1627 857 1653 ut
876 1625 958 1653 ratio-

106 1673 161 1702 nali
176 1673 274 1707 fidem,
290 1672 497 1710 concupiscibili
514 1673 658 1701 caritatem
674 1675 701 1701 et
716 1670 848 1701 irascibili
864 1680 956 1709 spem3

106 1721 168 1750 ideo
183 1720 330 1754 dixerunt,
346 1720 463 1757 gratiam
480 1723 602 1748 creatam
619 1719 687 1747 nihil
702 1719 780 1748 aliud
795 1727 855 1748 esse
871 1727 955 1756 quam

105 1768 238 1797 virtutem
261 1767 428 1804 gratuitam,
453 1767 567 1795 differre
589 1770 683 1795 autem
709 1767 767 1795 sola
791 1767 897 1795 ratione
920 1767 958 1795 di-

105 1815 194 1850 cendi,
210 1814 275 1852 quia
287 1814 391 1852 pratia
406 1814 518 1848 dicitur,
534 1814 561 1842 in
577 1817 714 1851 quantum
727 1814 802 1843 Deus
815 1822 864 1851 per
880 1814 955 1842 illam

105 1862 301 1892 rectitudinem
313 1862 434 1891 animam
447 1865 572 1899 acceptat
583 1865 610 1890 et
618 1862 763 1898 approbat,
774 1862 869 1890 virtus
881 1870 956 1897 vero,

104 1911 132 1940 in
144 1914 281 1948 quantum
296 1910 398 1945 anima,
410 1910 448 1939 sic
464 1909 624 1943 rectificata‚
639 1909 723 1937 habet
738 1909 816 1938 exire
828 1909 856 1937 in
872 1917 958 1946 opera

105 1958 195 1987 ardua
210 1961 237 1986 et
252 1957 413 1986 laudabilia.

184 2005 232 2033 Alii
249 2012 316 2033 vero
329 2004 476 2037 dixerunt,
492 2004 567 2041 quod
583 2004 672 2041 gratia
687 2007 713 2032 et
729 2004 820 2032 virtus
835 2004 957 2041 gratuita

106 2052 290 2082 essentialiter
310 2051 443 2080 differunt
464 2051 555 2080 sicut⁴
574 2051 743 2088 principium
762 2054 789 2080 et
810 2051 958 2088 principia-

106 2102 179 2134 tum,
195 2102 222 2127 et
237 2099 309 2128 sicut
324 2099 479 2127 substantia
494 2102 521 2127 et
536 2099 635 2127 virtus.
655 2098 730 2127 Sicut
745 2098 818 2127 enim
834 2098 957 2135 potentia

105 2147 215 2175 animae
229 2155 284 2175 non
299 2149 340 2175 est
355 2146 415 2183 ipsa
433 2145 542 2175 animae
558 2146 690 2180 essentia,
705 2145 754 2174 sed
777 2146 870 2183 potius
885 2153 958 2174 ema-

105 2196 152 2222 nat
166 2197 193 2223 et
207 2194 334 2231 procedit
348 2194 383 2222 ab
399 2193 459 2226 illa;
475 2193 513 2222 sic
529 2194 632 2227 virtus,
652 2201 724 2230 quae
740 2192 848 2230 perficit
864 2196 957 2230 poten-

106 2242 184 2276 tiam,
197 2249 251 2269 non
263 2245 304 2270 est
316 2241 376 2278 ipsa
388 2241 489 2278 gratia,
502 2248 573 2278 quae
585 2240 694 2277 perficit
705 2240 815 2269 animae
830 2240 957 2269 substan-

106 2288 185 2323 tiam,
208 2289 255 2317 sed
278 2289 371 2325 potius
393 2288 499 2325 aliquid
515 2288 663 2325 egrediens
678 2288 713 2316 ab
729 2287 801 2325 ipsa,
824 2290 868 2321 ut,
884 2287 957 2316 sicut

104 2335 197 2364 anima
212 2339 254 2364 est
268 2335 409 2372 quoddam
424 2338 515 2363 totum
527 2334 696 2372 potentiale,
713 2334 751 2363 sic
767 2334 849 2363 etiam
868 2333 956 2371 gratia

104 2383 139 2411 sit
154 2382 295 2419 quoddam
313 2386 404 2410 totum
419 2382 575 2419 potentiale
585 2383 603 2410 ³.
620 2382 664 2411 Est
679 2382 753 2410 enim
775 2390 838 2410 iona
861 2389 957 2410 secun-

105 2430 173 2459 dum
189 2437 227 2463 se,
239 2429 304 2458 etin
317 2432 454 2466 quantum
471 2429 584 2466 respicit
600 2429 689 2466 ipsam
705 2429 814 2457 animae
830 2428 958 2457 substan-

105 2477 184 2511 tiam;
200 2480 242 2505 est
256 2480 349 2505 tamen
365 2476 448 2513 orz'qo
456 2476 607 2513 plui-zion,
623 2476 650 2504 in
666 2479 803 2513 quantum
820 2475 911 2503 influit
928 2475 956 2503 in

105 2524 179 2561 ipsas
194 2523 340 2561 potentias.
357 2523 433 2552 Unde
448 2523 556 2557 dicunt,
575 2523 636 2551 illas
651 2523 770 2551 virtutes
785 2530 839 2550 non
855 2521 957 2550 solum-

1811 228 1866 255 657

1017 305 1100 334 modo
1116 305 1242 340 differre,
1257 306 1284 334 in
1296 309 1434 343 quantum
1450 309 1515 335 sunt
1528 305 1663 339 virtutes,
1679 306 1728 335 sed
1741 306 1823 335 etiam
1840 306 1866 334 in

1016 356 1154 389 quantum
1167 353 1334 390 marmiae,
1350 357 1381 382 ut
1396 354 1431 382 sit
1446 353 1500 382 alia
1515 354 1604 390 gratia
1619 353 1758 390 specialis,
1774 362 1790 382 a
1812 362 1867 391 qua

1015 399 1087 437 fides
1109 400 1212 429 dicitur
1235 401 1369 437 gratuita,
1392 401 1459 435 alia,
1481 410 1497 429 a
1519 410 1575 438 qua
1596 410 1674 438 spes,
1690 401 1758 436 alia,
1781 410 1797 430 a
1812 410 1867 439 qua

1016 447 1131 475 caricas
1146 447 1268 483 gratuita
1283 452 1471 485 nuncupatur.

1097 494 1242 530 Quaelibet
1256 498 1350 523 autem
1363 495 1465 524 harum
1478 496 1661 533 positionum,
1677 496 1727 525 etsi
1739 497 1867 534 probabi·
1880 499 1971 547 ffiffiffin
1985 499 2009 519 de

1017 540 1121 569 litatem
1145 541 1258 575 habeat,
1281 541 1464 571 nihilominus
1488 546 1594 578 tamen,
1617 544 1639 572 si
1662 544 1725 581 quis
1750 543 1867 573 interius

1016 587 1140 624 aspiciat,
1153 587 1266 621 videbit,
1282 588 1376 625 aliquo
1392 589 1474 618 modo
1486 593 1636 627 utramque
1648 599 1664 619 a
1677 592 1801 621 veritatis
1816 595 1868 621 tra-

1017 634 1083 662 mite
1106 634 1254 663 declinare.
1267 635 1383 664 —Nam
1407 636 1511 673 prima,
1533 646 1605 674 quae
1620 638 1698 672 dicit,
1718 639 1793 676 quod
1809 647 1868 676 gra·
1881 647 1998 695 fflffibfftur

1926 678 1932 690 l
1971 686 1975 690 .

1017 681 1054 709 tia
1076 681 1145 709 nihil
1161 681 1238 710 aliud
1257 685 1299 710 est
1314 690 1398 719 quam
1418 684 1530 712 virtutis
1547 684 1671 719 habitus,
1691 693 1803 715 necesse
1823 687 1868 715 ha-

1016 728 1063 756 bet
1078 728 1184 762 dicere,
1200 731 1248 756 aut
1263 729 1338 765 quod
1361 737 1458 758 onmes
1473 730 1596 759 virtutes
1616 732 1670 760 sint
1685 740 1741 761 una
1763 733 1866 768 virtus,

1016 779 1065 803 aut
1080 775 1155 812 quod
1172 775 1198 803 in
1214 784 1271 803 uno
1286 776 1399 805 homine
1418 776 1472 805 sint
1487 777 1596 806 multae
1612 779 1732 815 gratiae
1744 784 1865 817 gyratam

1015 821 1165 859 facientes.
1175 823 1300 859 Quorum
1314 826 1469 861 utrumque
1481 828 1523 853 est
1534 825 1728 862 improbabile,
1740 831 1767 855 et
1778 836 1866 856 unum

1016 872 1058 897 est
1074 869 1263 906 improbatum
1279 871 1392 907 51111105,
1407 874 1434 899 et
1448 871 1526 900 aliud
1539 876 1580 901 est
1595 872 1661 901 satis
1674 873 1867 910 improbabile,

1016 916 1146 945 videlicet
1161 917 1237 954 quod
1259 925 1356 946 omnes
1372 918 1491 947 virtutes
1510 920 1564 948 sint
1579 928 1636 948 una
1651 920 1756 954 virtus,
1779 925 1805 950 et
1821 921 1869 950 im-

1016 963 1183 1000 probabitur
1198 972 1249 993 suo
1269 965 1336 993 loco.
1354 965 1470 995 Necesse
1486 967 1568 995 etiam
1592 967 1676 996 habet
1692 967 1798 1002 dicere,
1820 971 1868 997 aut

1016 1011 1092 1048 quod
1115 1011 1204 1048 gratia
1219 1015 1331 1048 gratum
1354 1012 1457 1042 faciens
1476 1021 1530 1042 non
1546 1014 1667 1043 totaliter
1691 1014 1797 1043 tollitur
1819 1023 1869 1052 per

1017 1058 1142 1095 culpam,
1158 1062 1207 1087 aut
1219 1059 1293 1096 quod
1306 1063 1368 1096 post
1383 1064 1528 1097 peccatum
1545 1061 1614 1089 nihil
1630 1065 1755 1091 remanet
1767 1062 1801 1091 de
1816 1062 1869 1091 vir-

1016 1109 1075 1134 tute
1090 1105 1192 1142 aliqua.
1210 1106 1240 1134 Et
1255 1106 1380 1143 primum
1400 1107 1502 1136 horum
1518 1111 1560 1137 est
1578 1112 1675 1137 contra
1690 1117 1869 1138 communem

1017 1152 1163 1181 doctorum
1184 1154 1364 1187 sententiam,
1380 1155 1536 1183 secundum
1554 1163 1620 1184 vero
1639 1159 1681 1185 est
1696 1160 1790 1185 contra
1808 1165 1869 1186 sen-

1016 1200 1125 1229 sibilem
1139 1201 1350 1238 experientiam.
1364 1201 1427 1230 [deo
1443 1202 1544 1231 modus
1556 1203 1606 1232 iste
1621 1203 1730 1233 dicendi
1743 1212 1797 1233 non
1814 1213 1869 1233 mo-

1016 1248 1107 1276 dicam
1123 1248 1208 1277 habet
1223 1249 1401 1277 calumniam.
1414 1267 1452 1270 —
1468 1250 1543 1279 Alius
1561 1251 1645 1280 etiam
1660 1260 1676 1280 a
1692 1253 1808 1282 veritate
1823 1253 1868 1282 de·
1880 1261 1925 1297 noem
1938 1261 2002 1285 opinio

1016 1295 1093 1324 viare
1109 1295 1229 1324 videtur.
1246 1296 1370 1325 Primum
1388 1297 1413 1325 in
1430 1304 1475 1332 eo,
1492 1298 1567 1335 quod
1582 1299 1671 1335 ponit,
1687 1299 1763 1336 quod
1778 1300 1867 1336 gratia
1892 1297 1909 1303 ”“

1015 1343 1107 1380 primo
1125 1343 1228 1372 existat
1252 1344 1276 1371 in
1293 1343 1448 1373 substanLIa
1467 1348 1493 1374 et
1515 1347 1693 1382 postmodum
1720 1348 1818 1377 inssuat
1839 1349 1866 1378 in

1016 1390 1165 1427 potentias3
1182 1390 1234 1419 hoc
1249 1391 1322 1419 enim
1339 1391 1528 1428 improbatum
1545 1396 1587 1422 est
1601 1401 1688 1430 supra
1699 1395 1717 1422 ⁷.
1739 1395 1867 1425 Secundo

1016 1444 1083 1465 vero
1099 1437 1125 1465 in
1141 1445 1185 1467 eo.
1205 1438 1279 1474 quod
1296 1438 1386 1474 ponit,
1403 1438 1428 1467 in
1444 1447 1501 1467 uno
1516 1443 1543 1468 et
1565 1440 1662 1469 eodem
1680 1441 1791 1470 bomine
1806 1450 1867 1471 esse

1015 1484 1142 1512 diversas
1165 1484 1270 1521 gratias
1292 1489 1402 1521 gratum
1426 1486 1571 1520 facientes,
1593 1490 1619 1516 et
1641 1487 1694 1517 hoc
1713 1489 1805 1525 ipsum
1824 1498 1868 1518 su-

1015 1532 1086 1568 praS
1108 1532 1297 1568 improbatum
1321 1536 1371 1561 est.
1388 1533 1463 1562 Unus
1479 1534 1551 1562 enim
1575 1538 1617 1563 est
1632 1535 1729 1570 decor,
1752 1537 1799 1573 qui
1822 1537 1867 1565 da-

1014 1583 1061 1607 tur
1075 1577 1166 1615 faciei
1177 1579 1306 1612 arumde,
1321 1588 1357 1608 ex
1373 1589 1429 1617 quo
1444 1589 1498 1609 non
1514 1581 1605 1610 solum
1622 1583 1679 1620 ipsa
1696 1587 1866 1620 acceptatur,

1015 1626 1100 1654 immo
1115 1626 1197 1654 etiam
1214 1626 1327 1655 habitus
1342 1631 1369 1655 et
1384 1636 1476 1664 opera.

1095 1673 1125 1701 Et
1150 1673 1212 1702 ideo
1227 1677 1268 1702 est
1284 1675 1383 1703 tertius
1407 1675 1509 1704 modus
1524 1676 1647 1711 dicendi,
1673 1678 1748 1714 quod
1774 1687 1869 1716 quem·
1881 1685 1949 1708 Opinio
1963 1685 1980 1703 ³·

1014 1721 1183 1755 admodum,
1216 1729 1279 1750 cum
1303 1721 1365 1750 dico
1393 1722 1491 1751 lmnen
1514 1726 1541 1752 et
1563 1723 1687 1753 colorem
1720 1725 1868 1755 illumina-

1015 1771 1094 1802 tum,
1110 1767 1172 1796 dico
1194 1768 1277 1797 aliam
1294 1772 1320 1797 et
1340 1769 1423 1797 aliam
1440 1770 1576 1805 formam,
1592 1770 1656 1800 licet
1671 1780 1727 1800 una
1742 1773 1777 1801 sit
1795 1773 1869 1802 ordi-

1015 1818 1080 1843 nata
1094 1815 1129 1843 ad
1148 1815 1231 1843 aliam
1239 1819 1250 1849 ‚'
1260 1819 1287 1844 et
1302 1816 1425 1853 quodam
1440 1817 1524 1845 modo
1539 1817 1626 1846 altera
1642 1819 1817 1856 compleatur
1832 1828 1865 1849 ex

1015 1862 1131 1890 alterins
1150 1862 1321 1899 praesentim
1337 1863 1465 1892 similiter
1482 1864 1694 1902 intelligendum
1710 1870 1751 1895 est
1763 1867 1797 1895 de
1809 1875 1868 1904 gra-

1015 1909 1053 1937 tia
1072 1912 1099 1938 et
1115 1910 1218 1938 virtute
1238 1910 1368 1946 gratuita.
1391 1911 1634 1947 Quemadmodum
1659 1914 1732 1941 enim
1761 1925 1774 1939 «
1793 1914 1868 1943 color

1015 1957 1135 1994 qualitas
1160 1960 1202 1986 est
1226 1958 1352 1994 corporis
1374 1958 1514 1987 terminati
1528 1959 1537 1973 ⁹
1556 1971 1583 1993 »,
1609 1968 1680 1997 quae
1703 1969 1719 1989 a
1740 1970 1868 1998 praesen-

1015 2004 1052 2032 tia
1068 2004 1182 2033 luminis
1198 2004 1297 2033 influxi
1320 2009 1487 2034 venustatur
1502 2009 1529 2034 et
1544 2007 1714 2044 completur,
1730 2012 1761 2037 ut
1783 2009 1868 2046 possit

1016 2059 1128 2080 movere
1148 2052 1253 2085 visum;
1276 2052 1315 2081 sic
1328 2052 1436 2087 virtus,
1456 2061 1528 2090 quae
1542 2057 1584 2082 est
1605 2054 1760 2084 habilitatio
1776 2059 1868 2093 poten·
1881 2060 1979 2079 Conclusio
1992 2060 2008 2078 ¹-

1014 2099 1081 2133 tiae,
1097 2099 1203 2136 absque
1218 2100 1307 2136 gratia
1322 2103 1433 2137 gratum
1450 2100 1566 2130 faciente
1582 2102 1709 2131 informis
1724 2106 1777 2137 est,
1796 2103 1868 2132 sicut

1015 2146 1091 2175 color
1116 2146 1175 2175 sine
1198 2146 1319 2179 lumine;
1342 2147 1390 2176 sed
1414 2155 1446 2176 ea
1467 2148 1647 2183 adveniente,
1673 2157 1709 2177 ex
1731 2158 1787 2186 qua
1812 2153 1868 2178 tota

1014 2193 1107 2222 anima
1123 2194 1148 2221 in
1165 2201 1195 2222 se
1213 2197 1240 2223 et
1256 2194 1282 2222 in
1301 2194 1360 2223 suis
1375 2195 1505 2231 potentiis
1520 2195 1679 2229 decoratur,
1693 2195 1827 2233 formari
1840 2201 1867 2226 et

1013 2240 1165 2277 vivificari
1181 2241 1314 2270 dicuntur
1331 2241 1443 2270 babitus
1464 2242 1601 2271 virtutum
1619 2246 1645 2271 et
1660 2242 1731 2272 effici
1747 2243 1803 2272 Deo
1825 2252 1867 2273 ac-

1014 2289 1085 2325 cepti
1099 2288 1125 2316 ¹⁰.
1142 2289 1173 2319 Et
1188 2289 1427 2325 quemadmodum
1444 2297 1480 2318 ex
1497 2290 1602 2318 lumine
1618 2290 1710 2319 infuso
1733 2293 1759 2319 et
1774 2291 1866 2320 colore

1014 2343 1069 2363 non
1084 2334 1115 2363 fit
1130 2343 1218 2363 unum
1236 2343 1285 2371 per
1300 2335 1463 2369 essentimn,
1482 2336 1530 2365 sed
1546 2344 1597 2373 per
1615 2337 1747 2365 ordinem
1753 2348 1763 2370 ,·
1778 2341 1804 2365 et.
1820 2338 1866 2366 ite-

1014 2389 1092 2415 rum,
1108 2381 1216 2416 lumen,
1233 2382 1259 2409 in
1272 2386 1408 2419 quantum
1422 2382 1560 2411 illuminat
1575 2385 1668 2412 aerem
1685 2384 1864 2413 coniunctum

1014 2428 1124 2465 corpori
1148 2428 1305 2463 terminato,
1327 2432 1354 2457 et
1373 2429 1399 2457 in
1419 2432 1555 2466 quantum
1572 2430 1693 2459 colorem
1711 2431 1804 2460 reddit
1826 2431 1866 2460 lu-

1014 2475 1168 2509 minosum,
1183 2483 1237 2503 non
1260 2479 1302 2504 est
1323 2476 1400 2505 aliud
1422 2480 1449 2505 et
1463 2477 1540 2505 aliud
1562 2485 1613 2514 per
1628 2478 1793 2512 essentianz,
1816 2479 1863 2508 sed

1013 2521 1076 2550 sola
1088 2522 1308 2558 commeratione
1319 2523 1450 2552 differens
1463 2527 1489 2552 et
1501 2524 1657 2553 secundum
1672 2533 1744 2559 essm
1755 2529 1782 2554 et
1793 2526 1865 2555 sicut

168 2647 175 2661 1
193 2648 295 2675 Ariston,
315 2647 359 2669 Vll.
378 2647 458 2675 Topic.
477 2653 495 2669 c.
518 2647 541 2668 l:
564 2647 586 2668 Si
608 2649 683 2674 potest
700 2646 797 2668 alterum
820 2647 868 2668 sine
886 2646 956 2668 altero

105 2692 165 2715 esse,
184 2693 228 2708 non
246 2688 308 2709 enim
325 2687 367 2709 erit
384 2686 445 2709 idem
463 2686 493 2709 ad
511 2686 572 2709 idem
592 2683 632 2714 [οὗ
650 2682 693 2716 γὰρ
706 2681 732 2707 ἂν
751 2683 783 2714 ε’ίη
802 2682 885 2707 ταῦτὸν
903 2686 916 2707 1.
935 2692 954 2708 0.

105 2731 150 2748 11011
167 2726 228 2748 enirn
246 2726 288 2748 erit
305 2725 390 2754 idem].

167 2764 177 2779 ²
195 2765 286 2793 Quaest.
305 2764 411 2793 praeced.
423 2776 455 2781 -
467 2765 499 2786 De
514 2764 645 2787 diversitate
658 2765 769 2786 virtutum
782 2763 836 2786 vide
849 2764 881 2786 lll.
894 2763 954 2786 Seni.

106 2804 127 2826 d.
145 2804 181 2826 33.
200 2810 241 2832 per
259 2807 336 2826 totam.
348 2816 380 2820 —
392 2804 478 2827 Textus
495 2805 596 2832 Apostoli
615 2806 649 2826 est
666 2804 708 2826 100.
727 2805 763 2826 cit.
782 2810 804 2826 v.
827 2803 860 2825 13.

165 2842 175 2858 3
192 2843 264 2866 Codd.
282 2843 300 2865 U
314 2843 332 2865 V
345 2849 371 2865 cc
388 2846 409 2866 et
426 2843 462 2865 ed.
485 2843 490 2865 1
511 2842 635 2867 rectitudo.

167 2882 176 2897 ⁴
194 2882 249 2905 Cod.
268 2889 294 2905 aa
312 2882 432 2911 subiungit
449 2882 570 2912 differunt.

167 2921 176 2936 ⁵
193 2921 237 2944 Csr.
255 2928 325 2949 supra
343 2928 396 2950 pag.
415 2922 467 2950 600,
486 2926 538 2945 nota
560 2923 577 2944 1.
589 2934 621 2938 -
638 2922 688 2944 Mox
705 2925 757 2950 post
778 2921 909 2945 secundam
931 2927 956 2945 se

105 2960 155 2984 Vat.
173 2967 227 2983 cum
245 2961 297 2983 edd.
315 2961 340 2989 3,
359 2960 372 2982 t
390 2962 412 2983 et
428 2961 544 2990 aliquibus
561 2961 628 2984 codd.
647 2962 729 2984 omittit
745 2962 773 2984 et.

167 2999 176 3014 ⁶
194 3000 285 3028 Quaest.
307 3000 324 3022 l.
338 3012 368 3016 ——
386 3000 452 3028 Quod
470 3006 551 3023 omnes
568 3001 665 3023 virtutes
682 3007 727 3022 non
745 3001 790 3022 sint
807 3006 850 3023 una
869 3001 953 3029 virtus,

105 3039 232 3062 ostenditur
250 3040 282 3062 lll.
301 3040 361 3062 Seni.
380 3040 402 3062 d.
421 3040 457 3062 33.
475 3047 496 3069 q.
516 3041 537 3062 2.
555 3039 611 3062 lbid.
625 3040 646 3063 d.
666 3040 702 3062 31.
720 3047 740 3062 a.
758 3041 774 3062 1.
793 3047 815 3069 q.
839 3041 854 3062 Ι.
871 3040 955 3068 proba-

232 3090 256 3114 S.
273 3091 362 3114 Βοηαυ.
379 3103 411 3108 —-
428 3091 494 3113 Tom.
514 3092 536 3114 11.

1013 2649 1050 2668 tur
1067 2646 1147 2673 etiam,
1167 2645 1230 2674 quod
1248 2647 1329 2668 caritas
1352 2647 1422 2668 semel
1441 2646 1517 2669 habita
1539 2643 1610 2676 poss'it
1628 2649 1711 2677 amitti3
1734 2649 1795 2672 idem
1813 2657 1864 2679 pro-

1013 2684 1081 2707 batur
1098 2685 1126 2707 de
1144 2686 1216 2713 gratia
1234 2691 1304 2713 supra
1322 2685 1343 2708 d.
1363 2686 1399 2708 26.
1418 2693 1439 2715 q.
1458 2685 1479 2708 4.

1076 2724 1085 2739 ⁷
1102 2724 1157 2746 Disi.
1176 2725 1212 2746 26.
1231 2731 1252 2753 q.
1271 2724 1292 2746 5.
1305 2738 1336 2740 -
1352 2725 1422 2747 Paulo
1439 2727 1547 2754 superins
1565 2733 1607 2754 pro
1625 2727 1717 2751 videtur
1734 2729 1785 2752 Vat.
1809 2735 1862 2752 cum

1013 2763 1066 2786 edd.
1085 2764 1110 2791 3,
1130 2763 1141 2785 »l
1159 2762 1254 2786 [Iicitur.

1076 2801 1085 2816 Β
1103 2803 1194 2830 Quaest.
1216 2803 1234 2825 1.
1246 2815 1278 2819 -
1294 2803 1344 2825 Mox
1362 2807 1414 2831 post
1430 2803 1524 2827 habitus
1542 2805 1600 2833 Vat.,
1613 2811 1666 2828 cum
1684 2806 1737 2829 edd.
1756 2807 1777 2835 3,
1796 2807 1809 2829 4
1822 2814 1863 2830 nec

1013 2848 1058 2864 non
1076 2842 1145 2870 aliqui
1163 2842 1231 2864 codd.
1248 2842 1373 2865 subiiciunt
1390 2843 1447 2866 elus.
1465 2843 1568 2867 Subinde
1590 2848 1641 2873 post
1657 2844 1750 2869 dicendi
1764 2847 1815 2869 cod.
1837 2854 1862 2870 aa

1013 2883 1076 2905 addit
1092 2881 1182 2904 melior.

1076 2921 1085 2936 ‘³
1102 2921 1236 2944 Secundum
1254 2922 1407 2950 Aristotelem
1425 2923 1465 2945 cfr.
1483 2929 1553 2951 snpra
1572 2930 1624 2952 pag.
1644 2924 1700 2953 320,
1718 2928 1770 2948 nota
1789 2925 1810 2948 5.

1077 2959 1096 2974 ¹⁰
1112 2960 1156 2982 Csr.
1176 2960 1206 2982 lll.
1225 2960 1286 2982 sent.
1305 2960 1326 2982 d.
1345 2961 1381 2983 23.
1395 2967 1414 2983 a.
1437 2962 1458 2983 2.
1482 2968 1503 2990 q.
1522 2962 1545 2990 5;
1565 2962 1586 2985 d.
1608 2963 1645 2986 27.
1663 2970 1685 2992 q.
1705 2964 1724 2986 l.
1742 2966 1764 2986 et
1782 2964 1803 2986 4.
1822 2971 1863 2987 nec

1013 3005 1058 3022 non
1072 2999 1093 3022 d.
1112 3000 1147 3021 36.
1167 3005 1188 3028 q.
1201 2999 1222 3021 6.
1234 3011 1265 3016 --
1277 2999 1327 3022 Mox
1340 3006 1381 3028 pro
1393 3000 1472 3024 [zerem
1486 3008 1530 3023 non
1546 3003 1614 3030 pauci
1632 3003 1711 3032 codd,
1730 3004 1788 3027 inter
1805 3011 1864 3033 quos

1013 3038 1028 3060 F
1040 3038 1059 3060 K
1071 3039 1089 3061 T
1103 3045 1128 3061 cc
1140 3046 1178 3067 ee,
1196 3044 1249 3061 cum
1267 3039 1319 3062 edd.
1343 3040 1359 3068 1,
1379 3041 1403 3068 2,
1423 3040 1435 3062 3
1453 3040 1526 3069 aera,-
1543 3041 1616 3063 forma
1634 3042 1727 3065 Graeca.

1707 3093 1735 3115 83
