2243 3425
716 236 796 264 DlST.
820 236 896 264 XXX.
918 236 990 265 ART.

191 313 214 341 3.
239 313 320 344 Item,
343 313 394 341 hoe
416 313 527 342 videtur
549 314 713 342 auctoritate
736 313 957 351 Evangeliorum,

114 360 241 388 Matthaei
263 359 371 388 decimo
392 360 489 396 quinto
503 360 528 388 ¹:
555 360 643 388 Omne
664 360 741 397 quod
755 360 786 387 iit
801 369 832 388 os
854 361 957 394 intrat,

114 406 145 434 in
165 410 293 434 ventreiiz
309 406 391 435 vadit
405 411 431 434 et
445 406 476 434 111
491 415 634 435 secessum
649 407 806 435 emittitur:
823 414 888 443 ergo
904 415 957 435 non

112 453 238 487 videtur,
260 453 335 490 quod
358 461 394 482 ex
415 453 525 490 aliquo,
547 453 621 490 quod
644 453 679 481 ah
702 453 813 481 homine
836 454 958 482 comedi-

114 504 174 531 tur,
196 500 283 537 prolis
304 507 406 536 corpus
429 500 622 528 constituatur.
647 500 677 527 Et
699 500 780 528 Marci
804 500 955 537 septimo²z

115 547 202 575 Omne
223 547 419 575 extrinsecum
447 546 589 574 introiens
611 546 641 574 t‘n
663 545 806 574 hominem
826 555 884 574 11011
910 555 958 583 110-

111 597 162 622 test
183 602 250 622 eum
270 594 477 631 coinquinare,
500 593 571 631 qma
592 601 649 621 11011
672 593 766 622 intrat
786 593 817 621 iit
832 601 893 627 eor,
908 593 958 621 sed

112 642 142 669 in
167 644 294 669 0611116111
322 644 348 668 et
375 641 405 668 iu
433 648 577 668 secessum
604 640 679 673 escit,
700 648 837 678 purgans
859 648 956 668 01111168

111 696 200 716 escas.
217 688 252 716 lbi
269 687 376 716 Glossa:
395 687 552 723 «Quamvis
574 687 755 716 tenuissimus
771 687 873 715 immor
887 690 914 715 et
930 687 957 715 li-

111 743 199 772 quens
220 743 291 768 esca,
308 742 371 763 cum
388 735 414 762 in
434 734 511 763 venis
539 737 565 763 et
586 734 706 763 artubus
732 734 844 763 decocta
872 733 957 762 fuerit

110 784 137 810 et
158 781 279 818 digesta,
302 788 351 818 per
373 781 496 809 occultos
518 783 642 814 meatus,
664 788 734 817 quos
756 780 851 809 Graeci
873 788 956 817 poros

113 831 225 862 vocant,
248 828 282 857 ad
306 827 436 856 inferiora
451 827 586 856 dilabitur
601 830 627 856 et
642 827 668 855 in
684 834 826 856 secessum
841 827 955 855 vadit».

189 876 215 904 [ι.
238 875 320 909 116111,
343 875 393 903 1100
415 874 507 911 ipsum
529 874 640 903 videtur
661 874 783 903 ratione.
800 874 891 903 Primo
905 881 955 911 per

112 923 260 951 ueritatem
280 922 487 960 generationis
516 932 529 947 «
544 921 683 950 Generare
705 921 778 950 enim
800 925 842 950 est
863 921 897 950 de
912 921 955 949 sui

110 969 265 998 substantia
286 969 407 1006 aliquem
430 968 606 1006 producere³
618 979 643 996 »:
660 969 682 996 si
698 976 764 1005 ergo
779 975 875 996 omnes
891 975 955 996 vere

110 1020 137 1045 et
159 1018 232 1044 reete
255 1016 388 1044 dicuntur
402 1015 437 1043 ah
452 1015 536 1044 Adam
553 1015 637 1051 geniti
652 1018 679 1043 et
693 1014 742 1043 filii
758 1014 844 1048 Adae,
859 1021 955 1043 onmes

110 1070 208 1092 sumus
229 1062 264 1091 de
285 1062 393 1099 aliquo,
416 1062 490 1099 quod
514 1064 587 1090 esset
614 1061 674 1090 eius
703 1061 873 1095 substantia,
896 1069 956 1098 pro—

111 1110 210 1147 pagati.
232 1110 285 1139 Sed
307 1117 362 1147 qua.
383 1109 489 1138 ratione
505 1116 604 1138 manus
620 1116 682 1137 mea
697 1108 740 1137 vel
755 1116 804 1146 pes
820 1108 863 1137 vel
878 1108 955 1137 aliud

110 1157 270 1186 membrum
292 1157 422 1186 constitui
445 1157 528 1185 hahet
543 1164 578 1185 ex
595 1164 627 1185 eo
641 1156 716 1193 quod
738 1155 790 1184 fuit
811 1156 838 1184 10
861 1155 955 1189 Adam,

110 1204 206 1233 eadem
234 1204 340 1232 ratione
371 1207 397 1232 et
418 1203 528 1240 singula
550 1203 685 1231 membra.
708 1202 824 1231 Videtur
854 1202 956 1239 igitur,

110 1250 184 1287 quod
207 1253 295 1278 totum
322 1258 424 1287 corpus
453 1249 602 1278 cuiuslibet
624 1249 744 1278 hominis
765 1257 801 1278 ex
823 1249 895 1278 Adae
918 1257 957 1278 56-

110 1297 183 1325 01106
204 1296 256 1325 fuit
278 1297 478 1329 constitutuni;
500 1300 526 1324 et
547 1296 569 1324 si
593 1296 658 1329 hoc,
681 1295 749 1324 nihil
765 1296 954 1325 extrinsecum

110 1345 208 1373 transit
231 1345 256 1372 in
280 1344 426 1372 veritatem
443 1344 582 1372 humanae
598 1347 714 1372 naturae
730 1351 779 1380 per
795 1347 888 1372 actum
904 1343 956 1371 vir-

76 1394 79 1395 ’
110 1392 176 1421 tutis
197 1391 381 1429 generativae.

189 1440 213 1467 5.
236 1439 318 1472 Item,
341 1438 392 1466 hoc
421 1438 512 1474 ipsum
538 1437 650 1467 videtur
672 1445 721 1474 per
745 1437 831 1474 leuem
854 1445 957 1474 eoqua-

110 1486 235 1514 tt'ont'sst
262 1485 394 1522 quoniam
416 1485 500 1522 stipes
522 1492 576 1513 non
597 1487 688 1521 potest
710 1484 875 1513 contrahere
891 1491 955 1512 cum

108 1533 202 1569 aliquo
223 1540 258 1561 ex
281 1532 341 1569 ipso
363 1531 545 1568 procedente,
561 1539 611 1559 nec
626 1531 712 1567 aliqui
727 1531 956 1568 approximantes

109 1580 193 1617 stipiti
211 1583 326 1617 possunt
340 1579 376 1607 ad
393 1578 510 1607 invicem
527 1578 709 1610 contrahere;
725 1578 776 1607 hoc
791 1581 885 1606 autem
902 1585 955 1606 000

109 1631 150 1656 651
171 1627 206 1655 oh
228 1626 305 1655 aliud
327 1625 379 1654 nisi
403 1628 516 1662 propter
538 1625 673 1654 unitatem
696 1625 787 1653 carnis
807 1627 834 1653 et
849 1624 957 1661 sangui-

109 1674 168 1703 nis:
192 1682 258 1711 ergo
281 1673 408 1706 videtur,
432 1673 506 1710 quod
530 1680 583 1701 non
605 1672 640 1701 de
661 1671 855 1709 superfluitate
870 1671 956 1699 nutri-

109 1721 209 1754 menti,
231 1720 279 1749 sed
302 1720 337 1748 de
359 1719 513 1748 substantia
536 1719 622 1757 patris
644 1719 737 1756 proles
751 1722 913 1756 generetur,
929 1721 955 1747 et

108 1776 162 1796 non
184 1767 274 1796 solum
291 1767 325 1796 de
341 1766 496 1795 substantia
515 1766 601 1803 patris
615 1766 755 1803 proximi,
770 1766 856 1794 immo
871 1766 954 1794 etiam

109 1815 195 1853 patris
225 1814 342 1848 remoti3
370 1813 493 1850 alioquin
522 1821 593 1841 vana
621 1813 674 1841 erit
696 1813 742 1841 lex
765 1812 954 1849 cognationis;

109 1862 183 1899 quod
204 1869 259 1890 non
281 1861 371 1890 solum
394 1864 435 1889 est
451 1864 546 1889 contra
561 1860 707 1889 veritatem
723 1867 817 1888 sacrae
834 1859 955 1896 Scriptu-

109 1917 171 1943 rae,
193 1909 278 1937 immo
297 1908 379 1937 etiam
403 1910 498 1936 contra
520 1907 658 1936 dictamen
680 1910 805 1935 naturae.

187 1957 212 1984 6.
235 1956 318 1986 11610,
345 1955 398 1983 hoc
427 1955 518 1991 ipsunt
548 1954 658 1983 videtur
687 1962 737 1991 per
762 1953 953 1982 conditionem

108 2003 333 2032 resurrectionis
344 2003 361 2029 ⁵.
385 2002 499 2031 Necesse
514 2004 556 2030 est
575 2001 658 2031 enim.
678 2001 830 2038 unicuique
845 2001 953 2029 animae

109 2050 253 2088 proprium
277 2057 380 2086 corpus
399 2048 486 2077 reddi.
504 2048 565 2077 Esto
581 2048 674 2084 igitur,
694 2047 768 2084 quod
789 2047 891 2085 aliquis
906 2055 954 2075 nu-

109 2098 191 2126 tritus
212 2097 246 2126 de
262 2095 394 2125 carnibus
410 2095 539 2124 humanis
555 2097 668 2131 generet
682 2094 805 2132 prolem;
821 2095 847 2123 si
859 2102 953 2123 semen

111 2144 179 2173 illud
201 2144 235 2173 de
250 2143 381 2172 alimento
397 2145 522 2171 sumtum
537 2144 593 2175 est,
609 2149 673 2170 eum
690 2141 775 2170 huius
789 2141 953 2170 alimentum

109 2194 180 2220 esset
201 2190 236 2219 de
257 2190 373 2218 veritate
402 2189 526 2226 corporis
554 2189 671 2217 alterius
692 2188 827 2222 hominis,
850 2188 955 2217 rediret

108 2238 142 2267 ad
166 2239 288 2275 primum
310 2244 430 2274 eorpus:
454 2243 520 2273 ergo
542 2236 592 2265 iste
620 2243 674 2264 non
704 2239 879 2272 resurgeret.
906 2236 953 2272 qui

109 2287 257 2321 generatus
279 2287 320 2313 est
341 2291 377 2312 ex
401 2283 446 2311 illo
468 2283 587 2317 semine,
607 2290 670 2311 011111
687 2282 779 2310 anima
794 2282 954 2319 privaretur

109 2332 221 2369 proprio
241 2338 365 2368 corpore.
382 2330 407 2359 Si
432 2330 516 2367 igitur
530 2330 583 2359 hoc
597 2333 639 2359 est
655 2329 834 2366 impossihile,
860 2332 954 2363 restat,

109 2382 135 2407 et
156 2378 225 2407 illud
248 2377 418 2415 impossibile
440 2385 516 2411 esse,
539 2377 667 2405 videlicet
682 2376 757 2413 quod
780 2375 887 2412 aliquid
909 2383 955 2404 ex-

109 2426 259 2454 trinsecum
284 2427 405 2453 transeat
426 2424 453 2452 in
475 2431 589 2457 semem
611 2426 729 2460 augetur
750 2423 834 2459 igitur
849 2422 923 2458 quod
939 2430 955 2449 a

172 2528 178 2542 ¹
198 2528 262 2550 Vers.
285 2527 317 2549 17.

172 2567 182 2581 2
198 2567 263 2590 Vers.
287 2567 322 2588 Ἰ18.
346 2565 406 2595 seq,
434 2565 472 2588 uhi
498 2565 593 2593 Vulgata
618 2571 659 2593 pro
685 2564 839 2594 coinquinare
864 2563 955 2586 exhibet

110 2606 296 2632 communicare,
316 2605 398 2628 deinde
416 2608 467 2632 post
484 2604 507 2627 z'n
525 2610 566 2627 cor
583 2603 659 2626 adiicit
676 2603 726 2626 eius
743 2606 764 2625 et
782 2606 833 2631 post
850 2603 954 2625 ventrem

110 2645 207 2668 verbum
224 2645 295 2668 vadit.
313 2657 344 2661 —
362 2645 453 2672 6105511,
478 2650 537 2673 quae
554 2643 630 2666 Bedae
653 2646 686 2665 est
704 2644 789 2671 (super
812 2643 872 2665 hunc
890 2642 953 2669 loc),

111 2685 205 2707 hahetur
223 2684 285 2712 apud
303 2683 411 2707 Strahuin
429 2687 450 2705 et
467 2683 590 2711 Lyranum.
809 2702 812 2703 .

171 2723 180 2737 ³
197 2723 329 2746 Secundum
348 2723 527 2749 Damascenum,
546 2721 574 2744 de
596 2727 642 2750 quo
664 2721 717 2743 vIde
735 2726 804 2748 supra
823 2726 874 2748 pag.
897 2719 953 2747 479,

111 2764 161 2783 nota
183 2763 200 2783 1.
212 2774 243 2778 -
255 2762 297 2784 Pro
314 2761 352 2784 sut
363 2760 495 2783 substantia
513 2760 563 2782 Vat.
576 2765 629 2782 cum
647 2759 700 2781 edd.
719 2759 743 2786 37
762 2758 774 2780 4
787 2764 832 2781 sua
849 2757 955 2781 substan-

111 2799 155 2827 tta,
170 2803 191 2822 et
208 2799 340 2822 immediate
353 2802 404 2827 post
416 2805 458 2827 pro
470 2798 574 2828 aliquem
591 2798 686 2821 eaedem
699 2797 751 2819 edd.
765 2802 806 2819 nec
825 2802 868 2818 non
887 2796 922 2818 ed.
942 2796 954 2817 2

111 2837 205 2867 aliquid.
226 2838 406 2866 Propositionem
424 2844 471 2866 seq.
490 2837 540 2860 Vat.
558 2840 580 2859 et
597 2836 649 2858 edd.
669 2836 692 2863 3,
713 2835 724 2857 4
743 2835 775 2857 sic
794 2834 955 2857 transformare

111 2875 152 2898 sibi
170 2880 313 2899 sumserunt:
331 2876 352 2899 εἰ
373 2882 453 2906 erqo...
475 2877 496 2899 et
512 2875 556 2905 filit
572 2874 636 2898 Attae
658 2880 738 2897 omues
755 2879 851 2901 smnus,
871 2879 954 2895 smnus

111 2914 137 2937 de
153 2914 232 2944 [tlt'qtto
250 2921 280 2938 ecc
297 2915 347 2938 etus
364 2914 497 2938 substantia
511 2913 646 2944 propayatc‘.
666 2913 751 2935 Versus
764 2912 831 2935 finem
849 2918 898 2940 arg.
913 2918 954 2940 pro

112 2959 141 2976 ea:
158 2953 222 2977 Adae
247 2954 294 2976 Vat.
319 2960 372 2977 cum
390 2954 442 2977 edd.
461 2955 485 2982 2,
505 2954 517 2976 3
535 2953 651 2976 substituit
667 2958 697 2975 (η’
714 2951 805 2979 eodem,
829 2954 850 2973 et
872 2951 955 2973 deinde

112 2992 231 3015 veritatem
248 2993 398 3015 commutavit
415 2994 437 3015 in
454 2992 572 3016 virtutem.

173 3032 182 3046 ⁴
200 3032 230 3054 De
248 3038 292 3060 qua
311 3032 363 3054 vide
381 3032 416 3053 IV.
435 3032 495 3054 Sent.
513 3031 535 3053 d.
554 3031 589 3053 40.
609 3037 650 3057 per
669 3033 745 3052 totam.

1013 237 1052 265 111.
1075 237 1210 274 001551.
1233 238 1250 265 1.
1805 240 1860 266 7⁹27

1015 315 1105 352 primo
1128 319 1240 352 parente
1263 316 1387 345 decisum
1410 316 1461 345 fuit
1485 317 1555 345 inse
1572 317 1645 353 ipso.
1662 317 1720 345 sine
1745 316 1861 345 alterius

1015 362 1194 398 appositione.

1093 408 1145 436 SED
1167 416 1293 437 coturnix:
1320 410 1342 437 1.
1367 409 1549 446 Philosophus
1571 409 1598 438 in
1619 409 1690 438 lihro
1705 410 1739 438 de
1754 410 2002 440 Anima-Fundamenta.

1015 453 1109 482 lihus⁶
1136 455 1217 489 (11011,
1247 456 1322 492 (1110(1
1351 464 1445 485 560160
1467 460 1508 485 651
1534 468 1547 481 «
1567 456 1747 494 superfluitas
1769 456 1860 485 ultimi

1014 501 1067 529 cibi
1081 512 1107 528 »:
1131 502 1153 530 si
1175 510 1240 538 ergo
1263 503 1377 532 medicis
1393 503 1419 531 10
1436 504 1478 532 his
1493 512 1565 540 quae
1580 503 1677 532 dicunt
1691 503 1764 532 circa
1780 511 1860 532 suam

1014 548 1166 581 scientiam,
1189 549 1360 578 credendum
1379 553 1429 584 est,
1451 553 1478 579 et
1499 550 1675 579 naturalibus
1690 550 1817 579 similiter
1833 551 1859 579 in

1013 594 1056 622 his
1068 602 1140 630 quae
1155 595 1251 623 dicunt
1266 596 1339 624 circa
1354 604 1433 625 suam
1450 597 1602 631 scientiam,
1618 597 1790 626 credendum
1806 600 1860 631 est3

1014 648 1078 669 cum
1105 640 1292 670 determinare
1314 642 1348 671 de
1370 643 1546 679 generatione
1576 644 1696 672 hominis
1725 644 1860 681 pertineat

1013 687 1048 715 ad
1070 687 1268 724 philosophum
1290 689 1465 718 naturalem:
1488 690 1660 719 eredendum
1676 693 1717 719 est
1732 691 1769 725 ei,
1785 691 1859 728 quod

1013 741 1107 763 semen
1129 735 1164 762 sit
1185 742 1221 763 ex
1243 735 1387 772 superfluo
1409 737 1587 770 nutrimenti,
1610 737 1649 765 sic
1664 737 1738 774 quod
1753 737 1859 774 aliquid

1013 781 1203 810 extrinsecum
1234 781 1261 809 in
1290 782 1434 811 veritatem
1465 782 1604 811 humanae
1630 786 1745 811 naturae
1774 783 1860 820 possit

1014 828 1140 856 transire.

1092 876 1117 903 Ξ).
1142 875 1223 909 Item,
1245 881 1330 912 super
1352 875 1423 904 illud
1439 875 1527 904 Lucae
1543 875 1728 904 undecinio⁷z
1752 876 1860 904 Beatus

1015 925 1109 950 uenter
1131 924 1198 956 etc.>
1220 921 1425 950 interlinearis:
1458 932 1471 948 «
1493 922 1532 950 Ex
1554 922 1653 951 eodem
1675 922 1748 950 fonte
1770 925 1797 950 et.
1819 922 1860 950 lac

1013 967 1171 997 nutriendis
1192 971 1218 997 et
1241 976 1335 997 semen
1358 969 1540 1005 procreandis
1561 969 1656 1006 pueris
1677 972 1804 1003 emanat;
1826 969 1861 997 de

1013 1015 1118 1044 semine
1144 1022 1210 1051 ergo
1234 1015 1354 1052 Virginis
1384 1016 1473 1052 potuit
1495 1015 1617 1052 concipi,
1639 1016 1686 1052 qui
1708 1015 1769 1044 61115
1793 1015 1860 1044 lacte

1013 1062 1103 1099 potuit
1123 1062 1240 1090 enutriri
1257 1073 1284 1090 ».

1092 1108 1118 1137 3.
1134 1109 1216 1143 116111,
1233 1109 1402 1146 Augustinus
1418 1109 1444 1137 in
1462 1109 1532 1138 lihro
1548 1109 1582 1138 de
1598 1110 1669 1138 Vera
1686 1108 1859 1146 Religionessz

1019 1156 1181 1185 «Alimenta
1210 1156 1318 1193 corpori
1349 1164 1402 1184 non
1432 1159 1496 1193 apta
1522 1163 1572 1193 per
1593 1163 1732 1193 congruos
1753 1159 1861 1184 meatus

1013 1203 1177 1237 eiiciuntur.
1204 1211 1326 1240 quorum
1348 1202 1424 1231 aliud
1454 1203 1702 1231 feculentissimum
1733 1202 1861 1231 redditur

1013 1254 1104 1279 terrae
1126 1250 1160 1279 ad
1176 1250 1245 1278 alias
1267 1250 1371 1279 formas
1392 1250 1591 1283 assumendas,
1614 1249 1690 1278 aliud
1706 1257 1755 1286 per
1771 1252 1860 1278 totum

1014 1305 1115 1335 corpus
1137 1297 1266 1332 exhalat,
1288 1297 1364 1326 aliud
1387 1297 1472 1326 totius
1491 1297 1619 1325 animalis
1635 1297 1750 1326 latentes
1765 1305 1862 1325 11111116-

1013 1352 1062 1372 ros
1084 1344 1183 1381 accipit
1202 1347 1228 1372 et
1250 1344 1398 1373 inchoatur
1420 1344 1446 1372 in
1469 1344 1577 1381 prolem
1592 1354 1618 1371 υ.
1644 1343 1789 1372 Numero-5
1814 1351 1862 1372 au-

1014 1395 1068 1420 tem
1092 1394 1172 1420 vocat
1193 1391 1341 1420 seminales
1361 1391 1490 1419 rationes.
1506 1391 1556 1419 Per
1572 1391 1651 1419 istam
1667 1390 1861 1419 auctoritatem

1013 1446 1146 1475 expresse
1167 1438 1322 1475 colligitur,
1344 1437 1420 1475 quod
1443 1445 1536 1466 semen
1560 1438 1595 1466 sit
1616 1445 1652 1466 ex
1667 1437 1807 1466 alimento.
1829 1436 1862 1465 Sa·

1014 1485 1083 1513 forte
1106 1488 1136 1513 tu
1158 1485 1258 1517 dieas,
1285 1484 1359 1521 quod
1382 1484 1553 1520 Augustinus
1575 1483 1703 1520 intelligit
1724 1486 1860 1520 quantuni

1013 1532 1046 1560 ad
1072 1535 1179 1568 partem
1195 1531 1308 1560 seminis
1324 1531 1479 1559 secundum
1496 1530 1672 1563 111α16ν1’(ι111;
1692 1530 1788 1558 obviat
1803 1530 1861 1567 ipsa

1013 1578 1178 1609 auctoritas,
1195 1585 1266 1614 quae
1282 1577 1363 1609 dicit,
1379 1577 1453 1614 quod
1479 1577 1670 1606 «alimentum
1693 1576 1792 1614 accipit
1814 1585 1862 1605 nu-

1013 1632 1106 1653 meros
1117 1636 1144 1655 »,
1160 1625 1187 1653 id
1203 1628 1244 1653 est
1259 1625 1380 1653 rationes
1402 1624 1566 1657 seminales;
1588 1623 1635 1652 illa
1650 1623 1723 1652 enim
1743 1631 1809 1660 pars
1824 1623 1862 1652 di-

1013 1673 1085 1701 citur
1106 1679 1167 1700 esse
1190 1679 1255 1708 pars
1276 1671 1431 1700 secundum
1453 1671 1586 1708 speeiem,
1602 1678 1688 1707 super
1703 1678 1787 1707 quam
1804 1670 1862 1698 fun-

1013 1719 1097 1747 datur
1120 1719 1208 1746 virtus
1230 1718 1319 1746 activa
1347 1721 1374 1746 et
1403 1718 1574 1746 conversiva.
1604 1717 1631 1745 ln
1658 1717 1755 1746 eadem
1778 1717 1861 1746 etiam

1012 1765 1177 1794 auctoritate
1202 1765 1361 1802 subiungit,
1384 1765 1458 1801 quod
1481 1772 1517 1793 ex
1540 1764 1587 1793 illo
1609 1764 1741 1792 alimento
1756 1763 1795 1792 510
1810 1767 1863 1792 tra-

1013 1812 1096 1840 ducto
1118 1811 1210 1839 onmia
1234 1811 1360 1839 membra
1382 1811 1548 1839 formantur.
1572 1811 1601 1839 Et
1623 1810 1738 1847 planum
1761 1814 1803 1839 est
1824 1818 1863 1839 se-

1012 1859 1136 1888 cundum
1159 1858 1296 1892 medicos,
1319 1858 1394 1895 quod
1418 1858 1545 1887 membra
1568 1857 1699 1887 radicalia
1721 1865 1756 1886 ex
1780 1857 1863 1894 parti-

1012 1907 1067 1936 bus
1089 1906 1243 1935 secundum
1265 1906 1388 1943 spectem
1410 1905 1514 1934 hahent
1536 1905 1649 1934 formari
1674 1905 1731 1934 sive
1753 1912 1789 1933 ex
1812 1905 1863 1933 1111-

1013 1962 1090 1983 more
1114 1953 1236 1982 radicali.

1090 2001 1116 2028 lt.
1138 2000 1221 2034 item,
1244 2000 1295 2029 hoc
1317 2000 1410 2037 ipsum
1432 1999 1544 2028 videtur
1565 2000 1687 2028 ratione.
1707 1999 1795 2027 Omne
1816 2007 1862 2027 au-

1011 2050 1171 2085 gmentum,
1194 2047 1269 2084 quod
1291 2046 1321 2075 fit
1342 2054 1393 2084 per
1414 2049 1560 2080 naturam,
1584 2046 1627 2075 vel
1648 2045 1678 2074 fit
1703 2053 1753 2082 per
1781 2053 1862 2073 rare-

1010 2094 1180 2131 fctctionem,
1205 2094 1246 2122 vel
1268 2093 1299 2122 fit
1320 2101 1370 2131 per
1392 2093 1579 2122 additionem.
1609 2093 1635 2121 Si
1664 2100 1730 2129 ergo
1756 2100 1792 2121 ex
1815 2091 1861 2119 illo

1011 2142 1132 2173 semine,
1154 2141 1229 2177 quod
1251 2141 1286 2169 ab
1308 2140 1394 2169 Adam
1416 2140 1540 2169 decisum
1563 2140 1630 2173 tuit,
1655 2147 1751 2168 omnes
1773 2139 1861 2167 homi-

1012 2196 1061 2217 nes
1083 2188 1248 2217 naturaliter
1270 2187 1398 2225 producti
1415 2190 1498 2221 51101;
1514 2194 1626 2216 0606556
1642 2189 1699 2220 est,
1715 2186 1785 2214 illud
1800 2194 1860 2214 esse

1011 2239 1125 2265 auctum
1142 2235 1185 2264 vel
1201 2243 1251 2272 per
1265 2233 1512 2271 rctrefstctz'ouem,
1535 2234 1578 2263 vel
1600 2242 1650 2271 per
1672 2233 1859 2262 ctslclz'ttssmieiiz.

1011 2283 1064 2311 Sed
1078 2290 1127 2320 per
1140 2281 1369 2318 rarefaetz'ouem
1380 2290 1435 2310 non
1447 2285 1548 2318 posset,
1562 2292 1576 2307 «
1584 2281 1649 2318 quia
1661 2289 1711 2309 nec
1727 2283 1764 2308 101
1776 2280 1859 2308 atomi

1014 2330 1128 2358 fuerunt
1151 2329 1177 2357 10
1194 2328 1240 2356 1110
1256 2329 1376 2361 semine,
1392 2331 1460 2365 quot
1475 2328 1601 2357 homines
1623 2331 1688 2356 sunt
1702 2335 1737 2356 ex
1753 2334 1785 2355 eo
1800 2334 1860 2363 pro-

1012 2375 1087 2404 ducti
1101 2376 1141 2402 »⁹:
1155 2375 1177 2403 si
1193 2382 1259 2411 ergo
1274 2377 1388 2403 auctum
1401 2378 1458 2408 est,
1474 2375 1526 2403 hoc
1541 2377 1581 2403 est
1596 2381 1646 2411 per
1661 2374 1859 2402 additionem.-

1012 2421 1118 2458 aliquid
1136 2421 1220 2457 igitur
1236 2421 1427 2450 extrinsecum
1445 2422 1527 2449 intrat
1550 2421 1576 2449 in
1599 2421 1718 2449 seminis
1744 2420 1858 2448 humani

1073 2523 1083 2538 ⁵
1102 2523 1146 2546 Csr.
1165 2523 1200 2544 Ν,
1220 2524 1279 2545 sent.
1298 2522 1319 2545 d.
1339 2522 1375 2544 44.
1395 2529 1416 2550 p.
1435 2523 1448 2544 l.
1468 2529 1486 2544 a.
1506 2523 1526 2544 2Α
1545 2529 1566 2551 q.
1587 2523 1606 2550 4⁷
1625 2522 1664 2544 uhi
1683 2522 1710 2544 (10
1734 2523 1776 2544 hoc
1793 2528 1859 2550 argu-

1012 2565 1088 2585 mento
1105 2562 1233 2589 specialiter
1250 2563 1334 2590 agitur:
1350 2574 1379 2577 —-
1396 2561 1464 2583 Paulo
1487 2561 1581 2584 inferius
1599 2567 1641 2589 pro
1665 2561 1687 2583 si
1702 2567 1779 2584 semen
1798 2560 1860 2584 illud

1011 2601 1038 2624 tle
1056 2601 1116 2628 edd„
1133 2604 1227 2628 excepta
1250 2601 1266 2627 1,
1284 2600 1305 2623 st
1321 2599 1399 2622 solum
1416 2605 1494 2622 semen
1509 2599 1543 2622 (Ie.

1074 2640 1083 2654 6
1102 2639 1159 2661 Vide
1176 2645 1245 2667 supra
1265 2645 1317 2667 pag.
1336 2638 1392 2665 479,
1411 2641 1461 2660 nota
1479 2639 1499 2660 5.
1513 2639 1604 2661 —Mox
1621 2640 1643 2661 in
1665 2639 1714 2661 Vat.
1733 2642 1753 2661 et
1771 2638 1823 2661 edd.
1838 2639 1858 2666 2,

1013 2680 1025 2701 3
1044 2685 1084 2702 nee
1098 2685 1142 2701 non
1155 2680 1176 2700 in
1195 2678 1308 2700 nonnullis
1320 2677 1387 2700 codd.
1400 2677 1483 2700 desunt
1499 2677 1569 2700 verba
1581 2679 1602 2700 et
1619 2677 1773 2700 natura-libus
1785 2684 1859 2706 usque

1012 2718 1042 2741 acl
1059 2717 1203 2741 credendum
1220 2718 1253 2739 est
1269 2717 1386 2739 inclusive.

1075 2756 1084 2770 ⁷
1103 2756 1166 2778 Vers.
1187 2756 1222 2777 27.
1237 2768 1266 2771 —
1283 2755 1362 2777 Glossa
1386 2757 1420 2777 est
1437 2754 1575 2783 ordinm-iffi
1596 2756 1700 2778 invenies
1722 2762 1772 2778 eam
1796 2756 1859 2784 apud

1012 2794 1120 2817 Strahum
1138 2797 1159 2816 et
1175 2794 1302 2821 Lyranum,
1320 2794 1359 2822 qui
1378 2796 1453 2816 tamen
1471 2800 1513 2821 pro
1530 2795 1551 2817 et
1569 2793 1605 2817 lac
1623 2794 1701 2822 legunt
1718 2795 1739 2816 et
1757 2794 1822 2817 lacte.

1075 2833 1084 2848 ⁸
1101 2832 1155 2861 Cap.
1175 2832 1210 2854 40.
1230 2839 1250 2854 n.
1269 2832 1306 2854 74.
1318 2844 1349 2848 —
1361 2832 1396 2865 De,
1410 2832 1536 2855 rationibus
1553 2832 1702 2855 seminalibus
1719 2833 1771 2856 vide
1788 2839 1858 2861 supra

1013 2873 1034 2895 (1.
1057 2873 1090 2894 18,
1108 2878 1128 2894 a.
1150 2872 1167 2893 1.
1186 2878 1208 2900 q.
1231 2871 1251 2893 2.
1269 2877 1329 2900 seq.;
1348 2871 1376 2893 de
1394 2877 1461 2893 carne
1479 2871 1608 2894 secundum
1626 2871 1753 2894 materiam
1769 2874 1791 2894 et
1808 2878 1858 2901 spe-

1013 2906 1079 2938 cievit,
1097 2911 1133 2933 hic
1151 2911 1221 2932 schol.
1240 2912 1261 2932 et
1278 2916 1300 2938 q.
1319 2910 1342 2937 2;
1362 2909 1390 2932 (16
1414 2911 1510 2932 humore
1528 2910 1620 2933 radicati
1644 2911 1683 2933 cfr.
1703 2914 1756 2933 tom.
1775 2910 1788 2932 l.
1802 2917 1854 2939 pag.

1014 2950 1071 2977 316,
1091 2953 1141 2972 nota
1164 2949 1196 2971 12.

1075 2988 1084 3003 9
1102 2988 1234 3011 Secundum
1252 2988 1392 3017 Magistrum,
1410 2989 1446 3011 hic
1463 2994 1481 3010 c.
1502 2989 1537 3011 13,
1552 3000 1583 3005 -
1596 2988 1645 3011 Mox
1666 2989 1714 3012 Vat.
1732 2995 1785 3012 cuni
1803 2989 1857 3012 edd.

1014 3028 1038 3055 3,
1059 3028 1071 3049 4
1089 3027 1196 3057 corporis
1214 3033 1256 3055 pro
1273 3026 1375 3051 seminis.
