2243 3425
226 892 254 910 Du
269 892 298 910 Iex
310 892 342 910 hu—

228 916 252 934 mi
268 916 302 934 itas
315 920 343 934 se-

224 939 304 957 cundum
311 944 348 958 me-

227 962 278 980 dicos

227 1455 339 1474 Notandum.

226 1644 340 1667 Exemplum.

354 197 410 226 736

354 276 429 313 quod
452 275 689 311 virtus-corporis
710 273 873 302 fabricativa
894 274 985 309 potest
1006 271 1073 300 dare
1095 270 1203 308 primae

355 323 430 352 carni
452 323 603 360 potentiam
627 320 823 354 convertendi,
840 323 866 348 et
882 318 928 347 illa
944 318 1089 351 convertit,
1104 324 1205 355 quous-

354 377 409 407 que
431 372 540 398 tantum
562 368 692 397 adveniat
707 367 742 396 de
757 374 840 396 carne
855 365 1011 395 secundum
1033 364 1204 398 materiam,

354 419 459 454 quanta
473 419 533 445 erat
547 415 584 444 ibi
600 415 723 452 potentia
738 413 918 443 convertendi
936 429 974 433 ——
989 413 1061 441 sicut
1076 412 1205 441 videmus

354 464 381 492 in
406 463 469 491 vino
484 480 522 483 —
538 467 596 491 tum
619 469 656 490 ex
677 464 757 498 parte
778 460 898 493 caloris,
921 463 980 488 tum
1002 467 1037 488 ex
1061 462 1140 496 parte
1161 467 1205 487 ezr-

356 509 550 539 tensibilitatis
566 509 653 546 ipsius
668 508 760 537 carnis
775 507 931 537 secundum
946 506 1077 544 spectem.
1095 506 1126 534 Et
1140 505 1205 534 hinc

355 561 411 589 est,
433 556 508 594 quod
531 564 605 585 unus
626 555 711 584 homo
732 555 821 591 magis
842 557 1041 592 augmentatur
1062 561 1147 590 quam
1169 553 1205 581 al-

354 608 411 638 ter,
432 607 458 633 et
479 602 631 640 aliquando
652 605 706 631 stat
727 605 926 639 augmentum,
949 601 1015 638 quia
1030 609 1094 629 caro
1110 608 1205 638 super-

354 651 506 680 adveniens
534 650 560 678 in
589 649 644 678 fine
666 649 744 686 quasi
766 656 904 686 aquosum
934 648 1012 681 facit,
1042 647 1113 676 sicut
1139 646 1205 675 dicit

354 697 539 735 Philosophus
552 697 560 712 ¹
572 720 579 731 ‚
593 695 833 734 quemadmodum
848 703 922 732 aqua
937 694 1115 732 superinfusa
1131 695 1203 722 vino.

433 744 593 773 Secundum
623 744 695 772 hanc
724 743 929 772 distinctionem
957 742 1048 770 carnis
1071 741 1203 778 distingui

354 795 445 830 potest
466 792 493 820 in
515 791 654 828 theologia
669 790 772 819 veritas
787 790 927 818 humanae
950 791 1067 817 naturae
1089 787 1205 825 duplici-

354 844 405 874 ter,
428 841 499 868 sicut
521 838 695 876 praedictum
718 841 766 866 est.
791 854 828 858 —
843 836 974 865 Similiter
996 835 1144 865 111θ11ἰς11ε3
1167 835 1205 863 di-

355 887 471 923 stinguit
492 886 518 914 in
542 885 653 914 homine
675 884 815 921 duplicem
838 883 1053 916 humiditatem,
1076 881 1205 911 videlicet

357 933 520 962 radicalem
542 936 568 961 et
590 931 843 964 nutrimentalem,
861 934 893 959 -et
914 930 996 963 dicit,
1018 929 1093 966 quod
1116 929 1205 957 humi-

357 980 428 1009 ditas
456 979 602 1007 radicalis
630 981 671 1007 est
697 977 758 1011 illa,
781 978 808 1006 in
830 985 886 1014 qua
907 976 983 1005 calor
1004 974 1206 1004 substantifica-

357 1031 421 1061 tur3
442 1025 663 1055 nutrimentalis
684 1032 751 1053 vero
776 1028 818 1053 est
840 1023 899 1058 illa,
921 1030 994 1060 quae
1015 1019 1131 1060 praebet
1153 1021 1205 1058 ipsi

356 1074 440 1103 calori
462 1073 625 1102 fomentum.
647 1071 748 1100 Dicunt
770 1071 870 1108 igitur,
892 1070 967 1107 quod
983 1069 1137 1098 humiditas
1158 1076 1206 1096 ra-

356 1120 460 1149 dicalis
482 1123 523 1148 est
545 1119 635 1148 solum
658 1126 673 1146 a
695 1117 894 1155 generantibus
915 1120 942 1145 et
958 1116 1097 1145 mediante
1121 1122 1206 1152 opere

355 1167 550 1205 generativae;
572 1174 636 1195 nam
660 1165 794 1194 nutritiva
808 1165 836 1193 in
852 1164 923 1193 hanc
938 1163 1135 1192 humiditatem
1151 1170 1205 1191 non

354 1218 452 1252 potest.
475 1214 500 1242 Si
523 1214 598 1243 enim
626 1216 734 1250 posset,
764 1215 830 1241 tunc
852 1211 936 1240 homo
959 1211 1151 1239 iuvenesceret
1179 1213 1206 1238 et

355 1262 440 1290 vitam
462 1262 545 1290 etiam
568 1267 647 1289 suam
664 1260 690 1288 in
707 1262 876 1296 perpetuum
892 1258 1081 1291 continuaret,
1096 1257 1119 1286 si
1135 1256 1205 1285 illud

354 1309 504 1338 humidum
534 1308 665 1336 renovari
693 1310 794 1344 posset.
821 1306 900 1343 Quod
924 1313 989 1334 cum
1011 1308 1117 1333 constet
1145 1311 1206 1333 esse

354 1356 473 1390 falsum,
495 1356 606 1390 dicunt,
629 1354 704 1392 quod
727 1353 891 1382 alimentum
914 1352 1054 1381 mediante
1070 1351 1205 1380 nutritiva

354 1411 408 1432 non
431 1403 530 1432 transit
552 1403 579 1431 in
602 1401 671 1430 illud
694 1400 854 1429 humidum.
878 1400 908 1428 Et
922 1399 987 1428 hinc
1003 1402 1059 1431 est,
1075 1398 1149 1436 quod
1166 1398 1205 1427 illi

355 1451 402 1488 qui
424 1450 552 1479 laborant
573 1449 655 1478 tertia
678 1448 768 1485 specie
790 1447 930 1481 hecticae,
953 1447 979 1475 in
1003 1454 1058 1484 qua
1073 1449 1115 1475 est
1130 1445 1205 1474 illius

354 1497 464 1527 humidi
486 1496 658 1530 consumho,
681 1494 794 1524 liberari
814 1502 869 1523 non
885 1496 1017 1531 possunt,
1033 1497 1065 1522 ut
1080 1492 1205 1522 dieunt?

355 1546 382 1574 ln
406 1544 602 1573 humiditatem
631 1545 725 1572 autem
747 1540 1003 1574 nutrimentalem,
1026 1548 1098 1578 quae
1119 1539 1205 1569 calori

355 1592 490 1629 pabulum
513 1590 644 1629 praebet,
666 1589 798 1627 possibile
820 1591 877 1623 est,
892 1588 1057 1617 alimentum
1081 1587 1205 1616 converti

355 1639 495 1668 mediante
516 1646 601 1676 opere
623 1637 781 1666 nutritivae.
805 1653 842 1657 —
865 1636 896 1664 Et
921 1639 963 1664 est
984 1634 1148 1672 exemplum
1177 1634 1204 1662 in

355 1686 484 1723 lampade
506 1685 636 1719 ardente,
659 1685 685 1713 in
708 1692 764 1722 qua
785 1687 824 1713 est
849 1682 1003 1712 humiditas
1026 1682 1080 1710 olei
1100 1685 1127 1710 et
1156 1682 1205 1710 hu-

356 1734 467 1762 miditas
490 1733 584 1761 licinii
592 1743 601 1766 ;
622 1736 648 1761 et
671 1731 824 1760 humiditas
847 1730 942 1759 licinii
961 1729 1133 1758 assimilatur
1157 1729 1206 1757 hu-

356 1780 430 1809 mido
453 1779 598 1813 raslicali,
614 1779 762 1816 quoniam,
778 1786 813 1807 ex
829 1786 885 1815 quo
901 1776 1085 1808 consumitur,
1101 1778 1206 1804 restau-

356 1828 411 1856 rari
435 1835 487 1855 non
512 1830 615 1864 potest,
636 1830 662 1855 et
685 1827 710 1854 in
734 1826 781 1854 illo
803 1825 895 1854 licinio
921 1824 1034 1853 flamma
1056 1823 1204 1852 substanti-

355 1874 474 1908 ficatur3
502 1874 655 1903 humiditas
684 1881 751 1902 vero
773 1873 828 1901 olei
848 1872 1020 1901 assimilatur
1042 1871 1203 1900 humiditati

354 1921 575 1955 nuti-immadi,
591 1929 661 1958 quae
676 1920 813 1957 pabulum
830 1919 943 1957 praebet
960 1919 1014 1955 igni
1031 1923 1057 1947 et
1073 1918 1202 1956 impedit,

419 2057 424 2070 ¹
444 2056 504 2079 Libr.
524 2057 537 2078 l.
556 2056 584 2079 de
602 2057 705 2078 Generat.
724 2058 745 2078 et
763 2058 864 2083 corrupt.
883 2058 933 2077 text.
954 2054 989 2076 41.
1008 2061 1055 2083 seq.
1071 2054 1102 2081 (c.
1122 2054 1164 2081 5.);
1182 2054 1203 2075 ll.

355 2096 384 2118 de
400 2096 504 2118 Generat.
523 2095 613 2118 animal.
632 2101 650 2117 c.
675 2095 695 2117 si.
715 2095 762 2121 (6.)
784 2095 843 2116 eirca
862 2093 938 2115 finem.
958 2093 979 2115 ln
993 2092 1120 2115 Comment.
1134 2098 1204 2120 super

355 2136 456 2163 primum
475 2135 516 2157 loc.
534 2136 570 2158 cit.
589 2135 619 2157 ait
631 2135 755 2162 Averrocs,
775 2133 838 2162 quod
858 2134 917 2155 sicut
930 2133 1086 2160 augmentatio
1099 2132 1204 2160 habetur,

355 2174 448 2203 quando
466 2174 539 2196 torma
557 2174 673 2201 augmenti
692 2174 828 2195 transmutat
839 2171 903 2194 cibos
921 2173 942 2193 in
961 2177 1026 2193 suum
1044 2170 1203 2198 substantiam,

355 2214 383 2236 ita
403 2213 523 2236 diminutio
541 2212 645 2240 hahetur,
664 2211 756 2240 quando
775 2211 847 2233 torma
866 2211 983 2238 augmenti
1003 2211 1046 2232 hoc
1065 2216 1108 2232 non
1123 2212 1203 2237 potest,

346 2251 395 2284 ‘sed
419 2255 511 2274 econtra
530 2250 573 2274 cibi
600 2251 696 2273 atterant
711 2250 873 2272 humiditatem
895 2249 1034 2276 naturalem,
1054 2254 1113 2277 quae
1131 2251 1165 2271 est
1182 2249 1203 2270 in

355 2291 478 2317 membris,
496 2292 517 2313 in
536 2291 686 2313 substantiam
705 2296 784 2317 suain3
803 2290 859 2311 haec
876 2288 997 2311 diminutio
1015 2291 1036 2310 ct
1054 2287 1159 2310 debilitas
1171 2293 1204 2309 ac·

355 2331 409 2354 cidit
426 2331 546 2359 paulatim,
564 2331 622 2353 sicut
639 2329 732 2359 quando
750 2335 809 2358 aqua
828 2328 967 2351 admiscetur
985 2333 1038 2349 eum
1056 2327 1111 2349 vino
1129 2327 1204 2354 paula·

355 2370 409 2398 tim,
429 2369 502 2391 donec
520 2370 601 2391 riuum
619 2368 643 2390 tit
659 2374 782 2397 aquosum.

418 2408 427 2422 ’Ξ
444 2407 488 2431 Cfr.
507 2409 634 2435 Avicennu,
660 2408 673 2429 Ι,
691 2406 776 2429 Canon.
796 2406 839 2429 Fen
862 2407 878 2428 i.
904 2406 977 2428 Doctr.
997 2406 1017 2427 41.
1036 2411 1054 2427 e.
1078 2406 1094 2427 l.
1116 2409 1137 2427 et
1161 2404 1204 2427 Fen

355 2449 375 2470 2.
394 2448 469 2470 Doctr.
488 2449 508 2470 3,
527 2454 545 2470 e.
565 2447 660 2470 3.-111
679 2448 721 2469 hac
739 2452 832 2475 propos.
851 2452 893 2474 pro
917 2445 1039 2475 ‹listinqutt
1055 2444 1081 2467 in.
1098 2443 1205 2472 (contine,

355 2494 414 2516 quae
431 2488 496 2509 lectio
519 2486 639 2510 exhibetur
656 2487 677 2508 11]
696 2485 763 2508 codd.
782 2485 797 2507 F
810 2491 835 2507 aa
859 2488 881 2507 et
903 2486 989 2513 optima
1012 2487 1046 2506 est
1064 2489 1205 2512 prorsusque

355 2526 478 2554 respondet
496 2526 574 2549 verbis
596 2526 664 2554 paulo
682 2526 789 2553 superius
807 2524 901 2547 habitis:
924 2523 1035 2546 Naturalis
1053 2524 1114 2545 enim
1132 2523 1206 2551 philo-

355 2566 441 2593 sophus
453 2565 573 2593 distinguit
584 2564 609 2588 in
626 2564 730 2591 homine,
751 2564 786 2586 alii
799 2563 867 2587 codd.
885 2562 1009 2592 (listingym't
1018 2562 1044 2585 iit
1061 2561 1134 2590 lianc,
1155 2562 1204 2584 Vnt.

355 2604 476 2634 tlisllngyut'l
500 2604 561 2627 lianc
578 2604 608 2626 in.
632 2604 700 2626 Paulo
718 2604 811 2625 interius
835 2609 878 2631 pro
896 2601 1116 2631 substautificatm.
1142 2600 1204 2629 quod

355 2650 381 2666 ex
404 2644 470 2666 codd.
495 2643 538 2665 CF
555 2643 587 2666 bb
605 2649 630 2665 cc
648 2645 669 2665 et
694 2643 743 2665 aliis
766 2648 807 2665 nec
829 2648 873 2665 non
897 2648 923 2664 ex
946 2642 981 2664 ed.
1014 2643 1018 2663 l
1047 2642 1205 2667 restituimus,

357 2683 405 2705 Vat.
419 2682 616 2712 susteullsicatur,
636 2688 695 2711 quae
712 2683 777 2704 lectio
789 2682 839 2704 Vnt.
853 2684 874 2704 et
886 2682 907 2703 in
926 2688 990 2710 seqq.
1003 2681 1106 2703 recurrit.
1121 2680 1206 2702 Deinde.

356 2728 398 2749 pro
416 2722 460 2751 ipsi
477 2722 563 2750 calor-t,
584 2728 643 2751 quae
661 2722 725 2744 lectio
743 2722 845 2744 innititur
862 2722 994 2743 auctoritate
1012 2720 1078 2743 codd.
1100 2720 1116 2741 Γ)
1129 2719 1143 2741 F
1156 2719 1173 2740 M
1188 2719 1206 2741 Y

356 2767 380 2782 aa
395 2760 426 2783 bh
438 2767 464 2783 ee
477 2765 526 2789 etc.7
545 2761 594 2783 Vat.
613 2760 714 2784 hominis
732 2759 826 2783 caloris.

418 2799 427 2813 3
444 2799 487 2822 Ct'r.
506 2800 634 2827 Avieenna,
654 2800 688 2822 lV.
702 2799 787 2822 Canon.
807 2799 850 2821 Fen
874 2800 889 2820 Ι.
909 2802 935 2821 tr.
955 2799 974 2820 3.
994 2804 1011 2820 c.
1035 2799 1057 2825 1,
1076 2797 1114 2820 ubi
1127 2803 1205 2820 seeun-

358 2839 412 2860 dum
432 2842 476 2860 tres
493 2840 581 2867 speeies
598 2839 773 2865 luimiditutum,
793 2844 851 2867 quae
869 2839 891 2860 111
910 2838 995 2859 hectica
1018 2837 1076 2859 attici
1096 2840 1204 2865 possunt,

357 2879 401 2898 tres
419 2876 505 2903 gradus
522 2879 571 2899 sive
588 2879 676 2905 species
695 2878 795 2899 hectieae
816 2876 990 2905 distinguuntur
1008 2879 1029 2898 et
1046 2876 1079 2898 sic
1096 2876 1206 2897 illustran-

358 2917 407 2936 tur:
430 2924 438 2933 «
452 2916 477 2937 Et
494 2916 616 2938 similitudo
635 2916 795 2938 humiditatum
812 2917 940 2944 primarum
958 2918 991 2938 est
1004 2916 1080 2937 oleum
1099 2915 1204 2937 lucernae

357 2954 455 2975 ettusum
474 2954 493 2975 in
513 2954 615 2981 lucerna,
638 2958 659 2976 et
676 2955 800 2977 similitudo
818 2955 973 2977 secundarum
992 2957 1025 2976 est
1044 2954 1120 2976 oleum
1138 2953 1205 2975 inihi--

359 2992 430 3013 bitum
448 2993 469 3013 in
492 2998 588 3019 corpore
612 2994 707 3019 lvehnii;
729 2998 749 3015 et
767 2994 892 3016 similitudo
911 2995 988 3016 tertiae
1013 2993 1154 3016 humiditatis
1172 2996 1205 3014 est

1037 191 1288 221 SENTENTIARUM
1311 191 1370 220 Llss.
1392 191 1420 219 ll.

1262 277 1296 298 ne
1318 269 1371 298 cito
1398 269 1521 298 licinium
1552 271 1734 297 consumatur
1746 279 1753 302 3
1772 272 1799 296 et
1821 267 1869 296 illa
1890 267 2044 296 humiditas
2064 267 2111 295 ali-

1262 316 1374 354 quando
1395 319 1531 353 augetur,
1550 315 1701 352 aliquando
1715 315 1869 349 minuitur,
1884 314 2035 352 aliquando
2049 322 2110 343 con-

1260 363 1391 398 sumitur,
1412 362 1563 400 aliquando
1585 361 1857 390 restauratur.—-Et
1879 361 1958 390 iuxta
1973 361 2045 390 hanc
2060 361 2109 389 du-

1262 410 1362 447 plicem
1392 409 1588 438 humiditatem
1615 408 1792 446 distinguunt
1818 409 1939 445 theologi
1960 407 2110 445 dupliciter

1262 458 1402 486 humanae
1423 460 1541 485 naturae
1563 456 1726 489 veritatem,
1748 456 1819 484 sicut
1841 456 1920 493 prius
1939 455 2046 484 dictum
2061 457 2110 483 est.

1343 505 1373 533 Et
1393 512 1443 542 per
1465 505 1518 533 hoc
1538 507 1614 541 patet
1635 503 1779 540 responsio
1794 502 1828 531 ad
1844 502 2034 539 quaestionem
2052 509 2112 539 pro-

2123 366 2137 384 N
2140 367 2215 394 otaudur

1262 553 1400 589 positam;
1421 555 1497 590 patet
1517 551 1601 580 etiam
1620 550 1765 588 responsio
1787 550 1822 579 ad
1844 549 1958 578 obiecta.
1981 549 2049 577 Nam
2071 557 2112 577 ra·
2120 553 2150 571 Ad
2158 559 2204 578 arze-

1263 599 1366 633 tiones,
1388 606 1460 636 quae
1481 597 1516 626 ad
1537 598 1658 634 primam
1681 600 1790 634 partem
1813 596 2002 630 inducuntur,
2017 595 2111 624 videli-

1263 649 1306 674 cet
1326 645 1401 682 quod
1424 645 1493 674 nihil
1516 645 1615 673 transit
1629 645 1656 673 in
1673 645 1818 673 veritatem
1839 643 1979 672 humanae
1994 645 2112 671 naturae

1264 693 1403 721 mediante
1434 699 1518 729 opere
1550 691 1720 725 nutritivae3
1752 690 1924 727 procedunt,
1957 690 2112 719 seeundum

1262 739 1337 776 quod
1360 739 1395 767 de
1417 738 1533 767 veritate
1559 738 1699 766 humanae
1720 740 1838 766 naturae
1860 737 1963 766 dicitur
1985 745 2046 766 esse
2067 736 2113 765 ali-

1262 786 1346 823 quid,
1368 786 1443 823 quod
1465 788 1507 814 est
1528 785 1563 813 de
1581 785 1748 813 necessitate
1762 785 1923 813 ordinatum
1939 784 1974 813 ad
1990 785 2114 813 incorru-

1262 833 1404 871 ptionem;
1426 835 1454 861 et
1474 832 1527 860 hoc
1549 831 1632 860 modo
1653 831 1724 860 bene
1745 831 1955 860 concedendum
1971 834 2021 865 est,
2036 831 2112 868 quod

1262 880 1332 908 nihil
1352 879 1452 908 transit
1467 879 1494 907 in
1510 878 1655 907 veritatem
1677 879 1784 907 nutriti.
1797 895 1835 899 —-
1847 879 1974 907 Rationes
1996 886 2062 907 vero
2077 878 2113 907 ad

1262 927 1421 964 oppositum
1443 925 1599 963 procedunt
1621 925 1656 954 de
1678 925 1794 954 veritate
1816 925 1955 954 humanae
1977 929 2113 960 naturae,

1263 973 1420 1002 secundum
1441 973 1517 1010 quod
1538 971 1608 1000 illud
1631 972 1733 1001 dicitur
1748 979 1809 1001 esse
1824 972 1858 1001 de
1874 972 1990 1001 veritate
2003 972 2022 1007 ⁴,
2038 972 2113 1010 quod

1263 1023 1304 1049 est
1325 1020 1485 1049 ordinatum
1515 1019 1550 1048 ad
1572 1019 1807 1048 resurrectionem
1830 1019 1865 1048 de
1887 1028 2026 1057 conyruo.
2048 1019 2114 1048 Tale

1262 1070 1356 1096 autern
1379 1070 1420 1096 est
1442 1075 1496 1095 non
1518 1066 1609 1095 solum
1631 1067 1707 1104 quod
1723 1066 1845 1095 trahitur
1860 1075 1876 1095 a
1890 1070 2049 1104 generante,
2064 1066 2113 1096 sed

1263 1115 1346 1143 etiam
1375 1118 1431 1143 tota
1459 1113 1506 1143 illa
1535 1121 1615 1148 caro,
1637 1121 1710 1151 quae
1731 1114 1873 1151 reperitur
1894 1114 1921 1142 in
1944 1114 2057 1143 homine
2086 1115 2113 1143 in

1263 1162 1323 1191 eius
1352 1165 1456 1197 morte,
1485 1162 1609 1190 maxime
1638 1161 1659 1190 si
1686 1169 1740 1190 non
1761 1161 1844 1190 faciat
1864 1161 1898 1189 ad
1921 1161 2047 1198 corporis
2069 1161 2113 1191 de-

1263 1210 1440 1238 formitatem.

1341 1256 1395 1285 Nec
1416 1257 1468 1285 hoc
1491 1256 1620 1293 impedit,
1640 1256 1716 1294 quod
1732 1256 1866 1285 Dominus
1880 1255 2015 1292 parvulos
2029 1256 2113 1285 susci-

1263 1303 1332 1332 tabit
1354 1304 1380 1332 in
1402 1303 1525 1340 perfecta
1546 1303 1708 1340 quantitate.
1724 1303 1795 1332 Dicit
1816 1303 1890 1332 enim
1914 1303 2084 1340 Augustinus
2094 1303 2112 1338 ⁵,

1263 1350 1338 1388 quod
1360 1349 1502 1387 supplebit
1524 1350 1614 1378 virtus
1636 1349 1745 1385 divina,
1761 1351 1808 1379 ubi
1825 1350 1918 1379 deficit
1932 1353 2049 1385 natura,
2064 1350 2113 1379 ubi

1264 1405 1330 1426 vero
1352 1400 1453 1426 natura
1469 1396 1655 1426 sufficientem
1670 1398 1780 1434 paravit
1794 1397 1955 1432 materiam,
1970 1397 2046 1426 Deus
2060 1405 2114 1426 non

1263 1444 1319 1481 agit
1340 1443 1510 1481 supplendo,
1526 1444 1574 1473 sed
1590 1442 1790 1480 reformando.
1808 1444 1861 1473 Nec
1877 1444 1950 1473 valet
1972 1444 2019 1473 illa
2034 1445 2113 1480 ratio,

1263 1491 1363 1528 quodsi
1392 1491 1467 1520 Deus
1495 1490 1607 1528 supplet
1636 1491 1662 1519 in
1692 1491 1897 1520 resurrectione
1927 1491 1985 1520 sine
2010 1491 2114 1520 addita-

1264 1542 1374 1573 mento,
1394 1538 1469 1576 quod
1491 1546 1565 1567 nunc
1587 1538 1715 1567 similiter
1745 1537 1793 1567 fiat
1821 1539 1880 1567 sine
1906 1538 2114 1573 additamento;

1264 1587 1330 1624 quia
1352 1586 1399 1615 illa
1420 1586 1473 1615 erit
1494 1585 1619 1623 operatio
1641 1585 1778 1614 mirabilis
1800 1590 1827 1614 et
1848 1594 1935 1623 supra
1963 1588 2113 1621 naturam,

1264 1633 1385 1662 hominis
1412 1640 1480 1661 vero
1501 1632 1643 1669 generatio
1664 1635 1691 1661 et
1712 1632 1917 1669 augmentatio„
1939 1639 2011 1669 quae
2039 1639 2114 1661 nunc

1263 1685 1320 1714 est,
1343 1680 1508 1710 naturaliter
1530 1680 1567 1708 sit.
1593 1680 1622 1708 Et
1644 1680 1706 1709 ideo
1720 1679 1768 1708 illa
1783 1680 1869 1713 ratio,
1885 1688 1970 1717 quam
1985 1680 2113 1717 Magister

1263 1729 1379 1757 adducit
1405 1728 1431 1757 in
1461 1727 1588 1758 littera0.
1611 1735 1665 1756 non
1689 1728 1775 1764 cogit,
1799 1728 1884 1755 immo
1905 1727 1977 1756 sicut
1998 1730 2115 1764 apparet

1263 1775 1423 1812 aspicienti,
1445 1775 1538 1811 arguit
1560 1783 1579 1803 a
1600 1774 1712 1803 maiori
1726 1773 1901 1803 affirmando.
1917 1773 2019 1803 —Illa
2034 1781 2114 1808 vero,

1263 1830 1335 1860 quae
1364 1822 1462 1851 ultimo
1490 1821 1715 1859 quaerebantur,
1742 1822 1797 1850 iam
1819 1821 1902 1858 plana
1923 1824 1989 1850 sunt
2010 1822 2060 1858 per'
2082 1828 2113 1850 ea

1262 1877 1334 1907 quae
1356 1870 1429 1898 dicta
1450 1872 1523 1898 sunt.

1342 1917 1375 1946 Ut
1396 1917 1481 1954 igitur
1496 1917 1531 1945 sit
1546 1917 1580 1945 ad
1596 1924 1685 1945 unum
1708 1916 1817 1950 dicere,
1839 1916 2049 1945 concedendum
2064 1919 2113 1950 est,

1263 2053 1398 2080 humiditas,
1421 2058 1465 2081 qua
1489 2053 1650 2074 continuantur
1674 2055 1751 2079 partes
1774 2052 1842 2079 cotti,
1867 2051 1895 2073 de
1918 2057 1965 2080 quo
1989 2051 2061 2074 sactus
2082 2054 2113 2074 est

1264 2093 1396 2120 lychnitis».
1416 2091 1491 2114 Tertia
1514 2091 1602 2119 species
1621 2091 1722 2113 hecticae
1739 2094 1784 2119 est,
1803 2097 1863 2119 quac
1881 2091 1959 2119 incipit
1977 2096 2114 2113 consumere

1264 2131 1422 2154 humiditatem
1446 2130 1580 2157 radicalem,
1604 2137 1614 2150 «
1629 2130 1686 2152 sicut
1704 2130 1783 2157 incipit
1801 2130 1892 2151 ssainma
1911 2129 2009 2151 adurere
2031 2135 2115 2158 corpus

1264 2171 1346 2198 lychnii
1365 2174 1386 2192 et
1404 2169 1550 2192 humiditatcs
1572 2169 1621 2190 eius
1638 2168 1749 2190 radicales
1762 2176 1787 2196 »3
1811 2171 1831 2190 et
1850 2169 1906 2190 haec
1927 2176 1937 2187 (ι
1954 2168 2053 2196 amplius
2070 2174 2114 2191 non

1263 2210 1422 2233 reclinentur...
1442 2212 1463 2231 et
1481 2215 1563 2237 parum
1581 2209 1662 2236 recipit
1679 2208 1831 2236 curationem,
1850 2209 1891 2230 nisi
1906 2208 1968 2231 Deus
1986 2209 2040 2231 velit
2052 2217 2072 2231 n.
2086 2222 2115 2224 —

1263 2249 1323 2272 Loco
1341 2249 1406 2272 verbi
1430 2248 1503 2272 licinii
1519 2249 1569 2270 Vat..
1588 2250 1717 2270 constanter
1739 2247 1831 2270 exhibet
1847 2246 1992 2277 ellychnia,-
2016 2247 2057 2270 sed
2075 2248 2114 2271 ct'r.

1264 2289 1342 2311 Isidor.
1362 2289 1413 2311 XX.
1426 2288 1554 2316 Etymolog.
1572 2293 1590 2309 e.
1614 2288 1646 2309 10.
1660 2293 1680 2309 n.
1700 2287 1725 2309 2:
1744 2287 1853 2309 Lucerna
1865 2293 1876 2309 a
1895 2286 1979 2317 lychno
1998 2287 2056 2310 dicta
2070 2290 2115 2316 est,

1264 2328 1325 2351 unde
1342 2331 1363 2351 et
1380 2328 1458 2350 brevis
1470 2331 1503 2350 cst
1521 2326 1627 2356 [syllaba]
1642 2326 1688 2349 he...
1707 2325 1818 2356 Lycltnus
1830 2329 1907 2348 autem
1925 2327 1991 2355 quasi
2004 2326 2114 2355 lucinius,-

1264 2371 1297 2390 est
1315 2368 1375 2389 enim
1388 2366 1502 2390 cicendela
1522 2366 1634 2388 lucernae.
1654 2366 1683 2388 lta
1696 2366 1718 2387 in
1736 2365 1772 2387 ed.
1786 2365 1866 2393 Migne.
1886 2365 1908 2387 ln
1924 2365 1960 2387 ed.
1972 2365 2042 2387 Paris.
2059 2365 2110 2387 1601

1264 2406 1347 2434 legitur
1366 2405 1401 2428 bis
1419 2404 1496 2429 licinio
1508 2406 1554 2432 (us)
1573 2411 1615 2432 pro
1633 2403 1718 2435 lychno
1732 2404 1778 2433 (us)
1791 2406 1813 2426 et
1828 2403 1872 2427 lua·
1885 2410 1926 2432 pro
1940 2403 1966 2427 lu
1978 2410 2004 2426 ac
2016 2402 2115 2427 candela

1264 2450 1307 2472 pro
1325 2443 1449 2467 ‹ttamideta
1663 2442 1672 2456 ⁴
1690 2443 1739 2465 Vat.
1758 2442 1851 2471 supplet
1869 2441 1988 2465 humanae.
2005 2442 2114 2465 naturae.

1327 2483 1336 2498 ⁵
1353 2483 1413 2506 Libr.
1432 2483 1501 2506 XXll.
1519 2482 1548 2505 de
1566 2482 1614 2505 Civ.
1633 2482 1684 2510 Dei,
1707 2488 1725 2504 e.
1749 2481 1786 2504 lli:
1809 2482 1891 2510 «Quid
1909 2488 1966 2510 ergo
1984 2481 2012 2504 de
2029 2482 2115 2504 intanti-

1263 2523 1308 2546 bus
1325 2523 1407 2546 dicturi
1424 2529 1516 2549 sumus,
1530 2523 1595 2544 nisi...
1609 2521 1671 2551 quod
1684 2522 1717 2544 eis
1729 2521 1816 2544 tardius
1834 2526 1981 2543 accessurum
1999 2524 2047 2543 erat
2062 2522 2115 2543 tem·

1265 2569 1332 2591 pore,
1351 2563 1393 2584 hoc
1406 2564 1458 2584 suut
1469 2562 1506 2584 illo
1524 2561 1563 2583 Dei
1576 2567 1646 2589 operi·
1666 2561 1723 2582 miro
1741 2563 1809 2588 atque
1822 2561 1941 2582 celerrimo
1960 2560 2113 2588 καθ-11111119...

1264 2601 1364 2623 Creatori
1383 2602 1468 2629 utique,
1486 2601 1525 2629 qui
1548 2601 1633 2622 creavit
1651 2602 1731 2622 cuncta
1751 2599 1779 2621 dc
1797 2599 1878 2625 nihilo,
1897 2598 2015 2627 quomodo
2035 2598 2114 2621 deesse

1265 2644 1352 2668 posset,
1370 2640 1431 2662 unde
1452 2639 1547 2661 adderet
1564 2638 1627 2667 quod
1646 2638 1781 2661 addendum
1805 2644 1855 2660 esse
1874 2639 1946 2660 mirus
1964 2638 2047 2660 Artifex
2066 2643 2114 2660 nos-

1264 2683 1297 2702 set
1310 2681 1338 2701 nt>
1358 2680 1380 2701 Et
1399 2679 1453 2701 ibid.
1473 2685 1491 2700 c.
1515 2679 1547 2700 19.
1567 2684 1586 2700 n.
1600 2679 1629 2700 *Ξῖ
1649 2677 1715 2705 Quod
1735 2678 1811 2699 minus
1829 2680 1861 2699 est
1874 2683 1944 2705 quam
1963 2676 2039 2704 decet,
2053 2676 2114 2699 unde

1264 2718 1357 2741 Creator
1375 2719 1449 2745 novit,
1468 2717 1520 2740 inde
1542 2716 1696 2745 supplebitur.

1327 2757 1336 2771 ὅ
1354 2757 1394 2779 llic
1411 2762 1429 2778 c.
1452 2756 1488 2782 l5;
1506 2759 1527 2778 ct
1545 2757 1601 2778 ratio
1619 2759 1664 2783 est,
1684 2756 1736 2784 quia
1755 2755 1844 2783 purvuli
1862 2758 1983 2782 resurgent
2001 2755 2023 2776 in
2042 2754 2114 2781 perse-

1264 2800 1297 2819 eta
1316 2797 1447 2825 quantitate.
1463 2808 1492 2811 —
1509 2796 1540 2817 De
1554 2796 1667 2817 locutione
1685 2794 1794 2824 armata.
1811 2792 2054 2823 maioriaffirmaudo
2074 2793 2113 2815 cfr.

1264 2842 1324 2865 quae
1337 2840 1390 2858 torn.
1410 2836 1422 2857 l.
1442 2841 1494 2863 pag.
1514 2834 1569 2862 5235,
1589 2838 1639 2857 nota
1659 2834 1679 2856 5
1698 2840 1724 2856 ex
1744 2834 1808 2855 Petro
1826 2833 1927 2860 Hispano
1944 2833 2113 2859 annotavimus,

1264 2875 1302 2898 ubi
1322 2876 1379 2898 inter
1398 2875 1438 2897 alia
1458 2876 1525 2897 haec:
1540 2874 1612 2897 Locus
1630 2880 1644 2896 a
1657 2873 1746 2896 maiori
1758 2876 1791 2895 est
1809 2872 1918 2895 habitudo
1937 2873 2009 2900 ipsius
2021 2873 2114 2894 maioris

1264 2914 1292 2936 ud
1306 2916 1382 2936 minus
1393 2917 1414 2936 ct
1425 2917 1459 2936 est
1470 2920 1563 2941 semper
1575 2912 1739 2940 «taso-zuttivas,
1755 2915 1780 2934 ut
1792 2918 1830 2934 rex
1840 2918 1884 2934 non
1895 2915 1969 2939 potest
1981 2917 2113 2939 expugnare

1264 2958 1376 2979 eastriim,
1395 2959 1450 2981 ergo
1469 2959 1510 2975 nee
1533 2953 1604 2975 miles.
1623 2964 1654 2968 -
1672 2952 1739 2974 Paulo
1757 2956 1809 2979 post
1828 2952 1875 2973 Vnt.
1899 2957 1951 2973 cum
1977 2950 2029 2972 edd.
2055 2950 2079 2977 37
2104 2950 2109 2971 1

1264 2994 1344 3014 omittit
1362 2992 1445 3015 rerba:
1466 2992 1494 3014 Ut
1511 2991 1584 3021 iffl‘tur
1602 2991 1630 3013 sit
1648 2990 1679 3013 (ul
1697 2997 1772 3013 (zuzim
1789 2990 1870 3013 (Ιίεμνη

2124 579 2198 618 pti-aque
2206 584 2213 603 ς

2132 605 2148 619 e⁴

2126 1259 2155 1277 Ad
2168 1259 2184 1277 1.
2198 1264 2216 1278 ai·

2139 1288 2171 1306 pro
2186 1288 2222 1310 par,

2137 1308 2222 1333 neganti

2127 1784 2156 1802 Ad
2168 1788 2215 1807 quaev

2138 1807 2214 1833 incident

2132 1832 2215 1854 genet-atr

2215 661 2218 683 ἶ
2240 673 2242 692 l
