2243 3425
30 1431 125 1455 Epilogus.

0 1667 133 1686 Fundamenta.

749 213 830 241 DIST.
854 213 940 241 XXIII.
963 213 1035 242 ART.
1057 213 1086 241 ΙΙ.
1109 213 1245 250 QUAEST.
1268 213 1307 241 111.

143 291 209 319 tiam
231 293 367 328 quantum
400 290 435 319 ad
465 291 552 325 illud,
573 299 623 328 per
644 291 719 328 quod
741 291 880 328 cognoscit
893 291 921 323 1ι,
943 291 991 320 sed

144 337 301 366 intellectus
322 340 433 366 creatus
465 346 518 366 non
551 341 640 375 potest
667 345 752 374 super
781 338 870 374 ipsam
900 337 990 366 lucem

144 384 294 413 increatam
316 384 344 412 In
366 392 411 419 se,
433 387 693 422 quantumcumque
712 384 838 413 elevetur
861 392 910 420 per
933 392 993 421 gra-

143 431 226 465 tiam,
248 431 306 460 sive
337 439 387 468 per
409 431 543 468 gloriam,
565 431 631 468 quia
652 431 700 459 illa
721 438 833 468 semper
854 430 882 459 in
904 430 992 458 infini-

142 480 202 506 tum
224 478 350 507 excedit:
377 486 443 515 ergo
464 477 640 515 impossibile
657 480 714 511 est,
736 477 811 514 quod
833 477 991 506 Intellectus

141 525 231 562 ipsam
254 525 345 554 lucem
367 525 518 553 increatam
540 524 634 553 videat
655 524 683 552 in
699 532 727 553 se
743 524 811 561 ipsa.
827 541 865 544 —
882 524 993 560 Quodsi

142 575 173 600 111
195 572 291 605 (licem,
313 572 449 600 rationem
471 571 551 599 istam
575 578 629 599 non
651 578 764 607 cogere,
787 570 853 608 quia
868 571 991 608 potentia

142 619 279 656 cognitiva
310 618 375 655 plus
396 621 438 647 est
459 617 486 646 in
509 617 687 654 suscipiendo
708 625 792 654 quam
815 617 842 645 in
864 618 990 655 agendo;

141 665 302 694 ostenditur
339 665 391 694 lioc
420 665 512 701 ipsum
543 665 673 693 3001101111
694 664 894 701 persuasione:
925 664 990 701 quia

141 712 330 750 cognoscentis
350 712 386 741 ad
408 711 592 749 cognoscibile
614 711 697 740 debet
718 719 778 740 esse
803 712 946 749 proportio
964 711 990 745 ²,

140 759 264 789 maxime
293 759 318 788 in
351 767 384 788 ea
415 759 585 796 cognitione,
608 758 634 787 in
657 766 713 796 qua
733 762 775 787 est
796 766 897 795 magna
918 758 990 787 dele-

140 807 231 836 ctatio.
254 807 280 835 Si
302 814 369 843 ergo
390 806 465 835 illius
493 813 620 835 summae
642 805 713 834 lucis
735 808 864 843 respectu
887 806 990 835 intelle-

137 857 202 883 ctus
223 854 310 883 nostri
332 857 374 882 est
405 861 539 882 excessus
561 852 848 890 improportionabilis
876 856 903 882 et
936 856 990 881 tan-

139 903 201 935 tus,
223 903 255 929 ut
276 908 326 938 per
357 899 427 929 nihil
459 899 586 928 additum
618 899 706 936 possit
736 899 760 928 ei
782 899 988 936 proportionari

139 950 233 976 noster
254 947 427 982 intellectus,
447 947 514 984 quin
530 954 640 983 semper
656 946 774 975 excedat
789 946 817 974 in
832 946 988 980 Infinitum3

139 995 267 1029 videtur,
299 994 375 1032 quod
406 1002 552 1031 nunquam
584 993 611 1022 in
643 993 717 1022 fonte
739 993 809 1023 lucis
831 993 988 1023 intellectus

139 1045 233 1071 noster
254 1041 342 1079 possit
357 1041 538 1078 contemplari
554 1041 652 1070 Deum.
668 1058 707 1061 —
723 1040 835 1076 Quodsi
849 1044 879 1069 111
895 1041 988 1075 diocte,

139 1089 214 1127 quod
235 1097 289 1117 non
311 1088 466 1126 requiritur
497 1088 533 1117 ibi
566 1089 710 1126 proportio
731 1088 909 1126 quantitatis,
938 1089 987 1117 sed

139 1136 230 1165 solum
262 1135 481 1170 conformitatis,
513 1135 676 1163 ostenditur
702 1135 754 1164 hoc
775 1135 849 1164 idem
876 1143 988 1172 persua-

139 1183 215 1212 sione
242 1183 336 1211 tertia.
369 1182 395 1211 Si
417 1183 491 1211 enim
512 1182 540 1211 in
562 1182 651 1219 glorIa
672 1182 747 1211 Deus
768 1182 880 1211 videtur
909 1183 935 1211 10
959 1190 988 1212 56

139 1231 199 1268 ipso
221 1233 247 1259 et
268 1230 374 1267 absque
395 1230 469 1258 omni
493 1230 597 1263 medio,
619 1238 683 1259 cum
706 1230 765 1267 ipse
786 1230 813 1258 in
836 1238 865 1259 se
880 1230 987 1258 nullam

139 1277 241 1306 habeat
263 1277 472 1311 diversitatem,
501 1277 614 1305 omnino
636 1277 780 1306 videretur
802 1277 837 1306 ab
858 1277 988 1306 omnibus

140 1324 325 1353 uniformiter.
348 1323 450 1361 Quodsi
477 1326 599 1358 constat,
621 1331 681 1352 esse
704 1324 729 1352 in
753 1324 841 1361 gloria
862 1324 989 1353 differen—

139 1372 191 1400 tias
223 1371 430 1408 praemiorum,
462 1379 517 1399 non
539 1371 666 1406 videtur,
689 1371 764 1408 quod
786 1371 892 1408 absque
913 1372 988 1400 omni

140 1419 232 1447 medio
254 1418 328 1447 Deus
349 1426 365 1446 a
386 1417 540 1455 glorificata
554 1418 647 1446 anima
662 1418 799 1446 videatur.
812 1435 850 1438 —
862 1418 887 1446 Si
904 1418 989 1455 igitur

141 1465 252 1494 videtur
274 1473 323 1502 per
345 1465 495 1498 tumtunm
526 1467 553 1493 et
584 1465 623 1494 sIc
655 1465 804 1493 videbatur
825 1465 862 1493 ab
883 1465 988 1494 Adam:

140 1516 227 1541 restat
257 1520 339 1549 ergO,
371 1512 444 1550 quod
478 1511 564 1540 Adam
586 1519 618 1540 eo
640 1519 741 1548 genere
763 1512 927 1549 cognitionis
949 1520 990 1541 co-

140 1559 250 1596 gnovit,
273 1567 328 1597 quo
350 1560 513 1597 cogniturae
534 1562 600 1588 sunt
621 1559 731 1587 animae
752 1559 858 1588 beatae.

219 1607 272 1635 SED
293 1614 420 1635 CONTRA:
447 1607 470 1634 1.
502 1606 588 1635 Exodi
612 1606 756 1643 trigesimo
778 1606 859 1635 tertio
873 1606 901 1634 ⁵³:
925 1605 989 1634 Nou

140 1653 249 1681 videbit
266 1661 310 1681 me
331 1652 432 1687 1101110,
463 1657 490 1681 et
508 1653 591 1682 oinct.
613 1653 741 1687 Constat,
763 1653 839 1690 quod
861 1653 914 1682 hoc
935 1661 988 1681 non

140 1700 305 1737 intelligitur
333 1700 368 1729 de
399 1701 455 1729 vita
486 1700 640 1738 spirituali,
663 1700 710 1729 sed
734 1700 768 1729 de
792 1700 847 1728 vita
868 1700 989 1728 animali.

141 1747 167 1775 Si
190 1747 275 1784 Igitur
297 1747 383 1776 Adam
405 1747 433 1775 in
455 1750 529 1776 statu
550 1747 724 1776 innocentiae
745 1747 803 1776 vita
825 1747 937 1776 animali
954 1747 991 1775 vi-

140 1794 240 1823 vebat:
264 1802 330 1831 ergo
351 1794 440 1823 Deum
462 1794 558 1823 videre
579 1802 634 1823 non
656 1797 773 1831 poterat.

221 1843 246 1870 2.
270 1842 353 1877 item,
375 1835 483 1871 Ioannis
506 1842 629 1879 primo⁴t
648 1842 740 1870 Deum
754 1850 837 1870 1161110
852 1841 992 1870 ’0111111111-

142 1897 249 1927 quam,
272 1889 332 1917 uisi
352 1889 521 1927 um'gyouitus
542 1892 608 1918 etc.:
632 1889 654 1918 si
670 1896 736 1926 ergo
752 1888 848 1918 nullus
864 1897 989 1926 unquam

140 1935 210 1964 vidit
231 1936 320 1965 Deum
342 1939 405 1965 ante
426 1936 579 1965 adventum
601 1936 718 1970 Christi,
741 1943 807 1973 ergo
828 1944 879 1965 nec.
895 1936 988 1964 Adam.

220 1982 245 2011 3.
268 1982 348 2017 Item,
371 1990 456 2020 super
478 1983 548 2012 illud
570 1983 655 2012 Isaiae
677 1983 792 2012 sexto⁵:
815 1983 991 2011 11111ῑῦ01111·-

140 2038 213 2058 1111111
233 2030 376 2059 sedentem
408 2033 475 2065 ete,
507 2030 672 2067 Gregorius:
701 2031 990 2067 «Quantumcumque

141 2085 220 2106 mens
252 2078 278 2106 in
308 2077 540 2115 contemplatione
572 2077 735 2114 profecerit,
768 2084 878 2114 semper
914 2077 989 2114 quod

142 2125 213 2154 infra
244 2125 334 2154 Deum
365 2128 407 2154 est
438 2125 550 2154 videt»:
578 2133 645 2162 ergo
677 2125 806 2159 videtur,
827 2124 902 2162 quod
925 2133 990 2154 cum

140 2172 226 2210 aliqui
249 2172 375 2202 homines
403 2172 568 2210 perveniant
598 2172 634 2201 ad
665 2172 845 2201 eminentiam
867 2172 989 2209 gratiae,

140 2228 212 2257 quae
235 2219 287 2249 fuit
308 2220 336 2248 in
351 2220 452 2254 Adam,
468 2222 494 2248 et
508 2219 605 2248 nullus
620 2219 647 2247 in
663 2219 802 2256 praesenti
824 2226 874 2256 per
896 2222 989 2248 actum

141 2266 381 2304 contemplationis
401 2266 491 2295 Deum
512 2267 617 2295 videat:
640 2274 707 2303 ergo
722 2266 846 2295 nondum
870 2266 990 2294 habebat

141 2313 218 2342 illam
240 2314 392 2348 visionem,
414 2321 499 2350 quam
521 2316 665 2350 exspectat
686 2313 780 2341 anima
808 2315 910 2341 sancta.

219 2361 245 2389 lt.
269 2361 352 2395 Item,
374 2360 444 2389 visio
466 2360 515 2389 Dei
536 2362 577 2388 est
606 2363 663 2388 tota
684 2359 830 2388 merces⁶z
853 2367 920 2396 ergo
942 2360 989 2396 qui

140 2407 275 2437 visionem
297 2408 346 2436 Dei
367 2407 452 2436 habet
472 2407 582 2444 plenam
604 2406 689 2435 habet
704 2406 877 2441 mercedem,
900 2406 989 2443 etqui

204 2589 211 2603 ¹
229 2589 363 2611 Secundum
388 2590 496 2617 August.⁷
523 2588 552 2610 de
570 2588 629 2610 Vera
653 2588 725 2616 Relig.
748 2594 766 2610 c.
785 2588 822 2610 29.
840 2594 861 2610 n.
888 2587 925 2610 53.
943 2586 988 2610 Ctr.

141 2630 196 2650 tom.
210 2628 223 2650 I.
236 2634 290 2656 pag.
304 2628 345 2655 68,
359 2630 411 2650 nota
424 2627 444 2649 3.
456 2639 488 2643 —
498 2627 555 2654 Vnt„
568 2626 704 2655 discrepans
722 2632 775 2649 cum
793 2626 860 2648 codd.
874 2629 896 2648 et
908 2627 989 2653 primis

141 2667 202 2694 edd„
220 2666 284 2697 quod
301 2666 421 2696 coqnoscz't
443 2673 485 2695 pro
502 2673 544 2696 per
562 2666 625 2696 quod
642 2665 767 2695 cognoscit.
787 2665 921 2688 Immediate
938 2669 990 2693 post

142 2706 236 2734 plurimi
254 2705 321 2728 codd.
340 2712 393 2728 cum
411 2705 464 2728 edd.
487 2706 508 2733 i,
527 2706 539 2727 2
558 2706 666 2727 omittunt
681 2704 728 2727 sed.

206 2745 214 2759 ἵ
232 2746 338 2773 Aristot,
357 2745 393 2767 Vl.
411 2745 481 2767 Ethic.
500 2751 519 2767 c.
541 2745 563 2767 l:
581 2744 701 2773 Siquidem
718 2750 745 2766 ex
763 2743 910 2766 similitudine
936 2749 990 2772 qua-

144 2784 197 2806 dam
215 2786 237 2806 et
253 2784 361 2806 affinitate
378 2784 479 2812 cognitio
496 2784 570 2806 existit
586 2784 642 2811 Ipsis
661 2782 781 2810 (potentiis
798 2783 910 2809 animae).

206 2822 216 2837 3
233 2823 297 2845 Vers.
316 2824 353 2845 20.

206 2860 214 2872 ⁴
233 2862 297 2884 Vers.
320 2862 352 2884 18.

204 2901 214 2915 5
231 2901 297 2923 Vers.
319 2901 336 2922 1.
356 2900 431 2923 Verba
450 2901 568 2928 Gregorii,
587 2900 610 2922 ll.
628 2901 650 2922 in
669 2900 750 2921 Ezech.
768 2900 845 2921 homil.
865 2900 886 2921 2.
912 2905 933 2921 n.
957 2899 989 2922 111.

143 2942 199 2962 hacc
216 2942 281 2962 sunt:
300 2939 357 2962 Cum
376 2945 441 2961 mens
459 2940 479 2961 in
498 2939 690 2967 contemplatione
711 2938 848 2966 profecerit,
875 2944 919 2960 non
945 2939 989 2960 inm

141 2979 205 3008 qnod
217 2980 266 3007 ipse
278 2982 318 3006 est,
332 2978 371 3001 sed
385 2978 408 3000 id
421 2978 484 3007 qnod
496 2977 540 3001 snb
558 2979 608 3006 ipso
621 2980 661 3005 est,
675 2978 850 3005 contemplatur.
863 2990 894 2994 —
906 2978 928 2999 In
948 2978 991 3000 hoc

142 3022 203 3041 textu
220 3025 263 3047 pro
276 3024 342 3041 mens
355 3024 399 3041 non
412 3019 479 3046 pauci
492 3017 567 3046 codd„
580 3021 603 3040 nt
621 3017 637 3040 C
647 3017 662 3039 L
673 3017 689 3039 N
701 3017 715 3039 Ρ
725 3017 743 3045 Q
753 3017 771 3039 R
781 3017 796 3039 S
806 3017 832 3043 T,
851 3017 991 3040 substituunt

1842 214 1898 243 5243

1050 291 1102 320 hoc
1125 291 1208 320 habet
1229 291 1313 320 habet
1333 292 1443 329 plenam
1466 292 1600 329 gloriam,
1622 295 1649 321 et
1665 291 1760 321 nullus
1778 292 1898 329 111115110-

1049 341 1103 366 test
1123 338 1238 367 cadere:
1262 339 1284 367 si
1307 338 1391 376 igitur
1414 339 1498 368 Adam
1530 339 1642 373 cecidit,
1670 347 1736 376 ergo
1758 339 1848 368 Deum
1870 339 1897 368 in

1049 392 1078 413 se
1100 385 1159 421 ipso
1181 393 1234 413 non
1258 385 1334 414 vidit.

1129 432 1260 466 5.116111,
1283 432 1333 461 lux
1356 433 1478 461 increata
1501 433 1624 470 perfecta
1649 433 1832 462 delectatione
1854 434 1898 463 de-

1049 477 1160 506 lectabit
1181 479 1361 515 aspicientes:
1394 487 1460 516 ergo
1492 480 1514 508 si
1549 480 1635 509 Adam
1659 480 1735 509 illam
1756 488 1897 509 summam

1049 524 1139 553 lucem
1161 526 1331 562 aspexisset,
1353 527 1475 563 perfecte
1507 527 1533 555 in
1556 535 1588 556 ea
1610 527 1763 556 delectatus
1784 527 1896 556 fuisset:

1047 578 1114 608 ergo
1137 580 1281 609 nunquam
1302 573 1337 601 ab
1359 581 1391 601 ea
1412 574 1500 602 averti
1524 574 1717 603 consensisset.

1128 619 1152 646 6.
1175 618 1258 654 11601,
1279 622 1376 647 31111113
1398 620 1459 649 viae
1480 623 1507 649 et
1539 625 1635 649 status
1666 621 1774 658 patriae
1796 621 1898 650 debent

1047 672 1108 693 esse
1130 665 1266 694 distincti:
1299 673 1365 703 ergo
1398 667 1458 703 pari
1483 667 1590 695 ratione
1613 668 1814 705 contemptatio
1836 668 1897 696 viae

1047 715 1074 740 et
1095 712 1297 749 contemplatio
1319 713 1441 750 patriae,
1464 714 1511 742 sed
1535 714 1620 743 Adam
1643 718 1702 743 erat
1717 715 1815 749 viator,
1831 722 1897 752 ergo

1047 767 1103 787 non
1125 763 1185 788 erat
1206 760 1440 797 comprehensor:
1463 768 1530 797 ergo
1551 769 1606 789 non
1641 769 1673 789 eo
1695 769 1797 798 genere
1817 762 1897 791 visio-

1047 806 1090 835 nis
1111 806 1232 841 videbat,
1254 815 1310 844 quo
1331 807 1428 836 videre
1450 811 1648 845 exspectamus
1670 809 1696 837 in
1719 809 1817 846 patria.

1364 909 1582 931 CONCLUSIO.

1048 994 1147 1023 Adam
1169 994 1200 1023 z'u
1230 999 1311 1024 statu
1342 995 1523 1024 t'mzoceutz'cte
1551 1004 1610 1024 uou
1641 996 1774 1033 00900011
1804 996 1898 1025 Deum

1125 1042 1285 1071 immediate
1301 1046 1326 1071 et
1347 1042 1378 1071 oz
1399 1051 1457 1071 sust
1471 1043 1649 1077 substantia,
1665 1047 1699 1072 111
1712 1044 1897 1081 coquo-scitur

1126 1090 1156 1118 111
1184 1089 1292 1127 9101111,
1327 1090 1377 1118 secl
1405 1099 1458 1127 per
1480 1090 1645 1128 speculum,
1667 1099 1725 1119 uon
1747 1095 1845 1120 autem
1866 1091 1898 1120 iu

1124 1137 1288 1173 aenigmate.

1128 1231 1306 1260 Responnao:
1328 1231 1366 1260 Ad
1390 1231 1598 1269 praedictorum
1622 1232 1832 1270 intelligentiam
1855 1236 1897 1262 est

1046 1278 1217 1312 notandum,
1239 1278 1315 1315 quod
1343 1279 1529 1307 communiter
1561 1287 1658 1308 omnes
1678 1282 1786 1316 ponunt
1807 1280 1897 1317 cogni-

1047 1325 1167 1359 tionem,
1188 1333 1273 1362 quam
1296 1325 1417 1354 habebat.
1438 1326 1523 1354 Adam
1539 1326 1574 1355 de
1596 1326 1664 1360 Deo,
1680 1326 1807 1355 mediam
1823 1327 1895 1356 inter
1909 1339 2007 1358 Conclusio
2021 1340 2039 1358 1.

1046 1372 1246 1408 cognitionem,
1268 1380 1340 1409 quae
1368 1375 1409 1401 est
1441 1373 1468 1401 in
1496 1376 1571 1401 statu
1594 1373 1737 1405 miseriae,
1759 1377 1786 1402 et
1806 1374 1897 1411 cogni-

1046 1419 1165 1453 tionem,
1187 1427 1260 1456 quae
1275 1419 1328 1448 erit
1349 1419 1376 1447 in
1399 1422 1473 1448 statu
1494 1419 1615 1456 gloriae:
1631 1420 1679 1449 sed
1703 1421 1730 1448 in
1750 1421 1835 1449 1110110
1851 1429 1897 1458 po—

1046 1466 1130 1494 nendi
1153 1466 1276 1503 plurima
1297 1469 1339 1495 est
1361 1466 1526 1495 differentia.

1126 1513 1245 1550 Quidam
1268 1521 1401 1551 namquo,
1424 1513 1572 1543 innitentes
1587 1514 1801 1543 auctoritatibus
1823 1515 1896 1544 male
1909 1519 1939 1546 ne,
1950 1519 2004 1538 modo
2021 1525 2039 1538 0·

1046 1560 1194 1589 intellectis
1215 1565 1242 1589 et
1263 1560 1418 1590 rationibus
1440 1561 1613 1598 sophisticis,
1635 1561 1784 1596 dixerunt,
1808 1562 1896 1591 Deum

1048 1616 1193 1645 nunquam
1216 1608 1381 1636 immediate
1396 1608 1494 1643 videri,
1511 1616 1561 1637 nec
1576 1609 1603 1637 in
1619 1609 1663 1637 via
1679 1617 1729 1638 nec
1749 1610 1775 1637 in
1799 1609 1896 1647 patria.

1048 1655 1119 1683 Dicit
1140 1655 1213 1684 enim
1236 1655 1486 1692 Chrysostonms⁷:
1514 1656 1649 1692 «Ipsum,
1675 1656 1723 1693 qui
1744 1656 1819 1685 Deus
1841 1660 1898 1687 est.

1047 1710 1102 1730 non
1125 1702 1216 1730 solum
1238 1702 1407 1739 prophetae,
1423 1702 1472 1731 sed
1488 1710 1539 1731 nec
1555 1702 1638 1731 etiam
1653 1703 1748 1740 Angeli
1763 1703 1897 1733 vident».

1049 1749 1079 1777 Et
1100 1749 1170 1778 aliae
1202 1749 1383 1786 reperiuntur
1416 1749 1597 1779 auctoritates
1625 1750 1799 1785 consimiles,
1828 1759 1899 1788 quas

1048 1797 1121 1825 male
1153 1796 1338 1833 intelligentes
1369 1799 1396 1825 et
1428 1799 1574 1834 putantes,
1604 1797 1655 1826 hoc
1688 1797 1795 1826 dictum
1817 1806 1898 1832 esse,

1048 1844 1123 1881 quod
1156 1843 1231 1872 Deus
1263 1843 1430 1872 timuediute
1461 1844 1551 1873 videri
1584 1852 1637 1873 non
1669 1849 1763 1881 posset
1783 1848 1899 1883 propter

1047 1890 1407 1928 improportionabilitatem
1443 1891 1514 1919 111615
1545 1891 1685 1920 increatae
1715 1891 1751 1920 ad
1784 1891 1897 1920 oculum

1048 1938 1149 1967 mentis
1171 1941 1296 1972 creatae,
1318 1937 1465 1973 dixerunt,
1488 1938 1563 1975 quod
1593 1938 1667 1967 Deus
1689 1946 1739 1975 per
1761 1939 1898 1976 quasdam

1048 1984 1267 2013 lucubrationes
1288 1984 1377 2013 videri
1406 1984 1491 2013 habet
1522 1989 1549 2014 et
1570 1985 1597 2013 in
1619 1989 1693 2014 statu
1715 1985 1795 2015 viae.
1818 1989 1844 2014 et
1871 1986 1899 2014 in

1047 2034 1121 2060 statu
1143 2031 1316 2060 innocentiae
1338 2031 1502 2066 videbatur,
1525 2034 1552 2061 et
1573 2032 1599 2060 in
1622 2035 1696 2061 statu
1718 2032 1823 2069 gloriae
1833 2032 1851 2060 ὃ.
1869 2033 1899 2061 Et

1047 2077 1075 2106 in
1101 2077 1156 2107 illis
1179 2077 1325 2107 luminosis
1350 2078 1502 2107 influentiis
1524 2078 1667 2113 dixerunt,
1690 2079 1778 2107 Deum
1802 2079 1827 2107 in
1854 2079 1898 2107 1115

1047 2125 1166 2154 statibus
1188 2125 1277 2154 videri
1300 2126 1388 2163 magis
1420 2126 1494 2154 clare
1526 2129 1553 2155 et
1574 2126 1668 2155 minus
1690 2126 1779 2159 clare.
1802 2134 1897 2155 secun-

1048 2172 1116 2201 dum
1132 2172 1207 2209 quod
1222 2172 1297 2201 Deus
1313 2180 1342 2201 se
1365 2173 1453 2210 magis
1474 2173 1555 2201 oculo
1577 2176 1672 2202 nostro
1698 2174 1758 2202 vult
1779 2176 1898 2202 contem-

1047 2226 1147 2256 perare
1169 2223 1195 2248 et
1217 2219 1385 2248 clarioribus
1407 2219 1584 2256 theophaniis
1605 2219 1760 2248 ostendere.
1783 2236 1820 2240 -—
1843 2219 1896 2248 Sed

1048 2266 1099 2294 ista
1120 2266 1220 2303 positio
1249 2266 1389 2295 haeretica
1420 2270 1461 2295 est
1482 2269 1508 2294 et
1541 2266 1704 2303 reprobata3
1731 2274 1781 2295 nec
1802 2266 1897 2294 imme-

1048 2312 1113 2347 rito,
1136 2313 1201 2350 quia
1222 2316 1249 2341 et
1270 2316 1367 2341 contra
1381 2313 1527 2341 rationem
1549 2316 1605 2347 est,
1629 2321 1693 2341 cum
1715 2313 1808 2341 anima
1822 2313 1898 2349 quie-

1026 2367 1125 2388 *scere
1147 2360 1267 2397 perfecte
1290 2368 1343 2388 000
1366 2360 1470 2396 possit,
1500 2360 1587 2388 donec
1621 2360 1647 2388 in
1670 2367 1699 2388 se
1721 2360 1780 2397 ipso
1803 2359 1896 2388 videat

1046 2406 1152 2440 Deum3
1174 2409 1201 2434 et
1222 2409 1319 2435 contra
1347 2414 1455 2435 sacram
1478 2406 1676 2443 Scripzto'um.
1699 2406 1766 2434 Nam
1788 2406 1895 2443 primae

1047 2586 1082 2610 vis
1093 2606 1098 2614 ‚
1119 2588 1162 2614 alii,
1181 2590 1204 2610 ut
1220 2587 1235 2608 F
1246 2587 1251 2608 l
1262 2586 1288 2615 Ο,
1306 2586 1367 2616 [litis.
1384 2587 1505 2616 Aliquanto
1524 2587 1618 2609 inferius
1630 2589 1682 2615 post
1694 2586 1770 2609 videat
1787 2587 1808 2609 in
1827 2586 1894 2609 codd.

1048 2626 1067 2648 Y
1089 2632 1115 2648 aa
1134 2626 1292 2654 subiungitur:
1316 2625 1379 2655 quod
1395 2625 1472 2649 Adam
1490 2625 1512 2648 in
1531 2627 1595 2648 statu
1616 2625 1763 2649 r‘mzoceute'ue
1780 2625 1855 2649 Deum
1872 2625 1896 2648 in

1047 2670 1071 2688 se
1088 2665 1137 2694 ipso
1161 2671 1209 2688 nou
1230 2664 1338 2691 videbat;
1357 2666 1378 2687 in
1397 2665 1511 2687 nonnullis
1523 2665 1572 2687 aliis
1584 2664 1659 2692 codd,
1679 2665 1799 2693 utDQX,
1818 2665 1896 2687 imme-

1048 2703 1107 2726 diate
1125 2708 1177 2732 post
1193 2710 1249 2733 erqo
1268 2705 1374 2726 inseritur
1391 2703 1468 2727 Adam
1478 2712 1485 2729 ,·
1505 2710 1546 2732 pro
1564 2710 1620 2733 erqo
1639 2704 1689 2726 Vat.
1707 2703 1824 2726 substituit
1839 2703 1895 2733 ipse.

1110 2742 1119 2756 5
1137 2744 1249 2770 August,
1276 2739 1376 2764 Enarrat.
1395 2744 1416 2764 in
1436 2742 1469 2764 Ps.
1489 2743 1524 2764 90.
1544 2748 1612 2765 serm.
1636 2743 1656 2764 2.
1675 2749 1695 2764 n.
1719 2743 1758 2764 13:
1777 2742 1896 2771 Quidquid

1048 2781 1153 2809 laboras,
1172 2782 1199 2804 ad
1220 2782 1262 2803 lioc
1280 2781 1384 2808 laboras,
1404 2785 1428 2804 nt
1444 2782 1532 2804 videas.
1545 2781 1638 2809 Nescio,
1658 2781 1713 2810 qnid
1732 2788 1844 2810 magnum
1862 2785 1897 2805 cst

1049 2821 1111 2850 quod
1129 2822 1201 2843 visuri
1219 2827 1314 2849 snmusy
1333 2821 1427 2850 qnando
1445 2824 1489 2843 tota
1507 2828 1597 2844 merces
1616 2824 1691 2844 nostra
1710 2822 1769 2844 visio
1786 2825 1821 2844 est
1837 2825 1879 2844 etc.

1110 2860 1119 2874 ⁷
1138 2860 1169 2882 De
1189 2860 1426 2888 incomprehensibili,
1446 2861 1524 2882 homil.
1543 2861 1563 2883 3.
1582 2867 1603 2883 11.
1623 2861 1642 2883 ri.

1111 2898 1120 2913 S
1137 2899 1223 2927 511111111-
1241 2905 1294 2921 cum
1312 2899 1374 2921 Alex.
1393 2899 1452 2926 Hal.y
1471 2900 1510 2927 qui
1528 2899 1549 2921 S.
1569 2905 1591 2927 p.
1611 2899 1633 2921 ll.
1652 2905 1674 2928 q.
1693 2900 1729 2922 92.
1747 2906 1778 2922 111.
1797 2900 1817 2922 2.
1836 2906 1856 2921 a.
1878 2901 1895 2921 1.

1048 2938 1145 2960 eandem
1159 2939 1339 2966 propositionem
1352 2938 1450 2965 exhibet,
1463 2938 1556 2961 videtur
1568 2938 1614 2965 (vol
1632 2937 1764 2966 videbitur).
1778 2939 1829 2961 Vnt.
1843 2939 1897 2966 legit

1049 2983 1101 3001 cum
1119 2977 1155 2999 ed.
1179 2977 1208 3000 ἀς
1234 2978 1255 3000 et
1271 2978 1296 3000 m
1318 2978 1382 3000 statu
1403 2977 1564 3005 innocentiae,
1584 2976 1616 2999 ita
1640 2977 1757 3000 videbitur
1777 2977 1848 3000 etiam
1872 2977 1897 3000 iu

1048 3018 1112 3040 stata.
1129 3016 1226 3046 gloriae.
1247 3017 1268 3038 ln
1287 3016 1336 3039 cod.
1356 3017 1375 3038 X
1394 3016 1458 3039 deest
1476 3015 1605 3040 ridebatur.

1923 1543 1973 1566 pinio
1987 1543 2004 1561 1.

1918 2222 1949 2248 Est
1962 2223 2027 2241 haere-

1911 2248 1953 2264 tica.
