2243 3425
11 1832 82 1856 opposi-

4 1857 47 1874 tum.

699 216 780 245 DIST.
803 216 914 246 XXVIII.
936 217 1009 246 ART.
1030 217 1059 246 ΙΙ.
1082 217 1217 254 QUAEST.
1240 218 1257 246 t.

181 294 208 322 [ι.
231 294 256 321 5.
279 293 316 322 Ad
339 297 472 330 quartum
488 297 515 323 et
536 294 668 323 ultimum
689 298 888 331 argumentum
910 303 950 324 sa-

104 341 137 369 tis
158 339 241 377 plana
263 343 304 369 est
326 341 469 377 responsio
491 348 527 370 ex
545 341 704 378 praedictis.
728 342 847 370 Probant
862 342 950 377 enim,

102 387 177 425 quod
192 386 324 416 mandata
342 387 390 416 Dei
406 388 511 416 servari
531 391 648 425 possunt
662 388 768 426 absque
785 389 874 425 gratia
889 397 950 425 gra—

102 438 161 464 tum
186 433 303 463 faciente
328 438 464 471 quantum
486 434 522 463 ad
534 443 628 472 penas
649 435 753 472 operis.
777 435 807 463 Et
822 435 873 463 boc
891 435 950 472 qui-

102 481 165 510 dem
188 489 286 510 verum
309 484 363 515 est5
385 489 449 510 nam
471 484 561 518 potest
579 481 663 510 homo
685 481 848 510 mandatum
864 482 947 510 illud:

101 527 223 556 Honora
235 531 352 564 patrem
375 531 458 556 taam
473 530 533 561 etc,
548 527 654 564 absque
670 528 759 565 gratia
775 527 902 564 implere,
918 531 949 556 ut

102 574 140 604 sic
167 574 232 602 vitet
248 582 380 611 poenam.
406 574 499 603 Posset
517 574 601 603 etiam
626 574 718 603 facere
739 577 767 603 et
794 574 849 602 alia
873 582 949 603 man-

101 621 177 656 data,
199 621 312 650 adiutus
326 621 334 636 ¹
357 621 451 659 aliqua
473 621 562 658 gratia
583 621 669 658 gratis
691 621 769 656 data,
791 624 817 650 et
832 629 885 649 non
909 629 949 650 so-

100 668 158 697 lum
180 667 271 697 facere
292 668 398 705 aliqua,
420 676 492 705 quae
514 668 646 697 videntur
668 668 774 703 ardua,
797 668 845 697 sed
865 668 947 696 etiam

99 715 155 753 pati
178 715 321 744 terribilia.
344 715 372 744 ln
395 715 439 744 his
460 718 551 745 tamen
571 716 702 745 omnibus
724 724 778 744 non
800 715 948 752 impleren-

99 764 146 791 tur
175 762 306 791 mandata
327 762 483 791 secundum
513 762 697 791 intentionem
724 765 751 791 et
776 761 948 800 acceptatio-

1798 220 1850 248 681

1008 304 1072 324 nem
1094 296 1244 330 (livinum,
1267 297 1422 326 secundum
1445 297 1520 334 quod
1542 305 1676 335 expresse
1698 298 1765 327 dicit
1789 298 1855 336 Apo-

1007 342 1095 371 stolus
1115 343 1223 379 primae
1245 344 1277 371 ad
1301 343 1458 373 Corinthios
1481 343 1589 373 decimo
1611 344 1692 373 tertio
1706 344 1725 378 2,
1744 352 1855 374 enume-

1008 397 1072 418 rans
1094 389 1243 427 multiplex
1270 398 1358 427 genus
1379 391 1487 427 operis,
1509 395 1572 428 post
1596 392 1670 428 quod
1693 391 1850 429 subiungit:

1008 436 1041 464 Sz'
1061 436 1215 465 caritatem
1236 446 1294 465 uon
1317 436 1455 471 habuero,
1477 438 1551 467 uiltt't
1572 437 1646 467 milti
1669 438 1796 476 prodest.
1824 440 1854 468 Et
1863 445 1919 472 Error
1932 445 1986 464 Pela-

1868 474 1900 492 gu.

1007 482 1060 511 hoc
1081 482 1147 517 suit,
1168 483 1243 520 quod
1272 483 1399 521 Pelagius
1425 492 1480 513 non
1508 485 1711 521 consideravit,
1739 490 1854 524 propter

1007 529 1082 566 quod
1105 530 1131 558 in
1147 538 1273 559 errorem
1295 531 1393 560 cecidit
1408 535 1435 561 et
1453 532 1584 568 credidit,
1599 533 1722 570 aliquem
1740 541 1776 562 ex
1792 534 1855 563 sim-

1006 576 1071 613 plici
1093 577 1289 606 mandatorum
1306 578 1484 607 observantia
1505 583 1640 616 quantum
1656 581 1691 609 ad
1714 581 1855 610 exterIOra

1007 630 1092 659 opera
1120 623 1236 659 dignum
1265 632 1325 653 esse
1356 625 1411 654 vita
1439 629 1568 660 aeterna;
1597 627 1670 664 quod
1693 630 1735 657 est
1759 631 1855 658 contra

1007 669 1091 698 fidem
1107 669 1181 706 piam
1200 673 1227 698 et
1245 678 1353 706 sanam,
1374 671 1444 701 sicut
1463 673 1609 709 Apostolus
1628 675 1750 712 explicat
1765 675 1792 703 in
1807 683 1855 704 au-

1007 716 1133 744 ctoritate
1154 717 1309 753 praemissa
1323 718 1340 745 ³.

825 858 1061 893 ARTICL'LUS
1087 860 1124 893 II.

515 954 553 982 De
571 958 710 991 potestate
732 953 817 982 libert
836 953 960 982 arbitrii
984 953 1092 992 absque
1112 955 1215 992 qratia
1234 956 1333 993 gyratis
1355 956 1434 985 data.

176 1053 383 1091 Consequenter
405 1054 551 1091 quaeritur
573 1054 607 1082 de
622 1057 758 1091 potestate
780 1053 860 1082 liberi
876 1053 947 1082 arbi-

99 1101 152 1136 trii,
167 1105 304 1139 quantum
326 1109 355 1130 se
377 1101 511 1130 extendat
531 1100 638 1137 absque
657 1101 746 1138 gratia
768 1101 854 1137 gratis
873 1100 945 1129 data.

98 1149 129 1178 Et
144 1148 218 1177 circa
231 1148 284 1177 boc
299 1150 476 1185 quaeruntur
491 1147 551 1176 tria.

175 1195 267 1224 Primo
289 1195 444 1232 quaeritur,
462 1197 560 1223 utrum
579 1194 700 1224 liberum
719 1194 868 1223 arbitrium
887 1195 947 1223 abs-

98 1250 152 1280 que
173 1243 262 1280 gratia
286 1242 373 1280 gratis
394 1242 459 1271 data
483 1242 569 1279 possit
590 1249 620 1271 se
640 1241 676 1271 ad
696 1241 814 1279 gratiam
834 1245 945 1279 gratum

1004 1053 1150 1082 facientem
1173 1054 1344 1084 sufficienter
1365 1056 1523 1093 disponere.

1084 1100 1211 1130 Secundo
1233 1103 1392 1138 quaeritur,
1414 1106 1512 1133 utrum
1535 1105 1609 1134 omni
1629 1106 1717 1143 gratia
1739 1106 1853 1136 destitu-

1004 1150 1064 1176 tum
1086 1148 1174 1185 possit
1195 1148 1277 1178 alicui
1299 1151 1442 1180 tentationi
1464 1152 1603 1182 resistere.

1084 1196 1175 1224 Tertio
1198 1197 1352 1233 quaeritur,
1375 1202 1472 1227 utrum
1499 1200 1585 1236 possit
1606 1208 1657 1237 per
1683 1209 1725 1237 se,
1748 1201 1853 1240 absque

1003 1243 1077 1270 omni
1101 1243 1205 1280 gratia,
1229 1244 1255 1272 in
1278 1244 1382 1273 bonum
1396 1246 1405 1258 ⁴
1428 1246 1455 1275 in
1478 1254 1587 1284 genere.

873 1340 1035 1377 Quansrio
1058 1341 1076 1369 1.

314 1438 420 1466 Utrum
443 1437 567 1466 liberum
589 1437 770 1473 arbitrium,
793 1439 963 1468 destitutam
983 1440 1087 1477 qratia
1107 1441 1205 1478 yratts
1228 1441 1313 1475 (lata,
1332 1442 1427 1479 possit
1448 1443 1489 1472 acl
1506 1444 1642 1481 qratiam

608 1493 732 1526 pratum
752 1488 907 1526 facientem
929 1490 1106 1528 sufficienter
1128 1500 1157 1520 se
1180 1492 1340 1529 disponere.

176 1589 254 1618 Circa
266 1589 390 1626 primum
405 1588 444 1617 sic
458 1587 620 1625 proceditur
635 1591 662 1616 et
676 1588 832 1625 quaeritur,
847 1591 945 1617 utrum

96 1636 217 1666 liberum
232 1636 391 1667 arbitrium.
406 1635 571 1664 destitutum
587 1635 677 1672 gratia
695 1635 782 1672 gratis
797 1635 871 1669 data,
886 1643 946 1673 pos-

97 1684 131 1713 sit
146 1684 181 1713 ad
200 1684 317 1721 gratiam
333 1686 445 1720 gratum
464 1682 610 1711 facientem
626 1690 655 1711 se
671 1681 841 1711 sufficienter
856 1682 946 1720 dispo-

96 1739 171 1760 nere.
188 1731 217 1760 Et
233 1730 307 1769 quod
324 1730 375 1765 sic,
390 1730 511 1759 videtur.

176 1779 199 1806 ’1.
223 1777 371 1806 Zachariae
392 1777 484 1814 primo
497 1776 522 1804 ⁵:
547 1776 758 1805 Convertimim'
776 1777 818 1806 acl
838 1785 898 1811 me,
921 1780 946 1806 et

95 1833 144 1862 690
159 1828 314 1853 convertar
329 1824 370 1852 ad
387 1832 447 1857 vos,
463 1823 535 1852 dicit
548 1823 700 1852 Dominus.
713 1823 739 1852 Si
752 1823 836 1861 igitur
852 1824 945 1852 Deam

95 1872 224 1900 converti
241 1871 281 1900 ad
294 1879 346 1900 nos
361 1879 416 1899 non
431 1874 473 1899 est
494 1870 570 1899 aliud
590 1878 675 1908 quam
700 1870 819 1908 gratiam
844 1871 946 1908 impar-

94 1918 156 1953 tiri;
176 1922 326 1956 antequam
341 1918 435 1955 aliqua
450 1918 538 1955 gratia
562 1918 736 1952 conferatur,
761 1917 881 1946 liberum
904 1926 946 1946 ar-

94 1965 209 1995 bitrium
231 1969 322 2004 potest
336 1966 371 1995 ad
387 1973 452 1995 eum
471 1965 608 2005 converti3
634 1965 683 1994 sed
706 1973 735 1994 se
757 1966 945 1995 convertendo

93 2013 128 2042 ad
150 2013 239 2042 Deum
265 2013 387 2050 disponit
408 2020 437 2041 se
458 2012 494 2041 ad
515 2013 645 2050 gratiam:
669 2019 735 2049 ergo
757 2017 807 2042 etc.

173 2061 198 2089 ξ).
222 2060 302 2095 Item,
318 2059 449 2088 Boethius
462 2059 484 2087 ⁶:
503 2059 701 2088 «Naturaliter
720 2062 762 2088 est
780 2060 884 2089 inserta
900 2068 945 2089 no-

94 2107 136 2137 bis
158 2108 216 2136 veri
238 2107 303 2136 boni
325 2107 464 2145 cupiditas
482 2117 515 2134 »ι
539 2107 613 2135 omni
640 2106 725 2144 igitur
747 2107 836 2144 gratia
858 2107 944 2144 gratis

94 2155 158 2185 data
180 2155 407 2192 circumscripta,
429 2154 507 2183 salva
528 2154 638 2183 animae
660 2153 803 2183 rationalis
827 2157 943 2189 natura,

93 2205 184 2241 potest
205 2202 326 2231 liberum
347 2201 497 2230 arbitrium
520 2209 619 2230 verum
640 2201 745 2230 bonum
765 2201 943 2237 desiderare;

94 2249 142 2279 sed
164 2248 350 2278 desiderando
365 2255 465 2277 verum
488 2248 592 2277 bonum
608 2248 766 2286 disponitur
781 2248 817 2277 ad
837 2249 942 2278 donum

94 2296 266 2334 gratuitum:
289 2303 356 2333 ergo
377 2299 428 2325 etc.

173 2342 198 2371 3.
220 2343 301 2377 Item,
316 2342 406 2371 omnis
424 2342 547 2379 potentia
561 2341 698 2371 naturalis
716 2341 883 2370 naturaliter
898 2350 943 2379 ap-

93 2391 161 2429 petit
182 2398 262 2420 suam
284 2390 496 2427 perfectionem,
518 2396 551 2418 eo
569 2389 628 2426 ipso
650 2397 706 2426 quo
728 2389 775 2417 illa
796 2388 901 2425 indiget
916 2391 942 2417 et

94 2438 129 2467 ab
150 2446 182 2467 ea
209 2439 275 2466 nata
303 2439 345 2466 est
366 2436 499 2473 compleri
517 2436 536 2463 ⁷.
558 2436 585 2464 Si
615 2436 699 2473 igitur
729 2435 849 2464 liberum
872 2435 943 2463 arbi-

94 2485 181 2514 trium
202 2487 300 2522 aptum
315 2487 413 2513 natum
435 2486 476 2512 est
491 2482 625 2520 compleri
644 2490 695 2520 per
710 2482 816 2511 donum
838 2482 943 2519 gratiae

94 2535 121 2561 et
142 2532 262 2569 gloriae3
283 2531 358 2560 omni
380 2530 470 2568 gratia
491 2530 634 2567 privatum
658 2528 857 2566 perfectionem
884 2536 942 2566 gra-

158 2665 164 2679 ¹
183 2665 240 2689 Cod.
257 2671 283 2688 cc
300 2669 321 2688 et
338 2665 374 2687 ed.
397 2665 402 2685 1
425 2663 545 2687 adiuncta.

157 2705 166 2719 2
183 2705 248 2728 Vers.
267 2705 288 2727 3.
305 2717 336 2722 —
353 2704 423 2727 Paulo
441 2704 535 2726 inferius
553 2705 604 2731 post
621 2701 794 2725 mandatorum
811 2703 833 2724 in
852 2701 902 2724 cod.
916 2707 942 2723 aa

95 2744 242 2774 subiungitur
258 2744 307 2768 Dei.

157 2783 166 2799 3
184 2784 242 2807 Vide
260 2784 361 2807 scholion
379 2783 409 2806 ad
426 2782 603 2811 praecedentem
622 2784 709 2810 quaest.

157 2822 166 2837 ⁴
184 2823 234 2846 Vat.
252 2826 274 2846 et
289 2823 326 2846 ed.
345 2822 357 2844 4
375 2821 520 2850 subiungunt
536 2819 641 2850 aliquod.

158 2862 167 2876 ⁵
184 2862 248 2884 Vers.
267 2862 288 2884 3.
305 2873 337 2877 —
354 2861 423 2884 Paulo
448 2860 543 2882 inferius
560 2859 611 2881 Vat.
630 2864 683 2881 cum
701 2857 737 2880 ed.
756 2857 782 2885 4,
800 2859 852 2885 post
869 2855 943 2885 confe-

95 2902 166 2924 ratur
183 2901 268 2923 omisso
286 2904 411 2927 commate,
430 2905 472 2928 pro
486 2898 586 2922 liberum
597 2896 726 2920 arbitrium
737 2895 854 2919 substituit
871 2894 943 2918 libero

96 2939 207 2969 arbitrio,
226 2943 248 2962 et
265 2939 317 2962 dein
334 2938 449 2969 disposuit
466 2944 508 2967 pro
526 2936 635 2967 disponit.

157 2979 166 2994 ⁶
183 2979 244 3002 Libr.
262 2979 294 3001 111.
313 2978 342 3001 de
359 2978 449 3001 Consol.
468 2983 537 3006 prosa
556 2977 584 2998 2:
602 2976 640 2998 Est
656 2975 718 2997 enim
736 2973 852 2996 mentibus
870 2973 944 2995 homi-

97 3024 152 3041 num
168 3019 217 3041 veri
234 3017 289 3040 boni
306 3017 438 3040 naturaliter
455 3017 538 3039 inserta
556 3014 676 3043 cupiditas.
690 3013 740 3036 Vnt.
754 3011 804 3036 veri
821 3010 927 3041 bonique.

223 3068 246 3092 S.
265 3069 353 3092 Bonan.
370 3080 402 3084 —
419 3067 486 3090 Tom.
505 3067 528 3088 11.

1004 1590 1057 1618 tiae
1079 1589 1250 1619 desiderabit
1272 1594 1298 1620 et
1318 1596 1442 1629 quaeret.
1465 1592 1491 1621 Si
1514 1593 1598 1630 igitur
1614 1593 1666 1623 hoc
1688 1597 1729 1623 est
1744 1594 1779 1623 ad
1795 1603 1854 1632 gra—

1004 1636 1069 1664 tiam
1093 1640 1204 1673 gratum
1227 1638 1373 1667 facientem
1396 1647 1424 1668 se
1446 1639 1607 1677 diSponere‚
1630 1641 1742 1670 videtur
1764 1645 1813 1670 etc.

1082 1684 1108 1712 [ι.
1132 1684 1212 1719 item,
1228 1685 1399 1715 sufficienter
1418 1694 1448 1715 se
1469 1687 1504 1715 ad
1528 1687 1646 1724 gratiam
1669 1688 1791 1725 disponit
1806 1690 1852 1727 qui

1002 1730 1067 1759 facit
1088 1731 1163 1768 quod
1187 1732 1213 1760 in
1236 1740 1265 1761 se
1287 1735 1343 1767 est,
1365 1733 1456 1762 facere
1479 1737 1573 1763 autem
1595 1735 1670 1772 quod
1696 1735 1723 1764 in
1746 1743 1775 1765 se
1797 1740 1853 1772 est,

1003 1777 1106 1807 dicitur
1122 1778 1214 1814 homo,
1230 1779 1342 1816 quando
1357 1780 1422 1809 facit
1437 1780 1508 1809 illud
1525 1781 1599 1819 quod
1616 1785 1658 1811 est
1673 1783 1699 1811 in
1716 1791 1767 1812 sua
1782 1787 1854 1820 pote-

1002 1827 1080 1854 state.
1096 1825 1149 1854 Sed
1165 1825 1285 1855 liberum
1301 1827 1464 1862 arbitrium,
1479 1828 1554 1856 omni
1570 1829 1659 1866 gratia
1674 1829 1853 1866 destitutum,

1002 1874 1093 1907 potest
1107 1871 1198 1901 facere
1214 1873 1289 1910 quod
1311 1873 1339 1902 in
1359 1882 1388 1903 se
1409 1877 1500 1903 est—
1515 1875 1611 1904 nullus
1633 1876 1706 1904 enim
1732 1876 1853 1911 dubitat,

1002 1918 1069 1955 quin
1081 1920 1168 1955 possit
1179 1919 1270 1949 facere
1282 1921 1357 1958 quod
1369 1924 1503 1958 potest—
1511 1930 1578 1960 ergo
1590 1923 1696 1960 absque
1707 1924 1782 1952 omni
1795 1932 1854 1961 gra-

1002 1966 1040 1994 tIa
1054 1969 1145 2003 potest
1160 1975 1189 1996 se
1211 1967 1359 2005 disponere
1380 1969 1416 1997 ad
1438 1969 1556 2006 gratiam
1572 1974 1683 2007 gratum
1698 1971 1852 2000 facientem.

1083 2014 1108 2041 5.
1131 2013 1213 2049 Item,
1236 2015 1357 2044 liberum
1385 2016 1548 2051 arbitrium,
1570 2017 1737 2046 destitutum
1766 2018 1853 2055 gratia

1002 2060 1089 2096 gratis
1118 2060 1198 2096 data,
1220 2065 1269 2090 aut
1290 2066 1383 2100 potest
1404 2063 1536 2101 aliquid,
1558 2067 1607 2093 aut
1628 2063 1709 2093 «ialal.
1732 2064 1757 2093 Si
1779 2063 1854 2093 atha

998 2111 1107 2144 potest:
1123 2116 1190 2145 ergo
1212 2117 1294 2138 nemo
1306 2109 1315 2124 ³
1340 2113 1412 2139 esset
1433 2110 1621 2148 inculpandus
1636 2119 1672 2140 ex
1689 2112 1756 2146 hoc,
1777 2111 1852 2149 quod

1002 2161 1057 2182 non
1072 2162 1101 2183 se
1122 2160 1273 2194 praeparat
1287 2157 1323 2186 ad
1345 2158 1472 2195 gratiam.
1488 2158 1513 2186 Si
1530 2157 1647 2196 aliquid
1659 2161 1760 2195 potest,
1776 2166 1853 2187 voce-

1001 2203 1048 2230 tur
1063 2201 1134 2231 illud
1150 2203 1225 2240 quod
1245 2207 1335 2241 potest
1354 2205 1382 2239 A,
1398 2208 1465 2233 tunc
1481 2212 1580 2234 verum
1600 2208 1641 2234 est
1655 2205 1761 2240 dicere,
1777 2205 1851 2242 quod

1002 2250 1123 2279 liberum
1145 2250 1295 2280 arbitrium
1317 2255 1407 2289 potest
1430 2252 1456 2280 in
1478 2252 1510 2286 Α;
1534 2252 1583 2281 sed
1605 2252 1731 2281 faciendo
1751 2253 1770 2280 Α
1797 2255 1852 2280 toto

1002 2304 1053 2325 suo
1072 2304 1157 2333 posse
1178 2304 1208 2326 se
1236 2301 1386 2335 praeparat
1410 2298 1445 2327 ad
1468 2298 1588 2335 gratiam
1596 2309 1603 2333 ;
1632 2302 1657 2327 et
1679 2299 1851 2336 quicumque

1001 2343 1040 2371 sic
1062 2350 1091 2371 se
1112 2347 1277 2380 praeparat,
1299 2343 1470 2373 sufficienter
1494 2353 1523 2374 se
1544 2345 1681 2382 disponit:
1710 2352 1777 2381 ergo
1798 2347 1849 2373 etc.

1082 2389 1106 2417 6.
1131 2389 1210 2425 Item,
1232 2398 1313 2419 omne
1328 2394 1474 2428 peccatum
1497 2399 1551 2420 non
1568 2395 1674 2420 tantum
1697 2395 1739 2420 est
1753 2391 1851 2428 expul-

1001 2435 1093 2464 sivum
1115 2437 1236 2473 gratiae,
1265 2437 1314 2466 sed
1340 2438 1423 2466 etiam
1449 2438 1581 2467 nocivum
1610 2438 1767 2472 naturae-”3
1801 2438 1850 2467 sed

1000 2482 1091 2511 omnis
1116 2486 1217 2512 natura
1242 2484 1345 2521 refugit
1372 2485 1424 2513 sibi
1454 2485 1625 2514 contrarium
1655 2488 1682 2514 et
1702 2485 1848 2514 nocivum:

1001 2536 1068 2566 ergo
1090 2529 1211 2560 liberum
1240 2531 1402 2566 arbitrium,
1424 2531 1498 2560 omni
1522 2532 1611 2569 gratia
1632 2532 1797 2561 destitutum
1824 2535 1851 2561 et

1063 2662 1072 2677 ⁷
1090 2663 1155 2692 sive,
1174 2668 1198 2687 ut
1215 2664 1318 2692 Aristot.‚
1336 2663 1374 2685 IX.
1392 2663 1489 2691 Metaph.
1511 2665 1561 2685 text.
1588 2663 1619 2685 15.
1641 2663 1704 2690 (vul.
1723 2668 1741 2685 c.
1761 2663 1791 2691 8.)
1804 2663 1850 2685 ait:

1001 2703 1061 2726 Finis
1078 2710 1134 2726 vero
1152 2706 1216 2726 actus
1233 2706 1255 2725 et
1271 2703 1340 2725 huius
1356 2703 1428 2730 gratia
1441 2703 1540 2730 potentia
1558 2702 1671 2730 sumitur;
1690 2707 1735 2724 non
1753 2703 1814 2724 enim
1826 2704 1851 2724 ut

1001 2744 1078 2766 visum
1097 2742 1231 2771 [potentiam
1248 2741 1352 2770 videndi]
1371 2741 1480 2769 habeant,
1493 2741 1598 2763 animalia
1616 2740 1710 2769 vident3
1729 2740 1769 2763 sed
1782 2744 1807 2764 ut
1819 2742 1849 2763 vi-

1002 2783 1081 2811 deant,
1098 2783 1176 2805 visum
1194 2781 1285 2804 habent.

1063 2820 1073 2835 Β
1090 2820 1162 2844 Codd.
1180 2820 1199 2843 K
1211 2820 1269 2842 TW
1287 2826 1313 2842 aa
1331 2819 1363 2842 bb
1381 2826 1407 2842 cc
1424 2823 1446 2842 et
1462 2819 1498 2842 alii
1516 2825 1569 2842 cum
1592 2819 1645 2842 edd.
1665 2820 1689 2848 ν1,
1707 2820 1721 2842 2
1738 2819 1799 2841 nulla
1817 2825 1849 2842 ra-

1001 2861 1062 2883 tione
1078 2859 1219 2882 substituunt
1234 2865 1290 2882 non.

1064 2899 1073 2914 9
1091 2898 1135 2921 Csr.
1152 2899 1209 2921 infra
1228 2898 1250 2921 d.
1273 2898 1309 2921 35.
1333 2904 1352 2921 a.
1380 2899 1397 2920 1.
1420 2905 1441 2927 q.
1465 2899 1485 2920 l.
1509 2904 1573 2927 seqq,
1590 2910 1622 2914 —
1638 2898 1671 2920 De
1688 2903 1782 2927 propos.
1801 2904 1849 2926 seq.

1001 2939 1055 2962 vide
1072 2938 1163 2966 Boeth.‚
1182 2937 1215 2960 Ill.
1231 2937 1260 2959 de
1277 2936 1366 2960 Consol.
1385 2943 1454 2965 prosa
1477 2937 1508 2958 ll.
1523 2949 1552 2952 —
1565 2935 1630 2959 Circa
1648 2936 1716 2959 finem
1735 2942 1783 2964 arg.
1801 2936 1849 2959 sola

1001 2978 1051 3000 Vat.
1070 2978 1152 3000 omittit
1168 2977 1191 2999 ct
1205 2975 1333 3006 refuqcrm
1350 2975 1391 2999 scd
1406 2975 1548 2999 detestando.

1691 3057 1719 3079 86
