2243 3425
793 204 875 232 DIST.
897 204 959 232 XLI.
982 205 1053 233 ΛΒΤ.
1076 204 1094 232 Ι.
1117 205 1252 241 QUAEST.
1276 205 1315 234 111.
1873 209 1929 237 {mi}

173 282 385 311 circumstantia
406 281 456 311 nec
475 281 594 315 malum,
610 281 751 312 similiter,
772 285 908 318 quantum
931 286 973 311 est
988 283 1022 312 de

175 337 216 364 se,
239 337 290 358 nec
312 332 353 358 est
375 329 551 358 meritorium
581 336 631 357 nec
652 328 879 357 demeritorium:
904 330 925 358 si
955 338 1021 367 ergo

174 376 279 405 bonum
303 376 389 405 moris
411 376 547 405 dividitur
570 375 740 404 sufficienter
762 383 812 412 per
834 376 884 405 has
906 380 963 405 tres
984 377 1022 405 di-

173 423 307 458 visiones,
329 426 356 452 et
371 423 439 451 nihil
462 426 503 452 est
518 423 545 450 in
567 430 682 459 genere,
704 422 778 459 quod
795 431 848 451 non
865 423 899 452 sit
922 423 947 451 in
964 432 1023 460 spe-

173 470 251 505 cie¹;
281 470 406 504 videtur,
436 470 511 507 quod
534 469 596 498 talis
625 468 695 497 actio
718 477 772 497 non
802 469 837 498 sit
865 469 949 505 bona,
978 470 1022 499 vel

173 518 260 552 mala,
283 518 331 546 sed
354 517 523 545 indifferens.

253 564 279 593 3.
302 564 382 598 Item,
401 563 503 600 aliquis
518 563 651 597 comedit,
670 565 701 591 ut
716 562 866 591 satisfaciat
887 563 1022 600 appetitui

172 611 293 640 naturali
308 610 334 645 2;
359 611 420 639 talis
442 610 513 639 actio
535 618 588 638 non
612 613 653 638 est
682 609 753 638 bona
775 610 896 638 bonitate
919 610 1022 644 meriti,

173 658 225 687 hoc
241 661 359 692 constat,
376 657 441 695 quia
460 665 515 685 non
531 656 561 684 fit
576 659 691 693 propter
707 656 793 685 Deum
814 664 864 685 nec
879 656 913 685 ad
930 657 1022 693 ipsum

172 705 295 734 refertur
304 716 310 739 ;
333 712 383 733 nec
408 707 450 733 est
475 703 548 732 mala
575 703 681 732 malitia
703 703 818 740 culpae,
844 703 909 740 quia
930 711 1024 740 pecca-

173 755 233 780 tum
246 760 299 780 non
313 751 463 780 concordat
475 753 601 785 naturae,
616 751 664 779 sed
681 751 835 784 discordat;
853 750 914 779 talis
929 753 1022 779 autem

172 799 244 827 actio
265 802 382 827 naturae
408 801 449 827 est
470 806 605 826 consona:
621 806 688 835 ergo
703 798 823 831 videtur,
839 797 914 835 quod
930 797 1024 834 aliqua

172 847 245 875 actio
256 849 351 874 nostra
363 845 487 874 medium
502 848 592 874 teneat
604 845 675 874 inter
684 845 835 873 bonitatem
844 849 870 874 et
880 844 1022 873 malitiam.

252 893 279 921 [ι.
302 893 382 927 item,
405 892 426 921 si
449 892 540 921 omnis
562 892 633 921 actio
656 895 750 921 nostra
772 895 844 920 esset
867 892 1023 926 meritoria,

172 940 218 969 vel
241 940 434 974 demeritoria,
456 947 520 968 cum
537 940 563 968 in
586 947 618 968 eo
640 939 686 977 qui
704 942 780 968 caret
801 939 929 973 caritate,
946 939 1023 967 nulla

174 988 209 1017 sit
232 987 386 1021 meritoria,
415 987 506 1015 omnis
527 986 587 1015 eius
615 987 687 1015 actio
714 990 787 1015 esset
815 985 927 1015 1110111ε3
956 994 1023 1023 ergo

172 1037 302 1071 peccaret
323 1034 349 1062 in
373 1034 437 1068 hoc,
459 1033 534 1071 quod
556 1033 633 1062 vadit
654 1034 687 1062 ad
718 1033 878 1062 ecclesiam:
901 1041 968 1070 ergo
996 1036 1023 1062 et

172 1082 201 1110 in
216 1082 281 1116 hoc,
303 1082 377 1119 quod
394 1081 458 1110 facit
477 1081 570 1109 onmia
584 1081 637 1109 alia
656 1089 754 1118 opera:
770 1081 856 1118 igitur
877 1089 1020 1118 nunquam

172 1137 203 1158 se
224 1129 385 1165 disponeret
406 1128 441 1157 ad
470 1128 601 1165 gratiam,
624 1128 709 1156 immo
731 1127 905 1165 disponendo
935 1128 1023 1165 magis

171 1184 202 1206 se
224 1176 375 1213 elongaret.

254 1224 279 1251 5.
302 1223 382 1257 item,
405 1222 482 1250 nulla
503 1225 544 1251 est
565 1222 637 1251 actio
659 1222 730 1251 bona
749 1225 776 1251 et
798 1222 952 1256 meritoria,
970 1222 1021 1251 nisi

173 1277 244 1306 quae
267 1269 297 1298 fit
318 1269 390 1298 bona
406 1269 555 1298 intentione
578 1272 605 1298 et
626 1269 765 1298 mediante
781 1269 828 1297 illa
851 1269 972 1298 refertur
987 1269 1021 1297 ad

171 1317 300 1346 debitum
330 1317 412 1345 finem
430 1317 452 1344 ⁴:
475 1325 542 1354 ergo
570 1317 592 1345 si
615 1317 705 1345 omnis
734 1317 805 1345 actio
828 1320 921 1345 nostra
949 1320 1023 1345 esset

174 1357 246 1393 bona
272 1365 315 1393 vel
338 1365 424 1399 mala,
447 1365 590 1393 meritoria
611 1365 655 1393 vel
677 1364 872 1398 demeritoria,
894 1364 921 1392 in
947 1365 1021 1392 omni

171 1412 280 1440 actione
302 1415 329 1440 et
357 1411 522 1448 cogitatione
544 1414 651 1445 nostra,
679 1420 763 1448 quam
795 1412 820 1439 in
849 1412 938 1440 Deum
968 1420 1021 1440 non

174 1459 335 1491 referimus,
357 1466 553 1496 peccaremus:
576 1466 642 1495 ergo
664 1459 712 1486 vix
735 1462 807 1487 esset
829 1458 945 1495 aliquis,
974 1459 1022 1495 qui

173 1514 227 1534 non
260 1510 387 1542 peccaret
416 1505 517 1534 millies
549 1505 575 1533 in
610 1506 673 1535 die.
705 1514 768 1534 cum
803 1506 1023 1534 innumerabiles

174 1553 329 1581 habeamus
351 1553 531 1589 cogitationes
559 1556 585 1581 et
606 1553 778 1585 affectiones,
805 1553 831 1581 in
860 1553 964 1590 quibus
986 1553 1023 1580 ni-

173 1600 213 1628 hil
235 1600 390 1637 cogitamus
412 1600 446 1628 de
468 1600 539 1634 Deo;
562 1600 596 1628 de
619 1600 673 1628 illis
694 1600 818 1628 maxime
844 1599 952 1637 loquor,
974 1600 1021 1637 qui

173 1647 262 1684 magis
283 1647 432 1675 intendunt
453 1647 551 1675 actioni
575 1655 659 1684 quam
682 1647 916 1684 contemplationi.

253 1695 278 1723 6.
302 1694 381 1725 item,
404 1694 476 1723 sicut
505 1694 606 1722 caritas
635 1697 676 1723 est
698 1694 865 1731 principium
896 1694 1021 1722 omnium

172 1741 324 1771 bonorum.
341 1741 378 1770 sic
395 1741 480 1770 libido
502 1744 529 1769 et
544 1741 767 1778 concupiscentia
792 1745 834 1770 est
853 1741 1021 1778 principium

170 1791 199 1817 et
221 1797 305 1817 causa
320 1788 445 1817 omnium
464 1788 637 1823 malorum⁵3
659 1788 707 1817 sed
727 1788 828 1817 multas
851 1788 972 1817 actiones
988 1788 1023 1816 fa-

170 1835 251 1864 ciunt
273 1835 399 1863 homines
421 1838 478 1863 tota
500 1835 557 1870 die,
576 1843 646 1872 quas
670 1844 723 1863 non
740 1836 844 1863 faciunt
865 1843 915 1864 uec
936 1843 971 1863 ex
995 1835 1024 1863 li-

174 1882 267 1911 bidine
290 1890 340 1911 nec
361 1890 396 1910 ex
427 1883 554 1916 caritate,
577 1883 662 1910 immo
692 1883 735 1911 vel
758 1890 793 1911 ex
822 1890 917 1911 amore
945 1885 1023 1910 natu-

173 1929 239 1964 rali,
262 1929 305 1958 vel
328 1929 436 1963 sociali,
459 1929 502 1957 vel
524 1937 559 1957 ex
582 1929 703 1966 quadam
727 1929 886 1958 urbanitate
908 1929 980 1957 civili
997 1933 1024 1958 et

173 1977 375 2006 consuetmline
391 1977 537 2013 operandi:
554 1985 607 2005 non
624 1985 690 2013 ergo
707 1977 827 2009 videtur,
843 1977 917 2014 quod
933 1977 1023 2005 omnis

172 2024 244 2053 actio
266 2023 424 2051 voluntaria
445 2023 480 2052 sit
501 2024 661 2052 immediate
684 2023 768 2058 bona,
792 2023 835 2052 vel
857 2023 939 2052 mala.

493 2110 705 2131 CONCLUSIO.

175 2181 305 2209 Actionis
328 2180 433 2209 (liuisio
446 2189 499 2218 per
522 2180 626 2209 honam
652 2184 677 2209 et
704 2180 816 2209 malam
837 2189 895 2209 11011
917 2184 958 2209 est
968 2190 1022 2217 per

253 2227 434 2265 diffluentias
464 2228 665 2262 immediatas,
688 2236 755 2256 cum
785 2228 903 2256 tertium
930 2237 1023 2265 91311113

254 2275 421 2312 reperiatur
444 2276 556 2312 operis,
579 2275 656 2313 quod
671 2284 729 2303 ’11011
750 2278 791 2303 est
805 2284 894 2313 neque
917 2275 1021 2303 bonam

251 2330 340 2359 wicque
358 2321 481 2355 matam,
502 2326 562 2350 tam
583 2326 714 2359 respecta
732 2322 783 2350 sai
797 2322 914 2359 yeneris
932 2330 1021 2359 quam

252 2372 383 2405 respecta
405 2369 561 2405 operantis.

254 2447 432 2475 ResPONDEo:
462 2447 633 2480 Dicendum,
662 2447 736 2484 quod
766 2454 830 2475 cum
860 2447 1021 2483 quaeritur.

172 2496 269 2521 utrum
292 2493 363 2522 actio
392 2493 536 2522 dividatur
562 2501 610 2530 per
640 2493 744 2521 bonum
767 2496 793 2521 et
822 2493 944 2527 malum,
968 2497 1023 2521 tan-

1080 291 1165 320 quam
1188 292 1237 320 per
1262 284 1434 314 differentias
1460 285 1650 321 immediatas,
1672 290 1714 316 est
1740 288 1866 325 quaestio
1894 289 1928 318 do

1079 330 1186 359 actione
1209 330 1359 360 voluntatis
1375 332 1594 367 deliberativae,
1615 334 1771 363 secundum
1794 335 1868 372 quod
1885 336 1929 365 de-

1080 376 1226 405 liberativa
1247 381 1304 411 est;
1326 378 1373 407 illa
1395 379 1467 407 enim
1490 383 1544 410 est.
1566 388 1638 417 quae
1661 381 1797 410 dividitur
1818 390 1868 419 per
1884 383 1929 411 bo-

1080 432 1143 452 nam
1171 428 1198 453 et
1219 425 1321 453 malam
1336 426 1353 453 6.
1378 426 1407 454 Et
1428 427 1560 463 quoniam
1583 428 1617 457 de
1641 429 1748 458 actione
1776 430 1929 459 voluntatis

1080 470 1279 501 deliberativae
1301 473 1451 510 dupliciter
1478 477 1519 503 est
1542 474 1630 512 loqui,
1659 476 1763 505 scilicet
1791 480 1927 514 quantum
1944 481 2016 505 Duplex
2030 486 2072 508 sen·

1080 517 1115 545 ad
1135 526 1228 555 yemis
1250 519 1386 553 aetionis,
1408 524 1435 548 et
1457 520 1484 549 in
1508 522 1714 559 comparatione
1740 523 1781 552 ad
1808 507 2072 561 operar-fiffsS-quaffi‘m'

1082 567 1150 597 tem,
1170 564 1319 601 dupliciter
1338 571 1454 603 possunt
1470 568 1538 596 istae
1553 568 1726 598 differentiae
1740 570 1775 599 ad
1791 571 1926 599 actionem

1081 612 1254 647 comparari:
1278 616 1326 640 aut
1347 614 1502 642 secundum
1522 624 1615 652 yemis
1637 617 1746 653 operis,
1768 621 1817 646 aut
1838 626 1929 656 respe-

1081 660 1127 685 ctu
1150 659 1307 694 operantis.
1327 676 1366 679 —
1387 660 1412 688 Si
1435 661 1526 697 primo
1549 663 1646 697 m0d03
1673 664 1711 692 sic
1733 664 1847 701 planum
1871 669 1927 694 est.
1941 670 2069 688 Conelusi01-

1081 704 1156 741 quod
1185 713 1239 733 non
1268 710 1309 734 est
1337 707 1437 736 divisio
1466 716 1516 745 per
1544 709 1720 745 immediata,
1749 711 1834 740 immo
1856 693 2071 741 intergggiicg-genus

1081 750 1217 779 actionem
1247 751 1347 780 bonam
1377 757 1404 781 et
1427 754 1528 782 malam
1558 756 1693 785 actionem
1724 757 1927 787 indifferentem

1081 797 1214 834 contingit
1237 799 1360 835 reperire
1383 800 1513 829 mediam.
1540 802 1570 830 Et
1591 803 1644 831 hoc
1673 805 1850 834 manifestum
1872 810 1928 839 est,

1081 844 1155 881 quia,
1178 853 1241 873 cum
1264 846 1367 883 triplex
1391 847 1425 876 sit
1447 848 1603 877 differentia
1625 849 1688 878 boni
1712 852 1797 880 moris
1811 869 1849 872 -
1864 853 1926 890 quin
1951 857 2026 880 Triplex
2040 857 2072 875 bo-

1080 895 1121 920 est
1143 891 1248 920 bonum
1269 894 1431 922 sectiviclum
1453 903 1482 922 se
1504 895 1562 924 sive
1584 897 1749 934 principale,
1775 902 1802 927 et
1823 899 1926 928 bonum
1942 883 2072 922 {3:23¹ssssssss

1080 947 1115 967 ew
1138 939 1379 975 circumstantia,
1401 944 1428 970 et
1451 942 1553 970 bonum
1576 943 1607 971 in
1626 952 1730 981 qenere
1745 962 1783 966 —
1805 949 1831 974 et
1852 954 1930 975 econ-

1080 989 1136 1020 tra,
1152 994 1215 1015 cum
1236 987 1340 1024 triplex
1363 989 1397 1017 sit
1419 989 1534 1024 malum,
1556 990 1685 1020 videlicet
1707 992 1813 1021 malum
1836 993 1866 1021 iii
1886 1003 1931 1031 yc-

1080 1042 1162 1068 itere,
1184 1038 1211 1063 et
1226 1034 1332 1063 malum
1356 1044 1390 1063 ex
1406 1036 1647 1071 circumstantia,
1667 1041 1694 1066 et
1711 1039 1815 1068 malum
1830 1048 1929 1069 secuu-

1080 1081 1151 1109 dum
1172 1090 1223 1115 ³03
1256 1082 1328 1110 inter
1360 1082 1428 1111 haec
1449 1084 1542 1112 onmia
1567 1085 1700 1122 contingit
1726 1087 1850 1123 reperire
1876 1096 1930 1117 me-

1081 1128 1168 1157 dium.
1191 1129 1258 1157 Nam
1290 1129 1360 1158 inter
1389 1130 1493 1159 bonum
1523 1135 1550 1160 et
1578 1132 1683 1161 malum
1713 1134 1874 1163 seeundum
1900 1144 1929 1162 ,w

1080 1176 1159 1213 quasi
1176 1176 1268 1205 media
1290 1180 1356 1205 sunt
1371 1177 1418 1206 illa
1440 1186 1510 1215 quae
1526 1187 1576 1207 nec
1598 1183 1663 1208 sunt
1678 1180 1749 1208 bona
1772 1182 1926 1210 secundum

1080 1230 1122 1257 se,
1137 1231 1188 1252 nec
1211 1226 1276 1251 sunt
1292 1223 1364 1251 mala
1386 1225 1540 1253 secundum
1557 1233 1598 1260 se,
1621 1226 1693 1255 sicut
1712 1231 1777 1256 sunt
1798 1228 1870 1257 bona
1885 1229 1929 1257 vel

1081 1270 1154 1298 mala
1176 1271 1201 1298 in
1222 1280 1327 1308 petiere
1350 1271 1391 1300 vel
1414 1281 1449 1300 ex
1470 1272 1704 1303 circumstantia.
1731 1293 1769 1296 -
1791 1276 1863 1305 Inter
1884 1277 1929 1305 ho-

1080 1326 1148 1346 num
1170 1327 1205 1346 eac
1228 1319 1455 1347 circumstantia
1471 1323 1498 1348 et
1519 1320 1625 1349 malum
1645 1330 1680 1349 ch
1702 1322 1928 1352 circumstantia

1080 1365 1172 1393 media
1193 1369 1259 1394 sunt
1280 1369 1337 1394 tam
1358 1365 1556 1404 indifferentia
1571 1376 1654 1404 quam
1672 1368 1746 1397 hona
1762 1374 1787 1398 ct
1801 1370 1883 1399 mata
1899 1371 1927 1399 iu

1078 1421 1200 1449 yeucre;
1224 1413 1317 1441 omnia
1338 1413 1411 1441 enim
1442 1413 1489 1441 illa
1510 1414 1701 1444 indifferenter
1730 1420 1846 1453 possunt
1867 1418 1927 1446 fieri

1080 1459 1151 1488 bona
1174 1459 1218 1488 vel
1235 1460 1307 1488 mala
1329 1467 1365 1488 ex
1381 1460 1598 1489 circumstantia.
1615 1479 1653 1482 ——
1668 1462 1741 1491 luter
1762 1463 1866 1492 bonum
1883 1473 1929 1493 au-

1080 1509 1135 1535 tem
1154 1506 1183 1534 in
1202 1516 1306 1544 gyereere
1321 1511 1347 1536 et
1364 1507 1467 1536 malum
1493 1508 1524 1535 iii
1536 1517 1640 1545 ‚qenere
1655 1510 1728 1538 cadit
1748 1511 1872 1539 medium
1889 1512 1929 1539 in-

1080 1553 1217 1591 differens
1242 1554 1424 1591 simpliciter,
1441 1555 1512 1584 sicut
1536 1556 1607 1584 velle
1623 1557 1769 1586 comedere
1792 1558 1834 1586 vel
1858 1559 1929 1587 velle.

1080 1600 1174 1629 levare
1200 1602 1333 1630 festucam
1362 1601 1395 1630 de
1418 1605 1505 1633 terra,
1532 1611 1603 1640 quae
1629 1612 1682 1631 non
1708 1604 1804 1633 ‹ilicunt
1826 1605 1929 1633 bonitu-

1082 1651 1135 1677 tem
1153 1648 1251 1679 moris,
1267 1648 1310 1677 vel
1327 1649 1468 1677 malitiam.
1482 1666 1520 1670 —
1533 1650 1563 1678 Et
1578 1651 1616 1679 sic
1633 1654 1719 1688 patet,
1735 1652 1809 1688 quod
1830 1652 1929 1681 divisio

1080 1696 1195 1724 actionis
1218 1704 1267 1733 per
1296 1696 1395 1724 bonam
1423 1700 1449 1725 et
1478 1697 1580 1725 malam
1610 1701 1746 1734 quantum
1776 1699 1809 1727 ad
1838 1708 1930 1736 9611113

1080 1743 1176 1779 operis
1203 1751 1256 1771 non
1283 1746 1324 1772 est
1353 1751 1402 1780 per
1429 1744 1599 1773 differentias
1631 1745 1822 1777 immediatas,
1844 1746 1929 1774 immo

1080 1794 1121 1818 est
1144 1791 1269 1827 reperire
1291 1790 1476 1819 differentiam
1493 1792 1616 1821 tertiam:
1639 1796 1665 1820 et
1688 1793 1714 1820 in
1734 1793 1786 1821 hoc
1808 1801 1930 1821 commu-

1080 1838 1152 1866 niter
1174 1846 1271 1866 omnes
1293 1838 1470 1866 concordant.

1160 1885 1185 1912 Si
1208 1888 1301 1913 autem
1323 1884 1473 1922 loquamur
1494 1885 1529 1913 de
1544 1885 1665 1914 bonitate
1688 1890 1714 1914 et
1730 1886 1835 1915 malitia
1850 1887 1926 1915 actiov
1943 1891 2072 1932 affligi&

1080 1931 1123 1959 nis
1146 1931 1171 1959 in
1201 1932 1407 1968 comparatione
1429 1932 1463 1960 ad
1490 1936 1670 1968 operantem,
1694 1933 1731 1961 sic
1754 1936 1820 1962 sunt
1841 1934 1929 1962 diver·
1951 1927 2055 1961 perehtw-

1081 1986 1126 2007 sae
1159 1978 1311 2015 opiniones.
1327 1995 1365 1998 —
1390 1978 1456 2006 Nam
1490 1979 1603 2016 quidam
1637 1980 1748 2013 dicunt,
1782 1980 1854 2017 quod
1888 1984 2010 2008 catomum
2024 1984 2040 2001 ¹-

1081 2025 1180 2054 divisio
1210 2025 1383 2057 immediata,
1413 2025 1480 2053 nihil
1503 2026 1576 2054 enim
1605 2026 1669 2054 sarit
1691 2027 1774 2055 1101110
1799 2034 1835 2055 ex
1864 2027 1929 2055 deli-

1081 2072 1235 2102 beratione.
1258 2072 1332 2109 quod
1355 2072 1429 2101 Deus
1450 2081 1504 2101 non
1523 2077 1632 2110 reputet
1653 2074 1676 2102 ei
1699 2074 1733 2102 ad
1757 2074 1927 2111 praemium,

1081 2119 1123 2147 vel
1147 2127 1201 2147 non
1224 2119 1343 2156 imputet
1364 2120 1388 2148 ei
1410 2120 1443 2148 ad
1467 2120 1580 2157 aliquod
1603 2121 1780 2149 demeritum.
1803 2121 1879 2150 Unde
1902 2122 1926 2149 in

1081 2166 1125 2194 die
1142 2166 1249 2200 indicii,
1271 2170 1303 2195 ut
1324 2166 1433 2200 dicunt,
1456 2167 1490 2195 de
1508 2167 1582 2195 omni
1605 2171 1667 2196 actu
1684 2168 1866 2196 deliberativo
1888 2176 1928 2196 1’·1-

1081 2214 1182 2242 tionem
1207 2213 1366 2242 reddemus.
1391 2214 1420 2242 Et
1443 2214 1507 2242 huic
1530 2215 1656 2251 positioni
1684 2215 1815 2243 videntur
1836 2223 1929 2243 conm-

1080 2268 1147 2288 nare
1170 2260 1255 2288 verba
1277 2260 1457 2294 Sanctorum,
1480 2261 1527 2298 qui
1550 2261 1658 2296 dicunt,
1681 2262 1755 2298 quod
1778 2262 1850 2290 sicut
1871 2270 1929 2289 11011

1079 2306 1185 2344 peribit
1208 2307 1333 2343 capillus
1355 2307 1388 2335 (te
1410 2308 1519 2344 capite,
1543 2316 1592 2337 nec
1615 2312 1785 2337 momentum
1809 2309 1843 2337 de
1864 2312 1929 2337 tem-

1080 2361 1161 2390 pore,
1191 2353 1225 2381 de
1247 2362 1302 2390 quo
1331 2354 1466 2382 rationem
1490 2363 1543 2382 non
1573 2355 1739 2385 reddamus.
1762 2355 1834 2383 sicut
1863 2355 1929 2383 dicit

1081 2399 1241 2427 Bernardus
1255 2400 1272 2426 ⁷.
1297 2400 1326 2427 Et
1347 2400 1399 2429 hoc
1421 2400 1494 2429 idem
1518 2401 1629 2429 videtur
1652 2401 1744 2430 dicere
1766 2401 1928 2436 Anselmus,

1080 2446 1154 2482 quod
1171 2446 1301 2482 exigetur
1316 2454 1331 2474 a
1352 2446 1432 2475 nobis
1446 2455 1529 2475 omne
1547 2451 1659 2484 tempus
1675 2448 1847 2485 impensum,
1862 2456 1927 2485 qua-

1081 2493 1144 2521 liter
1166 2493 1248 2521 fuerit
1270 2501 1436 2530 expensum.
1460 2495 1490 2523 Et
1512 2494 1571 2531 ipsa
1592 2495 1700 2523 Veritas
1722 2495 1834 2524 videtur
1862 2495 1928 2523 huic

238 2648 244 2662 ¹
263 2650 361 2676 Ariston„
381 2649 403 2671 ll.
428 2649 508 2677 Topic.
534 2656 552 2671 c.
575 2650 595 2671 2.
617 2650 649 2675 (c.
670 2649 700 2677 Ji.)
727 2649 804 2677 docet,
828 2656 877 2672 csse
898 2656 1022 2671 «net-ossa-

174 2689 245 2715 rium,
260 2688 287 2710 dc
300 2688 385 2716 quibus
404 2694 477 2716 genus
489 2688 645 2716 praedicatur,
664 2691 685 2710 ct
697 2690 827 2716 specierum
841 2689 941 2717 aliquam
959 2695 1021 2716 pruo-

174 2727 243 2749 dicari
258 2735 282 2754 n,
306 2729 328 2748 et
346 2727 381 2749 lV.
401 2727 480 2755 Topic.
504 2734 523 2749 c.
546 2728 562 2748 1.
581 2727 610 2749 ad
634 2727 823 2755 discernendum,
847 2731 924 2750 utrum
948 2734 1022 2755 genus

174 2766 269 2787 alicuius
287 2766 314 2787 sit
332 2765 389 2787 bene
408 2766 561 2793 assignatum,
580 2772 607 2787 an
626 2771 681 2793 non,
700 2766 758 2788 lianc
776 2766 879 2793 regulam
899 2767 1020 2794 proponit:

178 2804 312 2832 «Rursum,
331 2805 349 2826 si
368 2804 452 2826 nullam
470 2805 599 2832 specierum
618 2805 728 2832 contingit
745 2806 881 2832 participare
903 2805 965 2833 quod
984 2812 1021 2833 po-

173 2843 242 2865 situm
266 2846 300 2864 cst
320 2843 342 2864 in
366 2849 458 2871 genere.
481 2843 536 2864 Nam
560 2843 702 2870 impossibile
723 2846 756 2865 est
774 2844 911 2871 participare
935 2850 1020 2871 genus,

174 2881 237 2910 quod
256 2882 340 2903 nullam
359 2882 460 2909 speciem
479 2882 608 2909 participat,
627 2881 669 2903 nisi
687 2882 761 2910 aliqua
780 2882 908 2904 secundum
923 2883 1020 2910 primam

175 2920 311 2942 divisionem
325 2920 454 2947 specierum
468 2920 504 2947 sit,
522 2920 571 2941 illae
584 2923 659 2941 autem
674 2926 746 2948 genus
765 2921 838 2942 solum
853 2921 986 2948 participant
1000 2930 1020 2943 11.

174 2960 200 2981 Et
218 2960 286 2987 paulo
307 2962 369 2987 post:
387 2959 544 2981 Necessarium
565 2962 609 2987 cst,
628 2959 691 2987 quod
712 2966 785 2987 genus
797 2960 916 2988 participat
933 2962 953 2982 ot
972 2966 1022 2988 spe·

172 2999 262 3021 cierum
281 2999 380 3027 aliquam
399 2999 542 3026 participare.

1142 2649 1151 2664 2
1168 2649 1212 2672 Cir.
1231 2656 1300 2677 supra
1318 2656 1370 2677 pag.
1390 2649 1445 2676 464,
1465 2652 1515 2671 nota
1534 2649 1555 2671 7.
1574 2652 1595 2671 ct
1613 2656 1665 2677 pag.
1684 2650 1740 2678 614,
1760 2652 1810 2672 nota
1829 2650 1850 2673 5.

1142 2688 1152 2703 3
1169 2689 1227 2711 Vide
1246 2690 1281 2711 liic
1299 2690 1328 2711 lit.
1348 2689 1458 2717 Magistri,
1477 2696 1496 2711 e.
1519 2690 1535 2711 l.

1143 2727 1151 2742 ⁴
1169 2728 1213 2750 (Ἰν.
1232 2734 1301 2756 supra
1320 2728 1341 2750 d.
1361 2728 1397 2750 38.
1416 2734 1434 2749 a.
1458 2728 1474 2750 l.
1494 2735 1515 2757 q.
1538 2729 1554 2750 l.
1573 2734 1621 2757 seq.
1639 2732 1667 2751 et.
1686 2729 1707 2751 d.
1727 2729 1762 2751 40.
1785 2736 1804 2751 a.
1828 2730 1844 2752 1.
1863 2733 1884 2752 et
1908 2731 1928 2752 2.

1080 2780 1110 2783 -
1127 2767 1182 2789 Cod.
1201 2768 1219 2789 T
1237 2767 1269 2789 ml
1283 2766 1371 2790 1101111771.
1387 2766 1458 2797 finem
1476 2768 1498 2790 et
1514 2766 1623 2790 debitam,

1142 2806 1152 2821 5
1169 2806 1227 2828 Vide
1244 2813 1313 2834 supra
1332 2813 1385 2834 pag.
1408 2806 1460 2835 150,
1479 2810 1529 2829 nota
1549 2806 1569 2829 li.
1587 2810 1609 2829 ot
1627 2814 1679 2835 pag.
1701 2807 1757 2836 721,
1776 2811 1827 2831 nota
1847 2809 1867 2830 2.
1887 2815 1928 2831 uec

1080 2852 1124 2867 non
1144 2852 1196 2873 pag.
1215 2845 1271 2873 845,
1290 2848 1341 2868 nota
1360 2845 1381 2867 5.
1393 2858 1424 2862 —
1436 2846 1478 2868 Pro
1496 2847 1517 2869 ct
1529 2852 1601 2869 causa
1620 2847 1670 2869 cod.
1684 2847 1714 2869 W
1730 2847 1768 2870 *oet
1784 2854 1864 2871 causa.
1878 2849 1927 2870 lllox

1080 2890 1122 2912 pro
1140 2885 1187 2906 tota
1206 2883 1241 2906 (lie
1259 2884 1309 2906 cod.
1328 2884 1346 2905 T
1369 2884 1476 2913 quotidie.
1495 2885 1564 2913 Paulo
1588 2886 1681 2908 inferius
1698 2892 1741 2914 pro
1764 2887 1785 2909 et
1806 2888 1927 2909 consucta<

1080 2921 1133 2944 dine
1151 2922 1201 2943 cod.
1220 2928 1245 2944 cc
1263 2925 1283 2944 et
1301 2922 1336 2944 ed.
1360 2923 1364 2944 1
1389 2922 1423 2945 rel
1439 2923 1614 2946 consuetudine.

1142 2961 1151 2975 6
1171 2961 1219 2983 Vat.
1237 2964 1259 2983 et
1276 2961 1329 2983 edd.
1348 2961 1371 2988 3,
1392 2960 1403 2982 4
1420 2967 1463 2990 per
1481 2960 1568 2984 honam
1585 2963 1606 2984 et
1623 2962 1723 2985 malum.

1142 2999 1151 3013 ⁷
1170 3000 1190 3021 ln
1209 3001 1321 3028 opusculo
1339 3007 1350 3022 o
1364 3000 1483 3028 Gauii-ido,
1503 3001 1610 3023 Bernardi
1623 3002 1747 3031 discipulo,
1765 3005 1893 3032 composito
1906 3007 1927 3026 nt
