2243 3425
354 222 408 251 130

351 300 464 326 titudine
484 299 550 326 certi
580 306 631 325 non
652 301 743 326 erant.
774 298 814 324 vel
843 298 865 324 si
895 297 1075 324 damnationis
1105 297 1198 324 incerti

351 346 434 370 erant.
455 343 530 370 Unde
551 343 716 376 Augustinus
745 342 770 368 in
791 341 885 368 eodem
898 341 921 367 ¹:
946 341 1075 373 «Dicere,
1096 341 1200 375 inquit,

351 386 384 412 de
405 385 524 419 Angelis,
553 385 626 420 quod
657 385 682 411 in
709 392 757 411 sno
777 392 875 418 genere
895 384 965 411 beati
987 392 1044 411 esse
1071 388 1200 419 possunt,

351 429 530 456 damnationis
549 428 591 455 vel
611 428 704 454 salutis
725 428 833 459 incerti,
854 427 953 462 quibus
973 435 1022 454 nec
1035 435 1098 462 spes
1118 431 1199 460 esset,

350 472 423 506 quod
437 471 557 498 mutandi
571 475 659 498 essent
673 471 699 497 iu
714 471 817 503 melius,
839 471 919 497 nimia
940 471 1104 504 praesumtio
1125 473 1164 497 est
1176 481 1200 496 ι».

356 515 516 547 «Quomodo
535 515 606 541 enim
627 514 697 541 beati
712 521 769 540 esse
783 517 907 548 possunt,
921 514 1020 548 quibus
1040 516 1078 540 est
1100 513 1201 540 incerta

352 565 402 585 sua
421 558 559 584 beatitudo
571 559 604 584 »Ἱ

424 601 463 627 Ex
484 600 631 634 praedictis
650 600 838 635 consequitur,
858 600 930 634 quod
951 600 1056 633 Angeli,
1076 600 1121 634 qui
1142 607 1201 626 cor-

239 658 339 677 efflemsi„
353 647 479 675 ruerunt,
509 651 646 678 nunquam
675 643 745 670 beati
775 643 895 674 suerunt,
925 643 974 669 nisi
1007 642 1200 669 beatitudinem

246 682 337 705 ³¹³g³⁵²¹‘³·
352 687 450 722 aliquis
469 687 586 721 accipiat
606 687 679 713 illum
700 690 797 713 statum
818 686 1004 717 innocentiae,
1030 686 1054 712 in
1075 693 1129 720 quo
1150 685 1201 712 l'ue-

352 734 415 757 runt
438 734 498 757 ante
522 734 673 765 peccatum.
702 730 741 756 Illi
771 738 834 756 vero
861 730 907 764 qui
937 730 1126 764 perstiterunt,
1156 731 1202 755 aut

352 781 429 800 suam
448 773 641 800 beatitudinem
663 773 793 805 futuram,
819 773 873 799 Deo
899 772 1050 803 revelante,
1071 771 1201 806 praescie-

350 820 426 849 runt,
441 820 467 843 et.
482 817 516 843 ita
536 817 592 851 spei
613 816 773 843 certitudine
794 816 883 850 aliquo
897 815 977 842 modo
991 815 1061 841 beuti
1082 814 1200 845 t'uerunt;

353 860 394 887 vel
415 860 509 887 incerti
536 860 695 887 exstiterunt
723 867 788 886 suae
816 858 1003 889 beatitudinis,
1023 861 1049 884 et
1069 858 1105 884 ita
1124 857 1202 883 aliter

355 903 423 930 beati
445 911 496 930 non
518 904 637 935 suerunt,
657 910 738 938 quam
759 903 855 937 reliqui
870 902 916 936 qui
937 900 1122 928 ceciderunt2.
1137 900 1201 926 Mihi

353 950 442 973 autem
462 947 533 981 quod
555 947 690 981 posterius
709 946 812 972 dictum
838 948 878 971 est
898 944 1067 979 probabilius
1087 943 1200 969 videtur.

426 990 464 1016 Ad
485 990 537 1016 hoc
556 993 654 1021 autem,
674 989 746 1024 quod
767 988 963 1023 quaerebatur,
983 990 1073 1013 utrum
1091 985 1204 1021 perfecti

211 1033 393 1065 [iimmcrffiivel
414 1033 563 1067 imperfecti
584 1032 681 1059 fuerint
700 1032 795 1062 creati,
816 1031 869 1057 dici
890 1033 985 1065 potest,
1005 1030 1069 1064 quia
1083 1029 1201 1063 quodam

230 1070 268 1111 {fff
282 1070 431 1102 perse‘modo
453 1075 563 1109 perfecti
584 1076 704 1105 suerunt,
729 1078 755 1100 et
783 1073 900 1108 quodam
930 1073 982 1099 alio
1004 1072 1082 1099 modo
1107 1072 1204 1106 imper-

353 1119 422 1145 fecti.
442 1119 499 1145 Non
520 1118 589 1145 enim
611 1125 663 1144 uno
683 1117 762 1143 modo
786 1116 887 1150 aliquid
914 1116 1013 1142 dicitur
1040 1116 1202 1150 perfeetum,

223 1171 305 1190 numum
321 1172 337 1189 π,
352 1162 399 1188 sed
419 1161 550 1196 pluribus.
570 1175 605 1180 -—
623 1145 726 1187 Di⁴citur
741 1166 856 1194 namque
876 1160 1024 1194 perlectum
1046 1158 1130 1185 tribus
1151 1166 1202 1184 mo-

1036 219 1288 248 SENTENTIARUM
1312 219 1371 247 ΗΒ.
1394 219 1422 247 ll.

1257 296 1306 323 dis.
1327 297 1373 323 Est
1392 297 1462 323 enim
1484 296 1630 331 perfectum
1650 296 1799 322 seeundum
1815 300 1933 330 tempus,
1954 299 1979 322 et
1993 298 2032 322 est
2046 303 2107 330 per·
2119 303 2196 327 Triplex
2206 308 2234 327 pei

1258 340 1355 366 fectum
1376 339 1525 366 secundum
1544 342 1692 370 notitiem,
1713 342 1739 365 et
1758 342 1798 365 est
1811 338 2004 365 universaliter
2021 339 2106 374 perse·
2132 327 2206 346 ‘mum'

1258 387 1338 410 etum.
1368 382 1520 409 Secundum
1551 386 1654 417 tempus
1683 382 1832 416 perfectum
1862 385 1901 408 est
1930 381 2001 416 quod
2027 381 2108 408 habet

1258 425 1390 460 quidquid
1407 429 1510 460 tempus
1525 425 1646 459 requirit,
1657 428 1681 451 et
1696 425 1821 451 convenit
1834 424 1982 457 secundum
2003 427 2109 458 tempus

1259 469 1365 500 haberi,
1386 472 1412 495 et
1431 469 1483 496 hoc
1504 468 1583 495 modo
1607 468 1697 502 Angeli
1717 471 1793 495 erant
1806 468 1917 502 perfecti
1932 472 1992 494 ante
2012 468 2109 494 contir-

1260 512 1412 545 mationem,
1433 512 1475 538 vel
1495 512 1609 546 lapsum.
1622 511 1783 548 *Secundum
1808 515 1938 537 naturam
1959 511 2108 545 perfectum

1260 558 1299 581 est
1322 554 1394 589 quod
1416 555 1496 581 babet
1515 554 1648 589 quidquid
1662 554 1781 581 debitum
1797 558 1837 581 est
1851 554 1892 580 vel
1907 554 2016 588 expedit
2036 557 2109 580 natu-

1260 605 1305 624 rae
1315 605 1380 624 suae
1395 597 1428 624 ad
1439 598 1671 631 glorificationem
1685 601 1710 624 et
1722 597 1772 624 hoc
1787 597 1866 624 modo
1876 597 1986 632 perfecti
2003 597 2110 623 suerunt

1259 641 1351 675 Augeli
1373 644 1433 675 post
1452 641 1691 672 continuationem,
1712 643 1737 666 et
1751 643 1828 666 erunt
1842 640 1931 666 Sancti
1946 643 2006 674 post
2024 646 2110 666 resur-

1260 685 1414 711 rectionem.
1437 683 1632 711 Unz'oersaliter
1651 688 1674 709 et
1702 691 1806 710 summe.
1822 683 1971 719 perfectwn
1997 686 2036 709 cst
2065 682 2110 709 cui

1260 727 1324 753 niliil
1346 735 1464 762 unquam
1479 727 1561 759 deest,
1576 731 1601 753 et
1614 734 1629 753 a
1643 735 1697 762 quo
1713 727 1837 753 universa
1851 726 2012 761 proveniunt
2027 726 2109 757 bona,

1259 770 1332 805 quod
1351 773 1391 797 est
1409 770 1492 797 solius
1512 770 1568 797 Dei.
1589 770 1676 797 Prima
1697 777 1760 804 ergo
1787 770 1916 804 perfectio
1937 772 1977 796 est
1996 773 2108 796 naturae

1259 812 1391 844 conditae,
1414 813 1534 840 secunda
1563 817 1674 840 naturae
1692 812 1878 849 gyl(1›·z'ficatae,
1899 813 1976 840 tertia
1996 816 2107 839 naturae

1260 856 1401 883 increatae.

1330 899 1426 931 Quales
1446 900 1543 926 suerint
1564 899 1655 933 Angeli
1687 900 1711 925 in
1733 900 1878 931 creatione,
1902 902 2037 926 ostensum
2059 902 2107 931 est,
2120 907 2217 931 Epilogus.

1260 942 1325 969 boni
1342 943 1445 970 seilicet
1464 947 1490 970 et
1509 951 1561 970 non
1582 943 1657 974 mali,
1677 946 1703 970 et
1722 942 1802 974 iusti,
1833 943 1860 970 id
1880 946 1919 969 est
1939 944 2108 974 innocentes,

1260 989 1286 1013 et
1302 986 1415 1021 perfecti?
1432 986 1551 1021 quodam
1572 986 1669 1017 modo,
1698 986 1750 1013 alio
1772 994 1835 1013 vero
1857 985 2013 1021 imperfecti.
2033 984 2112 1012 Beati

1261 1037 1323 1056 vero
1345 1037 1397 1056 non
1416 1030 1523 1056 fuerunt
1543 1037 1627 1064 usque
1648 1030 1682 1057 ad
1700 1030 1940 1062 confirmationem,
1960 1030 2009 1056 nisi
2031 1029 2111 1056 beati—

1261 1072 1324 1098 tudo
1345 1073 1508 1107 accipiatur,
1529 1076 1557 1099 ut
1586 1073 1638 1100 iam
1667 1073 1767 1099 dietum
1797 1077 1848 1104 est,
1870 1073 1913 1099 ille
1932 1076 2017 1099 status
2040 1072 2112 1099 inno-

1261 1115 1364 1141 centiae
1384 1119 1407 1142 et
1430 1115 1569 1146 bonitatis,
1590 1116 1615 1142 in
1636 1123 1689 1150 quo
1710 1115 1810 1142 conditi
1831 1119 1900 1142 sunt.

663 1284 1103 1334 COMMENTARIUS
1138 1284 1199 1332 IN
1233 1284 1672 1333 DISTINCTIONEM
1709 1285 1780 1333 [V.

725 1414 768 1447 De
788 1413 942 1447 habitibus
960 1414 1096 1458 Angelos
1116 1414 1143 1446 in
1164 1419 1245 1447 statu
1264 1413 1455 1458 perfectionis
1474 1412 1738 1446 constituentibus.

1000 1521 1067 1549 Post
1090 1519 1159 1548 liaeo
1180 1520 1338 1548 videndum
1360 1524 1400 1548 est
1422 1524 1473 1549 ete.

1091 1631 1212 1659 Dtvts10
1235 1631 1373 1660 TEXTUS.

432 1743 522 1779 Supra
543 1742 598 1779 egit
620 1742 749 1779 Magister
771 1742 805 1771 de
835 1742 977 1770 habitibus
1010 1742 1202 1775 naturalibus,

353 1792 380 1818 et
401 1789 435 1818 de
458 1789 600 1818 habitibus
623 1789 658 1817 ad
680 1789 878 1826 perfectionem
897 1789 1130 1826 praeparantibus
1143 1789 1158 1817 ¹.
1175 1789 1202 1817 ln

354 1837 405 1866 hac
427 1840 506 1874 parte
527 1837 584 1874 agit
606 1837 640 1865 de
662 1837 805 1865 habitibus
829 1837 855 1864 in
878 1840 952 1865 statu
968 1836 1091 1873 perfeeto
1106 1836 1204 1865 eonsti-

354 1884 516 1913 tuentibus:
537 1884 613 1913 unde
636 1884 768 1921 inquirit,
794 1886 891 1911 utrum
914 1883 1007 1920 Angeli
1031 1883 1085 1912 sint
1117 1883 1202 1911 creati

353 1932 411 1960 sive
434 1931 535 1960 fuerint
558 1932 628 1960 beati
652 1935 679 1960 et
700 1931 823 1969 perfecti.
847 1931 988 1959 Dividitur
1016 1933 1112 1959 autem
1134 1931 1203 1959 haec

354 1986 419 2016 pars
442 1978 469 2006 in
491 1979 569 2007 duas.
598 1979 627 2007 ln
649 1978 740 2016 prima
766 1979 947 2016 prosequitur
969 1978 1147 2015 quaestiones
1169 1977 1203 2006 de

356 2025 546 2060 beatitudinoe
569 2027 595 2055 in
618 2026 741 2055 secunda
757 2026 791 2055 de
803 2025 997 2063 perfectione,
1013 2025 1065 2054 ibi:
1090 2025 1137 2053 Ad
1153 2024 1204 2053 liot-

354 2077 462 2107 autem,
484 2074 561 2111 quod
581 2073 787 2112 quaerebatur.

435 2120 526 2148 Prima.
557 2128 623 2157 pars
649 2120 733 2148 habet
766 2123 829 2148 tres.
864 2120 890 2148 ln
924 2119 1012 2156 prima
1037 2119 1205 2148 determinat

354 2168 545 2204 quaestionem
566 2170 703 2205 quantum
726 2167 761 2195 ad
785 2167 846 2195 illos
861 2167 908 2204 qui
925 2166 1101 2201 ceciderunt,
1117 2170 1206 2195 osten-

356 2214 439 2249 dens,
472 2215 547 2252 quod
581 2223 724 2252 nunquam
757 2215 872 2243 fuerunt
904 2213 986 2242 beati.
1022 2214 1049 2242 ln
1081 2214 1205 2242 secunda

355 2265 490 2298 quantum
513 2262 547 2291 ad
570 2270 617 2291 eos
639 2262 685 2299 qui
709 2264 914 2292 remanserunt
937 2264 964 2289 et
986 2261 1037 2290 lioe
1054 2261 1105 2289 ibi:
1132 2261 1206 2289 Boni

356 2317 423 2337 vero
445 2309 497 2346 (liti
514 2309 707 2346 perstiterim
727 2313 778 2337 etc.
802 2309 828 2337 ln
852 2309 932 2337 tertia
949 2308 1071 2337 breviter
1086 2308 1205 2337 resumit

1260 1741 1514 1778 praedeterminata
1546 1741 1580 1769 de
1609 1742 1753 1778 utrisque,
1787 1741 1836 1770 ibi:

1261 1788 1449 1826 consequitur
1471 1792 1522 1817 etc.

1341 1835 1388 1864 Act
1409 1835 1461 1864 hoe
1483 1839 1598 1869 (tutem,
1622 1836 1699 1873 quod
1727 1835 1925 1874 quaerebatur
1958 1839 2009 1864 ete.
2042 1836 2111 1864 Haec

1261 1886 1302 1911 est
1321 1883 1444 1912 secunda
1466 1891 1547 1920 pars,
1578 1883 1603 1911 in
1639 1892 1694 1920 qua
1716 1883 1912 1920 prosequitur,
1935 1886 2032 1911 utrum
2066 1882 2114 1912 An-

1261 1930 1313 1967 geli
1337 1931 1391 1959 sint
1423 1931 1507 1960 creati
1537 1929 1679 1968 perfecti,
1712 1935 1739 1959 et
1772 1931 1855 1959 habet
1878 1931 1945 1960 liaeo
1969 1939 2034 1968 pars
2056 1935 2113 1960 tres

1262 1978 1422 2014 particulas.
1445 1978 1471 2006 [n
1495 1978 1586 2015 prima
1608 1978 1713 2008 innuit.
1736 1978 1811 2015 quod
1835 1987 1884 2015 per
1906 1979 2111 2007 distinctionem

1261 2029 1303 2053 est
1325 2026 1561 2062 respondendum.
1596 2026 1622 2053 ln
1652 2026 1775 2054 secunda
1797 2025 1941 2063 subiungit
1964 2026 2114 2054 distinctio-

1261 2080 1340 2100 nem.
1363 2072 1414 2100 ibi:
1441 2072 1556 2101 Divitem·
1577 2081 1705 2111 namque
1725 2071 1887 2109 perfectioni
1908 2076 1959 2101 ete.
1984 2072 2011 2100 [n
2029 2072 2110 2101 tertia

1263 2128 1329 2147 vero
1351 2120 1469 2148 resumit
1485 2120 1738 2156 praedeterminata
1754 2123 1780 2148 et
1792 2120 1800 2133 ²
1817 2119 1939 2147 breviter
1955 2119 2111 2154 ostendens,

1261 2167 1352 2203 qualis
1374 2167 1444 2195 saeta
1466 2167 1551 2195 suerit
1574 2171 1671 2195 natura
1689 2167 1828 2203 angelica.
1845 2167 2014 2195 resumendo
2035 2175 2114 2204 prae-

1262 2214 1348 2247 ‹lit-ta,
1372 2214 1419 2242 ibi:
1456 2214 1561 2250 Quales·
1592 2213 1669 2251 facti
1699 2213 1824 2250 ficerunt
1846 2213 1951 2251 Angyelt'
1978 2214 2005 2241 ἱη
2035 2222 2115 2242 erect-

1263 2260 1344 2289 tione.

1872 1742 1916 1769 Ex
1945 1741 2110 1778 praedictis

1008 2406 1194 2435 TRACTATIO
1216 2406 1458 2443 QUAESTtoNt‘M.

436 2506 471 2534 Ad
498 2506 704 2543 intelligentiam
730 2506 814 2535 liuius
837 2506 923 2543 partis
945 2509 1122 2543 quaeruntur
1146 2506 1205 2534 tria.

438 2552 560 2581 Primum
593 2557 649 2586 est,
681 2553 778 2590 quales
807 2554 892 2582 creati
916 2556 981 2581 sunt
1003 2553 1097 2589 Angcli
1120 2561 1206 2590 quan-

358 2603 416 2628 tum
439 2600 473 2628 ad
497 2600 621 2636 gloriam.

436 2647 612 2679 Secundum,
634 2652 770 2685 quantum
803 2648 837 2676 {td
871 2648 958 2676 futuri
988 2651 1106 2676 eventus
1129 2656 1207 2684 prae-

359 2694 510 2721 scientium.

1323 2506 1448 2534 Tertium
1464 2510 1518 2541 est,
1534 2510 1669 2544 quantum
1686 2507 1719 2535 ad
1737 2506 1921 2543 cognitionem
1938 2506 2111 2534 matutinam.

1323 2554 1401 2582 Circa
1424 2554 1546 2591 primum
1569 2557 1748 2591 quaeruntur
1769 2554 1834 2582 duo.

1324 2601 1447 2629 Primum
1470 2605 1525 2635 est,
1551 2605 1645 2629 utrum
1669 2602 1695 2629 in
1728 2601 1769 2630 sui
1793 2601 1930 2629 creatione
1963 2600 2113 2629 habuerint

1263 2648 1389 2684 gloriam.

1322 2695 1481 2723 Secundum
1504 2698 1560 2727 est,
1583 2699 1679 2723 utrum
1703 2695 1853 2723 habuerint
1875 2694 2002 2731 gratiam.

424 2873 429 2887 ¹
449 2873 503 2901 Cup.
526 2875 558 2896 lss.
573 2881 592 2896 n.
612 2875 648 2902 25⁴»,
667 2878 687 2897 et
700 2882 747 2904 seq.
767 2876 807 2897 loe.
827 2875 881 2898 ibid.
895 2883 913 2898 e.
931 2876 961 2898 17.
973 2877 1082 2898 —l’uulo
1095 2880 1146 2903 post
1164 2882 1206 2904 pro

360 2918 408 2934 esse
428 2914 526 2940 possunt
545 2914 593 2935 Vnt.
612 2920 663 2935 eum
683 2913 732 2935 wod.
752 2915 769 2935 Ι)
786 2918 807 2936 et
825 2915 904 2942 punt-is
922 2915 974 2937 edd.
993 2921 1042 2937 esse
1058 2915 1159 2943 possent.

423 2951 432 2965 '2
449 2950 494 2973 Ct'r.
512 2952 614 2979 August,
635 2953 670 2974 Xl.
690 2953 717 2974 de
735 2953 783 2974 Cir.
803 2954 854 2979 Dei,
873 2960 891 2975 e.
915 2954 946 2975 13.

580 2990 674 3013 NOTAE
692 2991 727 3014 AD
746 2991 990 3015 COMMENTARIUM.

424 3028 429 3042 ¹
451 3029 498 3051 Vut.
513 3030 533 3051 in
547 3030 588 3051 11:11·
601 3032 755 3057 propositione
768 3037 809 3058 pro
822 3030 937 3054 habitibus
949 3032 984 3054 his
997 3033 1112 3055 substituit
1125 3032 1204 3056 habili-

1264 2875 1363 2901 sattim&
1382 2880 1516 2905 sequentem
1529 2879 1604 2898 autem
1619 2882 1685 2904 prop.
1698 2877 1730 2898 sic
1742 2876 1844 2898 exhibet:
1859 2876 1879 2897 ln
1894 2877 1935 2897 litte
1949 2879 2011 2903 parte
2024 2876 2070 2903 agit
2083 2875 2112 2897 dc

1263 2914 1423 2938 lmhilttalilms
1441 2915 1463 2937 iii
1477 2916 1566 2938 statum.
1576 2915 1705 2944 perfeetum
1720 2914 1922 2941 constituentibus,
1937 2914 1996 2936 unde
2010 2915 2109 2942 inquirit,

1264 2958 1340 2976 utrum
1359 2955 1438 2982 Angeli
1456 2961 1514 2977 moa·
1534 2956 1557 2977 lt!
1575 2956 1642 2977 creati
1656 2956 1718 2981 suut,
1736 2955 1818 2976 suerint
1836 2954 1894 2976 beuti
1912 2958 1934 2976 et
1947 2954 2047 2981 pei-secti.

1326 2994 1334 3008 ‘·'
1353 2995 1455 3021 Aet-ipius
1483 2994 1616 3021 partit-ulum
1643 2995 1664 3016 el
1687 3001 1728 3022 pro
1753 2993 1830 3016 etium.
1859 2994 1907 3015 Vnt.
1933 2994 2014 3015 omittit
2040 2994 2061 3015 et
2086 2999 2112 3015 ae
2148 3018 2155 3031 k

1263 3033 1345 3055 deinde
1364 3033 1503 3056 resumendo
1520 3033 1648 3063 praedirtu.
2145 3029 2150 3033 ¹
