2243 3425
7 559 34 619 ΗΞ

36 899 79 918 =usi0
90 898 107 917 1.

26 1095 27 1103 1
35 1088 77 1106 ‘atio
90 1087 106 1105 1.

26 1576 27 1579 =
37 1566 78 1584 atio
90 1565 107 1583 2.

37 1935 79 1954 tatio
92 1935 109 1953 3.

741 205 821 233 DlST.
847 205 922 233 XXX.
948 206 1019 233 ΛΒΤ.
1043 205 1059 233 Ι.
1084 206 1220 242 QUAEST.
1243 206 1270 234 11.

123 283 278 311 secundum
300 282 373 319 quod
397 282 463 311 dicit
485 283 655 319 Augustinus
676 283 703 311 in
726 283 797 312 libro
819 284 853 312 de
873 283 971 312 Libero

123 329 242 358 Arbitrio
255 329 279 357 ¹:
296 336 362 366 ergo
377 329 548 366 impossibile
564 333 617 363 est,
633 329 795 367 originalem
819 330 972 367 corruptio-

124 384 185 405 nem
208 384 269 405 esse
291 376 420 413 culpam:
451 376 524 405 redit
553 376 638 413 igitur
668 377 740 406 idem
770 377 844 414 quod
872 377 970 414 prius,

123 423 197 460 quod
219 422 297 451 nulla
319 422 400 460 culpa
423 423 457 451 sit
479 422 638 460 originalis,
654 426 680 451 et
702 423 775 460 quod
799 426 899 451 natura
923 423 971 451 liu-

124 477 204 497 mana
226 469 252 497 in
275 469 360 497 Adam
383 477 436 497 non
459 469 543 498 fuerit
565 468 664 497 insecta
686 468 872 505 culpabiliter.

425 570 663 591 CONCLUSIO.

122 656 264 685 Humana
286 660 399 685 natura
421 657 450 684 iii
474 656 610 685 omnious
631 656 797 685 hominibus
827 659 970 693 corrupta

200 707 257 736 cst,
280 712 338 731 11011
358 703 453 732 solum
473 703 645 741 poenaliter,
666 704 717 732 sed
738 704 825 732 ctiam
842 702 970 740 culpabi-

201 750 281 783 liter,
304 754 329 778 et
351 750 402 779 lzoc
424 751 537 789 quidem
559 755 676 788 peccato
699 751 789 780 Adae.

200 845 378 874 Responnno:
402 845 572 879 Dicendum,
594 845 670 882 quod
691 845 797 882 absque
813 845 899 874 dubio
915 849 971 875 tota

121 895 237 925 natura,
260 892 312 921 hoc
334 895 375 921 est
396 891 517 920 natura²
538 892 564 920 in
587 892 718 921 omnibus
740 892 909 926 hominibus,
932 901 971 922 se-

121 938 260 968 minaliter
275 938 310 967 ab
325 939 409 967 Adam
433 939 683 973 descendentibus,
698 943 831 976 corrupta
846 943 900 974 est,
917 948 969 968 non

123 987 213 1016 solum
233 986 412 1024 poenaliter,
436 987 483 1015 sed
506 987 589 1016 etiam
612 986 804 1024 culpabiliter.
828 987 881 1016 Hoc
896 988 969 1016 enim

124 1034 282 1063 manifestat
302 1033 425 1062 visionis
448 1033 500 1061 Dei
521 1034 672 1066 carentia,
694 1033 854 1062 rationalis
875 1033 972 1062 erube-

121 1081 247 1115 scentia,
263 1081 513 1118 concupiscentiae
524 1081 795 1118 praedominctntia.
812 1098 849 1101 —
867 1081 972 1110 Caren-

123 1129 164 1157 tta
186 1128 308 1157 visionis
331 1128 383 1156 Dei
410 1128 462 1157 hoc
489 1128 661 1159 manifestat.
684 1129 749 1166 quia
773 1128 867 1158 nullus
889 1129 972 1158 debet

122 1179 235 1205 aeterno
264 1175 352 1209 bono,
374 1175 408 1204 ad
432 1175 505 1212 quod
528 1175 618 1204 factus
639 1179 696 1210 est,
718 1176 839 1213 privari,
863 1176 913 1205 nisi
944 1176 970 1204 in

122 1230 151 1253 se
173 1223 274 1251 habeat
295 1222 417 1260 aliquid.
433 1230 483 1259 per
498 1222 571 1259 quod
589 1222 721 1259 indignus
737 1223 771 1252 sit
786 1223 881 1251 divino
896 1231 972 1260 aspe-

122 1270 178 1299 ctui
201 1270 394 1307 praesentari3
423 1269 476 1298 tale
498 1273 592 1299 autem
615 1278 669 1298 non
691 1273 733 1299 est
755 1271 807 1299 nisi
831 1271 922 1308 culpa.
945 1271 970 1299 Si

123 1317 207 1354 igitur
229 1324 341 1351 omnes.
364 1320 501 1354 quotquot
522 1320 602 1351 sunt,
625 1317 730 1346 visione
746 1318 794 1346 Dei
810 1318 971 1355 privantur,

123 1364 174 1393 nisi
197 1372 246 1401 per
268 1364 438 1401 baptismum
460 1363 594 1399 fluminis
615 1364 658 1393 vel
672 1364 805 1400 flaminis
828 1373 972 1395 renascan-

120 1414 188 1445 tur;
210 1411 324 1448 planum
347 1415 404 1445 est,
427 1411 500 1448 quod
525 1419 636 1444 omnes,
659 1415 795 1449 quotquot
817 1416 895 1447 sunt,
911 1421 972 1442 con-

124 1458 239 1486 trahunt
260 1465 297 1486 ex
319 1466 370 1486 sua
392 1457 498 1494 origine
520 1457 631 1495 culpam
646 1457 664 1485 ³.

203 1504 410 1533 Erzibescentz‘ct
425 1504 508 1533 etiam
524 1504 652 1533 rationis
668 1505 719 1534 1100
732 1506 896 1535 manifestat.
910 1506 973 1535 Nul-

123 1551 168 1580 lus
188 1552 260 1580 enim
284 1551 485 1580 rationabiliter
507 1551 648 1581 erubescit
670 1552 704 1581 (le
727 1552 770 1581 his
786 1553 971 1590 passionibus,

122 1606 192 1636 quas
214 1599 297 1627 habet
319 1607 335 1627 a
356 1602 472 1631 natura,
495 1599 546 1628 nisi
570 1599 653 1628 insint
668 1599 692 1628 ei
708 1607 758 1637 per
778 1599 900 1637 aliquam
917 1600 973 1629 cul-

122 1654 205 1684 pam;
227 1646 275 1676 sed
298 1647 388 1675 omnis
410 1646 493 1675 homo
515 1646 680 1675 naturaliter
709 1647 850 1676 erubescit
871 1655 906 1677 ex
930 1655 972 1685 ge-

122 1694 250 1723 nitalium
272 1694 464 1723 membrorum
488 1697 573 1723 motu.
599 1694 637 1722 Ex
656 1694 708 1723 1100
731 1694 816 1731 igitur
831 1694 972 1732 colligitur

122 1745 149 1770 et
171 1741 380 1775 manifestatur,
402 1741 477 1779 quod
499 1741 615 1779 quilibet
633 1742 658 1770 in
674 1750 703 1771 se
719 1742 778 1779 ipso
794 1750 846 1771 non
863 1745 971 1771 tantum

122 1788 290 1826 poenaliter,
317 1789 365 1817 sed
395 1788 476 1818 etiam
502 1788 723 1826 vituperabiliter
744 1793 771 1818 et
793 1789 971 1827 culpabiliter

122 1839 163 1865 est
185 1839 349 1872 corruptus,
374 1838 510 1873 quantum
526 1839 568 1864 est
583 1835 617 1864 de
633 1844 684 1864 sua
699 1836 819 1865 naturali
836 1836 942 1874 origine
955 1836 970 1863 ⁴.

204 1882 470 1910 Prctcdoiiiinantia
492 1882 742 1919 concupiscentiae
758 1882 810 1911 1100
825 1882 973 1911 evidentis-

123 1930 192 1959 sime
214 1930 378 1958 manifestat.
402 1929 513 1958 Certum
537 1932 579 1959 est
600 1930 687 1964 enim,
707 1929 781 1967 quod
799 1933 864 1959 tunc
879 1930 972 1958 anima

123 1977 244 2007 hominis
265 1980 307 2006 est
327 1976 471 2009 ordinata,
493 1976 606 2014 quando
628 1976 743 2013 spiritus
764 1980 806 2005 est
828 1977 880 2005 sub
903 1976 972 2011 Deo,

122 2027 149 2053 et
170 2032 235 2053 caro
256 2028 283 2053 et
304 2024 422 2052 virtutes
444 2023 578 2052 animales
599 2027 664 2052 sunt
687 2023 739 2052 sub
762 2024 863 2060 spiritu
885 2027 912 2052 et
934 2032 972 2052 se-

123 2075 249 2109 quuntur
271 2072 332 2100 eius
355 2071 513 2108 imperium.
534 2070 573 2099 Ab
587 2071 721 2108 oppositis
736 2071 821 2108 igitur
836 2074 902 2100 tunc
917 2072 972 2100 ani-

122 2127 168 2147 ma
190 2118 310 2147 bominis
331 2121 373 2147 est
395 2125 544 2155 perversa,
572 2118 685 2155 quando
714 2125 779 2147 caro
805 2121 831 2146 et
854 2118 972 2147 virtutes

121 2165 255 2195 animales
278 2168 413 2202 praesunt
434 2165 543 2202 spiritui
567 2164 703 2193 rationali.
728 2164 757 2193 Et
781 2165 832 2194 hoc
856 2165 971 2202 quidem

122 2220 219 2242 verum
243 2216 285 2241 est.
306 2212 340 2240 de
361 2212 459 2249 plano.
484 2220 537 2241 non
560 2211 756 2240 tantummodo
771 2212 927 2241 secundum
944 2212 972 2241 fi-

122 2259 202 2293 dem.
225 2266 323 2288 verum
345 2259 429 2287 etiam
451 2258 606 2287 secundum
622 2258 826 2295 philosophiam
841 2258 859 2286 ⁵.
876 2258 927 2287 Sed
945 2259 970 2287 in

187 2429 192 2443 ¹
212 2429 271 2451 Libr.
291 2429 313 2450 11.
338 2435 356 2450 c.
381 2429 419 2450 011.
444 2435 464 2450 n.
488 2427 530 2455 54,
557 2428 595 2450 ubi
619 2432 738 2455 peccatum
767 2430 869 2451 nominat
886 2432 973 2451 motum

127 2469 293 2495 voluntarium,
316 2473 385 2496 quam
405 2468 543 2489 notationem
562 2470 639 2494 postca
659 2467 731 2489 fusius
748 2467 845 2494 explicat
864 2467 894 2489 111.
913 2474 931 2489 ι’.
953 2468 970 2489 1,

125 2514 145 2530 0.
174 2509 190 2530 1.
214 2514 278 2537 seqq.
302 2507 358 2529 ibid.
381 2513 399 2529 0.
424 2508 445 2529 9.
470 2513 491 2528 11.
515 2506 551 2528 26.
575 2507 622 2528 ait:
650 2506 697 2528 Non
721 2507 781 2528 enini
811 2509 930 2533 peccatum
954 2509 975 2529 et

126 2547 266 2575 supplicium
285 2547 370 2574 peccati
390 2548 484 2568 naturae
501 2549 553 2567 sunt
570 2544 697 2573 quaedum.
716 2544 755 2567 sed
780 2544 914 2574 affectiones
932 2551 974 2583 ‘na-

124 2589 239 2613 turarum,
258 2586 292 2608 illa
313 2584 458 2616 tssolttntaria,
478 2586 518 2607 ista
538 2584 646 2612 [1001111115.
666 2597 696 2599 -
709 2584 776 2606 Paulo
794 2585 900 2612 superius
924 2588 974 2612 post

125 2624 216 2655 affectio
233 2624 371 2648 voluntaria
389 2624 425 2647 ed.
445 2625 453 2646 J
475 2622 590 2646 additsea'
606 2623 667 2646 nihil
684 2625 717 2646 cst
731 2625 868 2652 peccatum,
887 2623 935 2646 nisi
945 2624 975 2646 sit

125 2663 304 2692 voluntat-imm
322 2664 390 2692 paulo
407 2664 501 2686 inferius
519 2669 561 2691 pro
579 2668 627 2686 esse
646 2662 742 2692 culpam
759 2663 824 2690 edd.y
843 2666 936 2691 excepta
957 2665 973 2690 1,

125 2709 173 2726 esse
188 2709 231 2732 per
248 2702 356 2732 culpam,
376 2709 436 2731 quae
453 2706 474 2725 et
492 2701 575 2725 deinde
585 2708 627 2730 pro
653 2701 778 2731 originalis
802 2702 942 2724 substituunt
959 2708 973 2725 a

126 2743 226 2769 nutat-a,
248 2748 289 2769 pro
307 2748 353 2770 quo
371 2741 421 2764 cod.
440 2741 456 2764 C
473 2740 601 2764 naturalis.

188 2781 197 2795 ¹2
215 2781 264 2803 Vat.
283 2787 335 2803 cum
354 2780 389 2803 ed.
409 2780 421 2802 4
443 2779 530 2810 nosque
555 2780 624 2803 dubio
644 2782 691 2803 lota
708 2786 801 2807 masau,
822 2779 865 2803 hoc
883 2781 916 2803 est
932 2786 975 2803 tza-

127 2822 180 2843 tura
199 2820 313 2843 [mmmm.
333 2820 384 2842 Post
402 2825 473 2847 pauca
493 2826 535 2847 pro
553 2819 679 2842 rationalis
696 2818 763 2841 codd.
782 2819 799 2840 M
816 2818 832 2840 Υ
846 2825 871 2840 aa
891 2824 974 2841 caraia-

127 2860 165 2883 lis.
186 2866 244 2888 quae
263 2860 327 2882 lectio
346 2865 389 2881 non
409 2860 513 2887 congruit
531 2865 583 2881 cum
602 2865 666 2887 seqq.

188 2899 197 2913 ³
217 2900 244 2920 ita
264 2902 285 2920 01
297 2901 400 2926 August„
419 2899 492 2920 Serm.
506 2898 557 2921 294.
576 2898 643 2923 (alias
660 2897 693 2919 14.
706 2897 734 2919 (lc
754 2897 835 2919 Verbis
855 2897 973 2925 Apostoli)

129 2944 147 2960 0,
167 2938 186 2959 3.
206 2945 226 2959 n.
246 2938 266 2965 3,
286 2937 324 2960 ubi
343 2937 400 2960 illud
419 2937 591 2965 Pelagianorum
610 2937 750 2963 confutatur,
776 2936 886 2963 parvulos
904 2935 974 2963 bapti-

118 2977 211 2999 ‘zandos
224 2983 273 2999 0550
286 2983 329 2998 non
349 2980 442 3004 propter
460 2976 531 2999 vitam
549 2978 684 3002 aeternnm,
705 2975 744 2998 sed
764 2976 857 3002 propter
872 2980 972 3003 reanum

129 3016 255 3039 melorum.
275 3016 318 3039 Csr.
337 3017 369 3038 111.
388 3016 468 3039 Contra
489 3017 564 3039 Iulian.
584 3016 695 3043 pelagian.
715 3021 734 3037 0,
752 3015 772 3036 3.
791 3021 812 3036 n.
831 3015 850 3036 9.

1824 208 1879 235 719

1029 283 1140 312 homine
1170 284 1248 321 vigor
1276 285 1516 321 concupiscentiae
1546 289 1572 313 et
1598 285 1642 313 lex
1668 285 1879 319 membrorum,

1028 338 1112 367 quam
1139 331 1333 368 unusquisque
1362 331 1443 359 habel
1467 340 1482 359 a
1505 331 1663 366 nativitate,
1687 332 1807 369 captivat
1828 332 1880 369 spi-

1029 377 1113 405 ritum
1137 379 1163 405 et
1185 377 1207 406 ei
1231 377 1469 414 praedominatur.
1494 378 1532 406 Ex
1556 378 1607 407 1100
1630 378 1714 415 igitur
1730 378 1837 408 clarum
1854 382 1881 407 et

1028 427 1157 460 apertum
1179 428 1236 455 est,
1258 424 1332 461 quod
1355 425 1446 453 anima
1470 425 1620 454 cuiuslibet
1642 426 1761 455 hominis
1783 434 1799 454 a
1816 426 1881 455 nati-

1029 472 1113 499 vitate
1135 479 1268 508 perversa
1290 475 1331 500 est
1353 475 1380 500 et
1402 472 1574 501 inordinata:
1591 473 1638 502 sed
1655 474 1727 502 sicut
1742 473 1880 502 ordinatio

1030 516 1055 544 in
1080 517 1191 546 homine
1213 521 1240 546 et
1262 518 1400 547 rectitudo
1416 519 1521 548 iustitia
1536 523 1592 553 est..
1609 520 1648 549 sic
1670 520 1839 557 perversitas
1854 524 1881 549 et

1030 562 1197 591 inordinatio
1220 564 1302 600 culpa
1324 568 1373 593 est.
1397 565 1423 593 Si
1445 573 1512 603 ergo
1534 566 1647 595 anima⁶
1669 567 1820 596 cuiuslibet
1835 567 1880 595 110-

1030 609 1112 638 minis
1134 618 1183 647 per
1207 610 1294 647 legem
1318 613 1558 649 concupiscentiae
1573 621 1707 650 perversa
1729 617 1770 642 est
1791 622 1807 642 a
1829 621 1880 643 sua

1029 656 1149 693 origine,
1174 657 1198 685 in
1222 657 1346 694 quolibet
1369 658 1480 688 homine
1503 659 1693 689 indubitanter
1719 661 1879 697 ponendum

1029 707 1070 731 est
1092 711 1152 732 esse
1175 708 1319 740 peccatum
1350 705 1500 741 originale,
1530 710 1665 743 quantuni
1696 711 1737 736 est
1765 708 1799 737 de
1828 715 1880 737 sua

1028 751 1120 787 prima
1142 750 1292 780 nativitate.
1309 768 1346 772 -—
1363 751 1393 780 Et
1408 752 1443 780 (le
1459 752 1510 781 1100
1525 760 1607 781 nemo
1623 754 1747 785 dubitat.
1763 754 1814 783 nisi
1831 754 1878 792 qui
1889 762 2021 782 confirmatur.

1029 798 1132 832 nescit,
1154 801 1276 835 quantus
1298 799 1332 827 sit
1354 799 1432 836 vigor
1448 800 1702 837 concupiscentiae,
1718 805 1745 829 et
1758 801 1878 838 qualiter

1029 845 1145 882 spiritus
1158 845 1300 874 rationalis
1315 845 1371 875 Deo
1387 845 1487 875 debeat
1501 847 1509 860 ⁷
1526 847 1649 876 subesse.
1665 847 1777 876 Constat
1790 848 1878 883 enim,

1029 892 1103 929 quod
1127 900 1181 921 non
1204 892 1301 921 subest
1330 893 1446 930 spiritus
1474 897 1568 922 noster
1591 894 1711 930 perfecte
1733 894 1805 928 Deo,
1827 894 1879 923 nisi

1030 939 1127 976 diligat
1156 940 1246 976 ipsum
1275 948 1364 977 Super
1393 940 1494 968 omnia
1516 944 1543 969 et
1562 945 1682 978 propter
1703 950 1740 969 se.
1763 941 1877 970 Planum

1029 990 1071 1016 est
1092 987 1191 1021 etiam,
1217 987 1291 1024 quod
1315 986 1411 1023 nullus
1433 987 1460 1016 in
1483 991 1557 1016 statu
1586 992 1703 1017 naturae
1731 992 1880 1025 corruptae

1029 1034 1117 1063 Deum
1141 1034 1231 1071 diligit
1252 1043 1341 1071 super
1368 1035 1468 1073 omma
1490 1038 1517 1064 et
1535 1039 1655 1072 propter
1677 1044 1706 1064 sc
1728 1036 1786 1064 sine
1808 1036 1881 1065 dono

1029 1082 1150 1118 gratiae.
1174 1081 1259 1110 immo
1282 1082 1438 1111 necessario
1461 1082 1582 1111 vincitur
1604 1091 1619 1110 a
1643 1083 1737 1119 vigore
1753 1084 1881 1120 concupi-

1029 1129 1165 1163 scentiae,
1187 1132 1218 1157 ut
1241 1129 1328 1165 magis
1350 1133 1424 1157 amet
1446 1137 1488 1163 se,
1510 1129 1554 1158 vel
1577 1130 1691 1167 aliquod
1714 1130 1816 1159 bonum
1835 1139 1881 1168 ap-

1030 1183 1131 1214 parens
1146 1176 1162 1203 ⁶¹.
1186 1176 1301 1204 Planum
1324 1179 1365 1205 est
1386 1176 1487 1213 igitur.
1510 1177 1583 1213 quod
1613 1177 1706 1205 anima
1728 1177 1880 1207 cuiuslibet

1031 1223 1151 1252 hominis
1173 1224 1199 1251 in
1222 1231 1273 1252 sua
1295 1223 1438 1252 nativitate
1468 1224 1608 1261 peccatrix
1639 1228 1694 1254 est.
1724 1232 1787 1253 cum
1817 1225 1880 1253 sub-

1031 1279 1112 1300 versa
1134 1274 1159 1300 et
1183 1271 1341 1299 inordinata
1363 1270 1412 1305 sit,
1436 1271 1507 1300 sicut
1528 1274 1671 1300 ostensum
1693 1275 1741 1300 est.
1767 1272 1796 1300 Et
1818 1272 1880 1301 ideo

1030 1318 1096 1347 dicit
1118 1317 1264 1355 Apostolus
1291 1318 1326 1346 ad
1358 1317 1493 1346 Romanos
1521 1317 1677 1355 septim0⁹,
1706 1319 1731 1346 in
1762 1326 1880 1355 persona

1031 1365 1151 1394 hominis
1174 1365 1242 1402 lapsi
1257 1376 1262 1392 z
1286 1364 1370 1393 Video
1385 1364 1479 1393 aliam
1495 1364 1583 1402 leqem
1599 1365 1629 1393 in
1644 1365 1782 1393 membris
1798 1366 1879 1399 meis,

1030 1416 1243 1449 repitqmtntem
1273 1412 1328 1449 legi
1348 1411 1452 1440 mentis
1473 1420 1553 1440 meae
1575 1416 1599 1440 et
1620 1413 1815 1449 captivantem
1836 1421 1880 1441 me

1031 1459 1059 1486 in
1085 1453 1142 1496 [cqc
1161 1459 1282 1496 peccati.
1300 1459 1329 1487 Et
1344 1458 1499 1487 exclamat:
1516 1457 1624 1494 Infelt‘oe
1639 1467 1689 1497 ⁶⁷90
1705 1459 1798 1493 leonto,
1814 1460 1880 1497 quis

1029 1514 1074 1534 mc
1096 1505 1229 1535 liberabit
1251 1506 1284 1533 (ic
1306 1513 1427 1542 corpore
1447 1505 1551 1534 mortis
1574 1505 1687 1534 liuius?
1718 1507 1747 1535 Et
1769 1514 1881 1544 respon-

1030 1553 1094 1582 det:
1121 1552 1229 1581 Gratia
1253 1553 1305 1580 Dci
1323 1561 1376 1589 pei·
1400 1552 1495 1581 Iesum
1519 1551 1677 1582 Cltristitm.
1702 1553 1772 1582 Hanc
1794 1554 1880 1591 igitur

1030 1600 1119 1637 legem
1148 1603 1175 1628 et
1197 1599 1428 1628 inordinationem
1452 1600 1468 1614 ¹⁰
1497 1599 1532 1628 ad
1555 1599 1644 1629 Deum
1674 1601 1694 1629 si
1725 1601 1788 1638 quis
1816 1601 1881 1630 velit

1030 1647 1190 1681 attendere,
1207 1646 1283 1675 nullo
1300 1646 1382 1675 modo
1405 1646 1560 1679 dubitabit,
1582 1647 1723 1676 hominem
1739 1655 1799 1676 esse
1821 1655 1882 1685 pec-

1031 1698 1152 1723 catorem
1173 1701 1188 1722 a
1211 1701 1261 1722 sua
1284 1694 1442 1725 nativitate,
1470 1694 1556 1722 immo
1578 1694 1614 1722 ita
1637 1698 1744 1722 certum
1768 1698 1828 1728 est,
1851 1698 1882 1723 ut

1030 1741 1152 1770 dubitari
1176 1748 1229 1769 1100
1252 1741 1338 1778 possit
1360 1741 1394 1769 (10
1416 1741 1559 1777 originali.
1583 1741 1654 1770 sicut
1676 1742 1758 1770 etiam
1782 1749 1831 1771 nec
1847 1741 1881 1770 de

1029 1788 1140 1817 actuali.
1170 1805 1209 1809 -—
1236 1788 1289 1817 l-loc
1321 1791 1412 1817 tamen
1435 1788 1635 1825 ignoraverunt
1667 1788 1824 1826 philosophi
1854 1792 1881 1818 et
1894 1800 2024 1820 Corollarium.

1029 1835 1112 1864 etiam
1135 1835 1221 1873 aliqui
1246 1835 1394 1867 haeretici,
1416 1835 1483 1872 quia
1504 1834 1664 1864 nescierunt
1686 1836 1838 1870 attendere,
1856 1836 1881 1864 in

1030 1891 1086 1920 quo
1107 1882 1423 1911 attenditur-,rectitudo
1445 1882 1554 1911 animae
1576 1886 1603 1911 et
1619 1882 1723 1911 iustitia
1736 1883 1762 1917 ¹¹.
1784 1886 1811 1912 et
1832 1890 1883 1920 pro

1030 1934 1134 1968 quanto
1155 1930 1247 1958 anima
1270 1930 1323 1959 dici
1347 1930 1427 1959 debet
1450 1930 1485 1959 ad
1508 1930 1596 1959 Deum
1620 1930 1754 1959 ordinata.
1771 1930 1883 1959 Constat

1031 1978 1124 2015 igitur,
1147 1977 1221 2014 quod
1245 1980 1301 2006 tota
1326 1977 1450 2006 humana
1472 1980 1574 2006 natura
1596 1981 1729 2014 corrupta
1750 1981 1804 2011 est..
1828 1986 1881 2006 non

1030 2025 1120 2053 solum
1141 2024 1314 2062 poenaliter,
1337 2024 1385 2053 sed
1408 2025 1490 2053 etiam
1514 2024 1708 2062 culpabiliter.

1109 2073 1127 2100 A
1144 2080 1199 2109 quo
1214 2075 1308 2101 autem
1324 2075 1457 2109 corrupta
1472 2071 1569 2105 fuerit,
1586 2073 1637 2101 hoc
1653 2072 1766 2110 planum
1789 2076 1831 2102 est
1845 2080 1881 2101 ex
1897 2083 2023 2102 conclusae.

1030 2119 1091 2156 ipsa
1112 2118 1257 2155 Scriptura
1272 2118 1302 2152 ¹²,
1324 2119 1390 2156 quia
1404 2119 1440 2147 ab
1456 2119 1551 2148 Adam.
1576 2119 1665 2148 Potuit
1686 2123 1780 2148 autem
1795 2119 1881 2148 Adam

1031 2169 1115 2194 totam
1139 2169 1268 2195 naturam
1292 2174 1476 2204 corrumpere
1491 2171 1518 2195 et
1533 2166 1701 2204 culpabilem
1724 2167 1815 2196 facere
1830 2174 1881 2195 suo
1894 2176 1970 2203 ‘suplex
1981 2181 2025 2195 con-

1032 2217 1160 2250 peccato,
1184 2213 1284 2251 triplici
1308 2214 1465 2243 conditione
1491 2218 1683 2243 concurrente.
1706 2213 1797 2242 Prima
1825 2216 1881 2246 est,
1895 2201 1942 2242 ἔξω
1959 2202 2023 2219 “ο“““

1031 2261 1097 2297 quia
1113 2268 1166 2289 non
1184 2264 1292 2289 tantum
1308 2265 1368 2290 erat
1383 2261 1524 2290 humanae
1546 2264 1662 2289 naturae
1678 2260 1880 2291 individuum,

1095 2428 1103 2443 ⁴
1121 2428 1165 2451 Csr.
1178 2430 1281 2456 August„
1295 2429 1308 2450 Ι.
1320 2428 1348 2450 de
1358 2429 1446 2455 Nuptiis
1456 2432 1477 2450 01
1489 2429 1619 2456 concupisc.
1633 2434 1652 2450 0.
1663 2428 1683 2449 6.
1698 2434 1717 2449 n.
1731 2427 1756 2455 Ἲς
1771 2428 1784 2449 l.
1798 2427 1880 2450 Contra

1033 2468 1090 2490 [luas
1107 2464 1336 2496 opist.³Pelagianor.
1361 2474 1379 2490 c.
1403 2467 1435 2489 15.
1464 2474 1483 2489 n.
1509 2468 1545 2489 31.
1563 2474 1622 2496 seq.;
1649 2467 1680 2489 111.
1698 2466 1780 2489 Contra
1804 2467 1879 2489 lulian.

1032 2507 1145 2535 Pelagian.
1170 2514 1188 2529 c.
1210 2508 1242 2529 10.
1270 2513 1290 2529 n.
1310 2507 1346 2529 20.
1359 2519 1390 2523 —
1403 2506 1467 2534 fida,
1486 2508 1577 2534 excepta
1601 2507 1618 2533 1,
1636 2507 1743 2529 omittunt
1764 2505 1879 2529 naturali.

1095 2545 1104 2559 ⁵
1121 2545 1165 2567 Cir.
1183 2551 1252 2573 supra
1271 2551 1323 2573 pag.
1343 2544 1395 2570 604,
1415 2548 1465 2567 nota
1485 2544 1511 2571 5,
1530 2544 1568 2566 ubi
1582 2545 1738 2567 auctoritatem
1757 2545 1881 2567 Aristotelis

1032 2584 1178 2607 adduximus.
1196 2583 1240 2606 Csr.
1258 2585 1327 2606 etiam
1341 2585 1444 2612 August.y
1463 2584 1563 2606 Enarrat.
1577 2585 1597 2605 in
1617 2584 1651 2606 ps.
1668 2583 1719 2606 1115.
1733 2590 1753 2606 n.
1772 2584 1797 2609 52
1816 2584 1838 2606 ll.
1852 2584 1881 2606 de

1032 2625 1092 2646 Actis
1109 2629 1161 2645 0010
1180 2623 1251 2645 Felice
1270 2623 1364 2645 Manich.
1383 2629 1402 2645 0.
1421 2623 1441 2645 t.
1459 2626 1482 2645 et
1501 2623 1535 2644 17.
1548 2635 1579 2639 -
1592 2623 1613 2644 10
1632 2629 1679 2651 seq.
1699 2629 1791 2651 propos.
1811 2625 1880 2651 respi-

1032 2662 1090 2684 citur
1108 2662 1172 2683 Rom.
1191 2661 1212 2689 7,
1232 2661 1267 2683 23.

1094 2700 1103 2715 ⁶
1121 2701 1169 2722 Vat.
1188 2706 1240 2723 cum
1259 2700 1310 2722 edd.
1331 2701 1351 2727 2,
1370 2701 1390 2727 3,
1411 2700 1422 2722 t
1440 2704 1462 2722 ct
1479 2700 1594 2729 aliquibus
1612 2701 1680 2724 codd.
1698 2703 1794 2725 namra.

1094 2740 1102 2754 ⁷
1121 2739 1191 2762 Codd.
1211 2746 1264 2762 cum
1282 2739 1446 2762 vetustioribus
1464 2739 1516 2762 edd.
1535 2739 1606 2763 debet.

1095 2779 1104 2793 Β
1121 2778 1165 2802 Csr.
1183 2785 1252 2807 supra
1272 2779 1293 2801 d.
1312 2780 1348 2807 ⁴28,
1372 2780 1507 2807 praesertim
1526 2786 1545 2801 a.
1565 2780 1585 2801 ι1.
1604 2786 1625 2808 q.
1650 2780 1671 2802 3.
1691 2783 1712 2802 et
1730 2780 1751 2802 d.
1771 2781 1791 2802 3.
1816 2787 1838 2808 p.
1858 2781 1880 2802 11.

1032 2825 1050 2841 a.
1071 2819 1090 2840 3.
1110 2825 1131 2847 q.
1154 2819 1170 2840 1.
1190 2819 1325 2846 pracsertim
1344 2818 1373 2840 ad
1391 2818 1411 2840 3.

1094 2858 1103 2871 9
1122 2857 1186 2879 Vers.
1205 2857 1240 2879 23.
1260 2864 1323 2886 seqq.

1096 2896 1113 2910 ¹⁰
1132 2898 1159 2919 lta
1179 2902 1222 2918 non
1241 2898 1307 2924 pauci
1326 2896 1401 2924 codd„
1420 2899 1443 2918 01
1460 2897 1476 2918 N
1490 2897 1509 2918 V
1522 2897 1542 2919 X
1555 2897 1571 2918 Z
1584 2897 1615 2919 bb
1628 2903 1652 2919 cc
1665 2904 1702 2925 00,
1721 2904 1773 2919 cum
1798 2898 1834 2920 ed.
1858 2900 1879 2925 1;

1033 2935 1081 2957 Vnt.
1101 2941 1153 2957 cum
1172 2935 1220 2956 aliis
1238 2934 1418 2957 ordinationem.

1096 2974 1111 2988 ¹¹
1133 2974 1181 2995 Vnt.
1200 2980 1252 2995 cuin
1271 2974 1323 2996 edd.
1343 2974 1363 3001 3,
1382 2974 1394 2996 4
1413 2974 1522 2997 iustitiae.

1095 3014 1112 3027 12
1131 3013 1195 3035 Rom,
1216 3014 1239 3040 5,
1262 3014 1294 3035 12.
1307 3025 1338 3029 —
1351 3013 1399 3035 Mox
1417 3020 1459 3041 pro
1478 3014 1608 3037 conditione
1626 3015 1676 3037 cod.
1695 3021 1719 3037 aa
1738 3015 1837 3038 ratione.
