2243 3425
34 849 69 868 Pro
84 850 136 872 parte

23 875 112 896 negativa.

143 515 340 542 mensuretur.

781 198 864 227 DlST.
887 198 938 226 XL.
959 198 1032 226 ΛΒΤ.
1055 198 1072 226 l.
1095 197 1231 234 QUAEST.
1253 198 1282 226 ΙΙ.

150 277 324 315 gnitudinem
347 277 478 306 libidinis
496 276 651 306 attenditur
666 276 830 314 magnitudo
851 276 1001 305 exterioris

150 324 264 363 peccati.
286 324 313 353 Si
328 332 395 361 ergo
416 324 545 358 caritas,
567 327 599 353 ut
613 323 680 353 dicit
702 323 894 358 Bernardus¹‚
916 323 1002 360 respi-

150 372 187 401 cit
209 371 406 406 intentionem,
427 375 455 400 et
475 370 602 400 similiter
624 370 722 405 libido,
744 378 817 408 quae
838 370 906 399 dicit
927 370 1001 408 quie-

150 419 282 448 tationem
305 418 331 447 in
358 418 431 447 bono
452 421 561 452 creato;
584 426 650 455 ergo
676 418 797 452 videtur,
819 418 895 454 quod
915 425 1002 455 quan-

150 466 214 495 titas
242 465 333 495 omnis
364 466 457 503 operis
489 464 604 494 moralis
633 465 789 494 secundum
819 464 999 493 intentionem

229 559 256 587 [ι.
278 559 361 593 Item,
384 559 406 587 si
435 558 549 595 aliquod
571 566 642 596 opus
670 558 705 587 de
726 562 829 587 natura
857 559 899 587 sui
923 566 1002 595 gene-

150 606 189 635 ris
210 609 252 635 est
279 605 388 634 veniale
415 609 575 642 peccatum,
603 604 787 633 nibilominus
815 605 862 634 ille
889 605 938 642 qui
965 604 1002 633 sa-

149 653 187 682 cit
207 652 291 687 illud,
313 651 469 680 mortaliter
484 655 593 688 peccat,
608 652 630 681 si
652 651 771 680 intendit
793 658 909 688 peccare
931 659 1002 679 mor-

150 700 256 734 taliter;
281 699 335 728 hoc
359 702 454 727 autem
483 707 539 727 non
567 702 654 733 esset,
682 699 734 728 nisi
763 706 835 736 opus
863 698 1002 736 reciperet

149 747 333 785 quantitatem
357 746 384 774 in
399 753 501 783 genere
523 746 610 775 moris
624 746 659 774 ab
681 746 845 775 intentione:
868 754 934 782 ergo
949 749 1001 774 etc.

228 794 281 822 SED
302 801 424 822 CONTRA:
444 794 467 821 l.
482 793 509 821 Si
529 796 692 830 «quantum
714 793 777 830 quis
793 793 923 827 intendit,
945 796 1002 821 tau-

150 844 210 869 tum
232 840 296 869 facit
310 852 323 866 »
337 850 343 868 ;
359 847 426 877 ergo
448 839 470 869 si
486 840 571 869 Linus
596 840 655 869 sive
675 840 778 878 aliquis
802 840 875 869 alius
896 848 1002 877 parvus

151 887 270 916 Sanctus
285 887 443 915 intenderet
465 887 568 915 mereri
592 887 708 924 gloriam
736 887 820 921 Petri,
844 890 1002 916 mereretur

150 934 268 971 gloriam
291 934 378 967 Petri,
393 937 421 962 et
435 933 458 962 si
474 933 597 970 amplius
612 934 782 969 intenderet,
804 934 926 971 amplius
948 942 1002 963 me-

150 984 273 1011 reretur:
296 989 362 1018 ergo
384 981 497 1010 habenti
513 981 650 1009 minorem
667 981 811 1010 caritatem
834 981 1002 1010 redderetur

149 1029 243 1057 maius
262 1027 436 1065 praemium,
457 1027 537 1065 quod
555 1031 597 1057 est
616 1027 699 1065 plane
721 1028 833 1057 falsum.

230 1076 256 1104 9.
279 1075 358 1109 item,
375 1075 397 1103 si
417 1086 431 1100 «
445 1078 582 1112 quantuni
605 1075 669 1112 quis
683 1075 814 1109 intendit,
838 1078 944 1104 tantum
967 1076 1004 1104 fa-

150 1122 186 1152 cit
201 1132 227 1150 »z
250 1129 317 1159 ergo
339 1122 360 1151 si
382 1121 485 1159 aliquis
506 1122 670 1151 adulterans
686 1122 804 1151 intendit
825 1130 941 1159 peccare
961 1130 1003 1151 ve-

151 1169 278 1204 nialiter,
300 1173 396 1206 peccat
424 1169 585 1197 venialiter:
608 1169 631 1198 si
656 1169 742 1206 igitur
770 1169 823 1198 hoc
851 1173 893 1198 est
920 1169 1003 1206 plane

150 1216 266 1250 falsum,
288 1216 468 1245 manifestum
494 1219 548 1250 est,
570 1216 645 1253 quod
667 1216 809 1253 quantitas
830 1217 923 1254 operis
947 1225 1001 1246 non

151 1267 284 1293 causatur
305 1271 342 1292 ex
363 1263 518 1300 quantitate
540 1263 708 1292 intentionis.

231 1310 257 1339 3.
279 1310 359 1345 item⁷
382 1313 486 1347 quanto
507 1309 610 1347 aliquis
631 1313 674 1338 est
695 1310 842 1344 humilior⁷
859 1314 934 1339 tanto
954 1311 1005 1339 mi-

150 1366 205 1387 nus
226 1357 290 1386 boni
312 1357 402 1386 credit
422 1365 452 1386 se
472 1357 580 1391 facere;
601 1357 650 1386 sed
666 1357 782 1386 intentio
797 1358 926 1394 sequitur
947 1366 1004 1387 cre-

151 1404 313 1439 dulitatem,
335 1404 402 1441 quia
428 1404 524 1433 «fides
552 1404 647 1441 dirigit
670 1404 850 1433 intentionem
865 1404 913 1432 2»ς
936 1413 1003 1442 ergo

150 1455 254 1489 quanto
276 1451 340 1488 quis
361 1451 496 1480 humilior
517 1454 567 1484 est,
590 1454 666 1479 tanto
681 1450 775 1479 minus
791 1451 895 1479 bonum
917 1451 1004 1481 inten-

150 1499 191 1528 dit
211 1498 310 1527 facere.
333 1498 360 1526 Si
381 1505 449 1535 ergo
470 1497 580 1526 bonitas
606 1498 700 1534 operis
721 1502 937 1527 mensuraretur
958 1507 1004 1536 pe-

148 1554 199 1575 nes
220 1545 405 1583 quantitatem
427 1545 601 1579 intentionis,
625 1545 738 1574 videtur
752 1568 759 1579 ,
788 1545 864 1582 quod
896 1550 1003 1582 quanto

149 1593 214 1631 quis
234 1595 308 1622 esset
328 1591 478 1626 humilior,
501 1595 577 1620 tanto
608 1600 679 1629 opus
711 1592 772 1621 eius
803 1595 877 1621 esset
909 1593 1003 1623 minus

151 1640 269 1674 bonum:
291 1639 340 1669 sed
362 1639 415 1668 hoc
436 1642 479 1668 est
499 1639 583 1676 plane
604 1639 718 1668 falsum:
742 1647 809 1676 ergo
831 1643 882 1668 etc.

228 1687 254 1715 [ι.
277 1687 354 1720 ltem‚
376 1694 451 1715 unus
472 1686 610 1723 simplex,
632 1694 697 1715 cum
718 1686 784 1715 facit
799 1694 918 1723 parvum
942 1694 1002 1723 pec-

150 1737 253 1768 catum,
270 1733 368 1767 credit,
390 1741 451 1762 esse
466 1733 665 1770 gravissimum
682 1736 845 1770 peccatum3
866 1733 939 1762 alius
955 1733 1003 1762 im-

149 1781 214 1818 pius
243 1784 271 1809 et
300 1780 429 1817 iniquus,
459 1788 523 1809 cum
555 1780 621 1809 lacit
648 1780 805 1809 maximum
838 1784 1002 1817 peccatum⁷

150 1827 271 1861 credit³‚
283 1827 364 1855 valde
386 1835 488 1864 parum
509 1835 642 1864 peccare:
666 1827 687 1856 si
710 1835 777 1864 ergo
798 1835 871 1864 opus
893 1835 1004 1856 mensu-

151 1878 232 1904 ratur
253 1882 339 1912 penes
360 1874 556 1908 intentionem,
580 1874 702 1908 videtur,
735 1874 811 1911 quod
840 1874 955 1912 iniquus
975 1878 1003 1903 et

151 1922 309 1951 malitiosus
332 1921 425 1950 minus
446 1925 542 1958 peccet
569 1921 596 1950 in
624 1921 732 1950 enormi
755 1915 858 1958 genere
880 1921 1002 1958 peccati,

150 1977 235 2006 quam
257 1976 332 1997 unus
353 1968 475 2005 simplex
497 1968 523 1996 in
542 1976 644 2005 genere
659 1968 764 2005 peccati
785 1971 1003 2005 quantumcum-

150 2024 206 2054 que
221 2016 284 2044 leri.
300 2015 326 2044 Si
343 2016 428 2052 igitur
443 2015 495 2044 hoc
510 2019 553 2044 est
566 2015 649 2052 plane
664 2015 780 2050 falsum,
795 2023 863 2052 ergo
877 2019 904 2044 et
919 2016 1003 2050 illud,

150 2071 187 2093 ex
209 2071 265 2101 quo
286 2063 430 2100 sequitur,
446 2063 576 2092 videlicet
590 2063 664 2100 quod
681 2063 822 2100 quantitas
837 2063 930 2100 operis
945 2071 1004 2092 cor-

151 2110 319 2148 respondeat
339 2110 488 2148 quantitati
510 2110 678 2139 intentionis.

217 2477 224 2492 ²
242 2473 420 2506 lpsa'ssernardi
437 2477 509 2500 verba
536 2477 591 2500 vide
616 2484 685 2506 supra
713 2484 766 2506 pag.
785 2478 844 2505 891,
863 2482 915 2500 nota
934 2477 955 2500 t.
973 2477 1005 2499 De

154 2517 287 2539 definitione
304 2516 406 2539 libidinis
424 2517 465 2539 cfr.
483 2523 553 2545 supra
571 2523 625 2545 pag.
643 2517 703 2545 754,
722 2521 773 2539 nota
792 2518 813 2539 9.
825 2529 857 2533 —-
868 2517 900 2539 De
916 2517 1007 2540 maiori

152 2557 207 2579 vide
225 2563 295 2585 supra
314 2557 336 2578 d.
356 2557 392 2578 29.
411 2563 431 2578 a.
450 2557 471 2578 3.
490 2563 512 2585 q.
531 2557 552 2578 2.
570 2557 591 2579 in
610 2562 674 2584 corp.
696 2560 718 2578 et
734 2556 807 2578 verba
826 2556 916 2584 Bedae,
934 2563 1005 2585 supra

153 2602 207 2624 pag.
225 2596 286 2623 906,
304 2599 357 2618 nota
375 2596 396 2617 6.
413 2596 488 2618 allata.

215 2634 225 2649 ‘2
243 2635 271 2657 L't
295 2634 350 2657 dicit
375 2635 481 2662 Magister
507 2635 563 2657 infra
589 2635 612 2656 in
638 2635 668 2657 lit.
689 2634 711 2656 d.
730 2634 786 2656 XLl.
805 2640 823 2656 c.
847 2635 863 2656 1.
882 2634 926 2657 Csr.
949 2634 1004 2656 ibid.

154 2673 210 2696 dub.
232 2674 249 2695 1.
266 2686 297 2689 -
315 2674 367 2696 Post
384 2680 457 2701 pauca
475 2679 518 2701 pro
536 2674 722 2696 memoraretur
738 2674 760 2695 in
779 2673 829 2695 Vat.
847 2678 869 2695 et
886 2673 939 2695 vdd.
953 2673 978 2700 3,
991 2672 1004 2694 -i

153 2704 274 2735 exhibetur
290 2714 461 2740 mensuratur,
482 2713 504 2734 in
523 2713 591 2735 codd.
610 2713 629 2734 Y
646 2712 678 2735 bb
696 2714 856 2735 mensuretur.
1032 2697 1035 2767 Ι

216 2751 227 2765 3
244 2751 295 2774 Vat.
313 2755 333 2773 et
351 2751 405 2773 edd.
424 2751 453 2779 3,
473 2750 486 2772 4
502 2751 647 2779 subiungunt
663 2757 695 2774 se.

215 2790 225 2805 ⁴
243 2791 376 2813 Secundum
394 2790 418 2812 B.
436 2790 536 2818 Albem.7
555 2790 578 2812 ll.
596 2791 658 2812 Sent.
676 2790 698 2812 d.
717 2790 754 2812 41.
771 2796 791 2812 a.
806 2790 822 2818 ‚3
834 2808 839 2812 .
852 2790 921 2812 etiam
933 2790 1004 2812 Antis-

154 2830 295 2853 siodorensis
308 2830 350 2851 bac
367 2829 511 2851 distinctione
529 2835 586 2851 usus
597 2833 632 2851 est
642 2829 672 2851 ad
684 2829 820 2851 solvendam
837 2829 1004 2858 quaestionem,

154 2869 182 2892 de
200 2875 244 2898 qun
263 2869 300 2891 bic
316 2869 399 2897 agitur.
411 2869 447 2890 Ait
463 2869 524 2890 enirn
542 2868 649 2890 Albertus
666 2869 708 2891 loc.
727 2869 779 2891 cic:
796 2867 1003 2891 ,antissiodorensis

154 2908 274 2936 distinguit
291 2909 327 2930 bic
344 2907 467 2930 dicendo...
485 2912 582 2936 possunt
599 2908 659 2930 sumi
677 2907 832 2930 nominaliter
848 2910 870 2930 et
881 2907 1005 2930 adverbia-

155 2947 215 2970 liter.
233 2948 255 2969 Si
274 2946 442 2974 nominaliter,
462 2950 516 2969 tunc
532 2949 586 2969 sunt
603 2947 625 2968 in
642 2948 718 2969 acti-ro
735 2953 799 2974 casu,
817 2950 838 2969 et
856 2950 892 2969 cst
908 2953 1004 2969 sensus:

155 2990 265 3015 quantam
284 2992 331 3008 xum
350 2985 460 3013 intendis,
474 2989 558 3008 tantam
572 2986 637 3013 sacis3
649 2989 671 3007 et
683 2989 737 3007 tunc
748 2984 772 3007 in
785 2984 851 3008 bonit*
863 2991 907 3007 non
921 2988 1004 3008 tenet...

1852 198 1908 227 9⁶23

1361 283 1602 305 CONCLUSIO.
1764 295 1777 302 x

1060 370 1219 406 Quantitas
1241 370 1380 399 bonitatis
1394 375 1420 399 et
1438 370 1571 399 malitiae
1586 370 1615 398 in
1637 379 1721 408 opere
1742 379 1911 408 correspon-

1137 417 1182 446 det
1203 418 1365 456 quantitati
1390 417 1527 446 bonitatis
1549 421 1580 446 αι’
1597 417 1728 447 malitiae
1760 418 1792 446 in
1817 418 1910 446 inten—

1138 465 1223 498 tione,
1238 465 1289 493 secl
1299 465 1330 493 in
1343 464 1424 493 bonis
1440 468 1509 493 tane
1523 465 1716 499 solummodo,
1727 465 1756 494 sz‘
1769 466 1910 503 quantitas

1138 511 1298 541 intentionis
1313 512 1475 540 attenditur
1490 515 1622 549 respectu
1636 516 1716 541 actus
1738 512 1909 541 intendendi.

1138 606 1316 635 Resmmmo:
1338 605 1510 639 Dicendum,
1538 606 1612 643 quod
1645 606 1717 635 sicut
1743 607 1770 635 in
1799 615 1910 644 praece-

1058 652 1134 681 denti
1157 652 1330 689 problemate
1351 652 1459 689 duplex
1481 653 1664 690 distinguitur
1677 653 1808 691 qualitas
1824 654 2054 693 inten-nq111v5x31uan-

1060 699 1157 733 tionis,
1179 700 1219 728 sic
1239 703 1267 728 et
1287 700 1315 727 in
1336 699 1389 728 hoc
1411 699 1624 737 intelligendum
1645 703 1700 735 est,
1721 701 1796 737 quod
1818 709 1910 739 quan-
1934 686 2054 726 iffisffnoeu'

1060 746 1129 774 titas
1149 746 1310 775 intentionis
1331 746 1482 786 dupliciter
1515 751 1604 783 potest
1626 747 1758 784 intelligi,
1779 748 1910 778 videlicet

1059 797 1108 822 aut
1129 793 1237 822 ratione
1251 797 1336 822 aetas
1357 794 1541 827 intendendi,
1562 799 1612 822 aut
1627 794 1734 823 ratione
1755 795 1850 832 ipsius
1870 796 1911 824 in-

1060 840 1137 868 tenti.
1161 840 1191 868 Et
1211 840 1367 869 secundum
1391 841 1442 869 boc
1464 841 1647 878 distinguitur
1664 841 1715 869 ista
1737 841 1840 871 locutio
1861 843 1911 871 du·
1924 849 2053 882 Duvtexf‘zn-

1059 886 1183 924 pliciter:
1218 890 1379 924 «quantum
1410 887 1546 922 intendis,
1575 890 1684 916 tantum
1716 888 1822 923 sacis»,
1844 889 1910 926 quia
1923 873 2054 913 {ffvmmm'

1061 937 1175 962 tantam
1197 937 1224 962 et
1245 937 1391 972 quantam
1411 937 1530 971 possunt
1551 942 1611 963 esse
1633 935 1772 969 nomina,
1797 935 1838 964 vel
1861 936 1911 964 ad-

1060 980 1192 1009 ve7·bia⁴.
1215 981 1242 1009 Si
1264 984 1379 1009 tantam
1394 985 1580 1022 et'qaamum
1595 981 1650 1010 sint
1664 982 1821 1016 adverbia,
1845 986 1911 1012 tunc

1061 1027 1159 1056 dicunt
1185 1027 1369 1064 quantitatem
1402 1031 1488 1056 aetus
1516 1028 1701 1062 iotemlencti;
1731 1032 1759 1057 et
1780 1033 1847 1058 tunc
1868 1033 1910 1058 est
1924 1035 2052 1054 eonc1us101.

1060 1073 1164 1102 locutio
1194 1081 1262 1102 vera
1293 1074 1475 1111 generaliter,
1508 1075 1567 1104 sive
1600 1079 1729 1112 respectu
1753 1075 1911 1112 bonorum,

1060 1121 1118 1150 sive
1141 1124 1271 1158 respectu
1291 1121 1449 1156 malorum
1470 1122 1537 1158 quia
1558 1125 1694 1158 quantum
1717 1127 1803 1151 aetus
1824 1123 1912 1152 inten—

1061 1168 1149 1196 dendi
1175 1172 1217 1197 est
1246 1169 1373 1197 intensus
1401 1168 1428 1196 in
1459 1169 1581 1197 bonitate
1602 1172 1630 1197 et
1658 1169 1779 1203 malitia,
1801 1173 1909 1199 tantum

1060 1215 1185 1252 operatio
1206 1215 1330 1244 exterior
1351 1219 1394 1244 est
1416 1215 1487 1244 bona
1502 1216 1546 1244 vel
1567 1216 1648 1244 mala.
1663 1216 1752 1245 Omne
1767 1217 1841 1246 enim
1858 1226 1912 1247 me-

1060 1263 1146 1291 ritum
1169 1266 1196 1291 et
1218 1263 1387 1291 demeritum
1409 1263 1444 1292 ad
1466 1266 1560 1292 actum
1582 1263 1734 1293 voluntatis
1756 1265 1910 1299 reducitur.

1061 1310 1125 1339 licet
1140 1310 1366 1339 circumstantiae
1381 1310 1537 1339 exteriores
1552 1311 1646 1348 aliquo
1661 1312 1744 1340 modo
1759 1311 1861 1341 faciant
1875 1313 1910 1341 ad

1060 1357 1197 1385 maiorem
1217 1357 1370 1385 voluntatis
1392 1357 1630 1394 depravationem.
1645 1375 1685 1378 —
1699 1358 1725 1386 Si
1740 1362 1835 1387 autem
1851 1363 1912 1388 tan-

1061 1408 1124 1432 tam
1145 1407 1172 1432 et
1193 1407 1339 1442 quantam
1360 1404 1414 1433 sint
1435 1405 1574 1439 nomina,
1598 1409 1664 1434 tunc
1686 1405 1783 1434 dicunt
1805 1406 1912 1443 quanti-

1061 1454 1146 1480 tatem
1174 1459 1211 1480 ex
1241 1455 1321 1488 parte
1342 1451 1461 1485 intenti;
1489 1455 1516 1480 et
1538 1452 1576 1480 sic
1603 1460 1657 1480 non
1679 1455 1722 1481 est
1743 1453 1911 1489 generaliter
1924 1462 2053 1481 concinam.

1061 1506 1146 1527 verus
1169 1498 1214 1527 ille
1236 1506 1344 1533 sermo,
1370 1499 1437 1535 quia
1458 1506 1530 1536 opus
1561 1499 1689 1528 exterius
1720 1499 1823 1528 iactum
1856 1508 1910 1528 non

1060 1553 1172 1582 semper
1204 1549 1450 1574 commensuratur
1478 1545 1501 1574 ei
1535 1546 1610 1583 quod
1643 1547 1759 1575 intentio
1785 1547 1910 1576 intendit.

1061 1592 1232 1629 Frequenter
1252 1592 1326 1620 enim
1350 1592 1467 1621 intendit
1490 1593 1573 1621 homo
1594 1593 1686 1622 facere
1712 1601 1843 1630 magnum
1867 1594 1912 1623 bo—

1060 1647 1138 1673 num,
1159 1642 1187 1667 et
1207 1639 1272 1667 facit
1293 1647 1428 1676 parvum,
1460 1639 1527 1676 quia
1548 1640 1686 1668 modicam
1710 1640 1794 1669 babet
1815 1641 1913 1669 carita—

1060 1690 1125 1715 tem.
1148 1686 1234 1714 Habet
1263 1689 1353 1714 tamen
1379 1686 1474 1723 aliquo
1495 1687 1579 1715 modo
1602 1687 1748 1716 veritatem
1772 1688 1797 1716 in
1822 1689 2024 1723 malis‚c0„01us÷0
2039 1697 2056 1715 a

1061 1732 1190 1762 videlicet
1211 1732 1398 1766 intendendo,
1422 1733 1485 1762 licet
1500 1742 1554 1761 non
1569 1733 1770 1768 diminuendo,
1786 1738 1812 1763 et
1828 1738 1912 1772 prout

1061 1784 1177 1809 tantam
1198 1783 1226 1809 et
1246 1784 1390 1818 quantam
1413 1780 1511 1809 dicunt
1541 1781 1682 1818 quandam
1717 1782 1913 1818 comparatio-

1060 1835 1124 1856 nem
1153 1827 1444 1864 proportionalitatis
1457 1827 1477 1861 ὅ,
1509 1836 1565 1856 non
1597 1829 1912 1857 commen-§arationem

1060 1873 1258 1912 aequalitatis.
1275 1874 1352 1903 Unde
1367 1874 1414 1911 qui
1431 1874 1549 1903 intendit
1563 1875 1690 1903 maltam
1702 1883 1828 1912 peccare,
1844 1875 1914 1904 mul-

1060 1925 1121 1950 tum
1143 1925 1252 1958 peccat=
1281 1921 1490 1959 qualecumque
1521 1930 1593 1959 opus
1614 1922 1712 1957 faciat3
1743 1931 1796 1951 non
1818 1926 1911 1951 tamen

1060 1969 1107 2006 qui
1130 1969 1249 1997 intendit
1265 1977 1381 2006 parum
1400 1977 1516 2006 peccare
1538 1977 1639 2006 parum
1662 1974 1766 2006 peccat2
1789 1969 1912 1998 maxime

1061 2016 1083 2045 si
1099 2024 1171 2053 opus
1192 2016 1265 2050 facit,
1287 2016 1362 2053 quod
1378 2016 1500 2044 multum
1525 2016 1609 2045 habet
1631 2017 1666 2045 de
1687 2017 1872 2045 deformitate.

1141 2063 1181 2092 Ex
1203 2063 1247 2092 his
1268 2067 1345 2100 patet
1372 2064 1516 2100 responsio
1542 2064 1577 2092 arl
1600 2064 1791 2101 quaestionem
1815 2072 1911 2101 propo-

1062 2110 1152 2139 sitam.
1185 2109 1311 2139 Concedo
1343 2110 1433 2145 enim,
1466 2110 1540 2147 quod
1570 2111 1711 2148 qli-‘aititas
1735 2110 1864 2139 bonitatis
1885 2114 1911 2139 et

1063 2479 1116 2507 quia
1134 2478 1222 2500 bonurn
1239 2482 1348 2501 causatur
1364 2485 1391 2501 ex
1409 2485 1453 2501 una
1472 2483 1516 2502 tota
1535 2483 1557 2502 et
1574 2480 1620 2501 solu
1639 2486 1707 2502 eausa
1734 2484 1756 2502 et
1773 2486 1818 2502 non
1839 2487 1850 2502 a
1863 2481 1909 2503 sola

1062 2518 1200 2545 intentione;
1218 2516 1243 2539 in
1260 2516 1332 2540 molis
1348 2520 1426 2539 autem
1443 2518 1616 2546 comparatione
1634 2518 1709 2541 habita
1722 2518 1752 2541 ad
1765 2519 1838 2547 peius,
1852 2523 1912 2542 tonet

1062 2561 1089 2578 ex
1107 2559 1171 2583 parte
1188 2558 1279 2583 reatus,
1299 2556 1350 2578 licet
1367 2562 1411 2578 non
1431 2559 1505 2578 teneat
1522 2562 1549 2578 ex
1566 2561 1631 2584 parte
1648 2558 1806 2579 conversionis
1825 2558 1854 2580 ad
1873 2557 1911 2580 bo-

1062 2600 1117 2616 num
1135 2593 1322 2616 commutabile...
1334 2601 1339 2622 ;
1356 2594 1398 2616 sed
1415 2594 1579 2617 descendendo
1592 2598 1697 2623 respectu
1711 2596 1788 2618 minus
1799 2597 1852 2618 mali
1865 2603 1909 2619 non

1062 2636 1136 2660 tenet,
1155 2633 1207 2661 quia
1225 2638 1270 2654 non
1288 2633 1407 2661 sequitur,
1425 2634 1444 2655 si
1462 2633 1561 2655 intendis
1578 2634 1713 2656 fornicando
1727 2641 1823 2662 peccare
1834 2636 1910 2657 venia-

1061 2672 1126 2699 liter,
1145 2671 1208 2700 quod
1225 2677 1308 2699 pecces
1325 2672 1451 2694 venialiter,
1469 2672 1492 2694 Si
1510 2677 1586 2695 autem
1605 2673 1704 2695 surriitur
1726 2673 1908 2703 mlrerbfflliler,

1062 2716 1115 2734 tunc
1132 2714 1229 2739 possunt
1241 2714 1318 2733 notare
1330 2711 1478 2734 intentionem
1495 2712 1517 2733 in
1536 2718 1620 2740 genere
1638 2716 1660 2735 ct
1675 2713 1860 2740 sirnilitudinem„
1874 2714 1909 2736 vel

1062 2751 1083 2772 in
1101 2751 1177 2778 specie
1195 2751 1216 2772 in
1235 2750 1378 2778 aequalitate.
1397 2750 1472 2772 Primo
1490 2750 1561 2773 niodo
1578 2757 1632 2773 vero
1651 2754 1700 2773 est:
1713 2755 1824 2780 quantum
1838 2753 1911 2775 inten-

1062 2788 1109 2816 dis⁷
1128 2792 1214 2811 tantum
1232 2789 1302 2815 sacis,
1319 2789 1334 2810 i.
1352 2795 1371 2810 e.
1389 2789 1408 2811 si
1426 2789 1539 2816 multum,
1558 2789 1672 2817 multum;
1685 2790 1702 2812 si
1715 2790 1818 2813 s‹·cun‹.lo
1831 2791 1909 2819 modo,

1061 2828 1116 2850 salsa
1134 2831 1181 2856 est,
1200 2829 1253 2856 quia
1279 2834 1324 2849 non
1350 2828 1380 2849 ad
1405 2829 1566 2857 aequalitatem
1592 2829 1722 2851 intentionis
1739 2836 1832 2858 semper
1849 2836 1910 2852 com-

1061 2870 1208 2890 mensuratur
1225 2873 1292 2894 opus.
1303 2879 1336 2883 -
1348 2867 1417 2889 Paulo
1434 2868 1542 2895 superius
1554 2874 1596 2896 pro
1609 2867 1696 2891 locutio
1707 2867 1833 2897 dupliciter
1845 2869 1908 2892 multi
1935 2869 1943 2876 ”

1062 2906 1130 2928 codd.
1148 2910 1170 2928 et
1186 2905 1224 2928 ed.
1246 2906 1251 2927 l
1274 2905 1360 2929 locatio
1377 2905 1474 2935 duplex.

1124 2945 1134 2960 ⁵
1151 2945 1221 2973 Edd.‚
1239 2948 1332 2973 excepta
1355 2946 1375 2973 1,
1398 2945 1567 2975 proportionis.
1585 2946 1689 2969 Subinde
1715 2950 1767 2975 post
1792 2953 1840 2970 iton
1859 2947 1908 2969 Vnt.

1061 2985 1139 3007 inserit
1157 2985 1243 3007 lamen.
