2243 3425
0 2311 24 2330 &d
37 2312 110 2335 opposi-

31 2337 74 2353 tum.

758 204 840 233 DIST.
864 204 929 232 XlX.
952 205 1023 233 ΛΒΤ.
1045 205 1062 233 l.
1086 205 1222 241 QUAEST.
1245 206 1261 233 l.

1836 210 1896 238 457

434 334 873 383 COMMENTARIUS
912 337 973 384 IN
1007 336 1446 386 DIsTINCTIONEM
1481 338 1599 386 XIX.

778 450 823 483 De
849 451 981 484 hominis
1007 451 1242 485 immortalitate.

597 555 694 583 Solent
713 555 820 593 qztcterz'
836 555 929 592 plura
951 556 984 584 de
1001 557 1101 592 primo
1123 556 1250 585 hominis
1271 560 1352 585 Μαίη
1374 561 1426 587 etc.

870 653 995 682 DIVISIO
1017 654 1156 683 TEXTUS.

213 752 304 788 Supra
326 751 381 788 egit
396 751 525 787 Magister
546 751 580 779 de
596 751 717 780 hominis
738 751 935 788 productione3
957 751 984 779 in

132 800 279 836 haoparte
301 798 357 835 agit
372 798 406 826 de
422 798 542 826 hominis
561 798 709 827 duratione
723 802 750 827 et
765 799 984 827 conservatione.

135 846 164 874 Et
192 845 323 882 qnoniam
350 845 434 873 homo
456 844 606 881 dupliciter
634 844 718 873 hahet
740 845 766 873 in
796 853 855 873 esse
876 853 985 873 conser-

132 894 205 927 vari,
227 893 332 921 scilicet
353 893 379 920 in
394 901 424 920 se
445 895 472 920 et
492 892 519 919 in
536 900 587 920 suo
607 891 715 925 sanati,
739 892 765 920 in
780 901 810 920 se
831 900 881 929 per
897 893 982 921 vitam

132 943 158 969 et
173 939 397 973 diuturnitatem,
412 939 439 967 in
458 938 551 967 simili
565 946 631 967 vero
646 947 696 975 per
712 938 835 967 filiorum
857 947 984 976 procrea-

133 988 235 1016 tionem
249 986 274 1017 ¹;
296 986 358 1015 ideo
374 994 439 1023 pars
460 986 513 1014 ista
534 985 618 1014 habet
636 985 715 1014 duas.
738 986 766 1014 In
782 986 873 1022 prima
895 986 984 1015 deter-

130 1033 218 1062 minat
239 1033 274 1061 de
295 1033 416 1061 hominis
444 1032 662 1060 immortalitate.
685 1032 714 1060 In
743 1032 866 1061 secunda
895 1033 984 1061 (leter-

130 1081 219 1109 minat
244 1080 278 1109 de
311 1080 433 1108 filiorum
462 1079 671 1116 procreatione,
702 1079 775 1107 insra
806 1079 983 1108 distinetione

130 1127 279 1164 vigesima:
302 1127 375 1155 Post
394 1126 463 1155 staec
487 1126 642 1154 oiclemlitm
664 1129 720 1160 est,
743 1126 869 1164 qualiter
891 1130 942 1155 ete.

208 1174 300 1202 Prima
328 1181 393 1210 pars
422 1173 506 1201 hahet
537 1173 616 1201 duas.
639 1172 667 1201 In
699 1173 790 1210 prima
815 1173 983 1202 determinat

128 1221 286 1250 veritatem.
308 1220 337 1248 In
359 1220 483 1248 secunda
497 1219 625 1248 dissolvit
646 1220 848 1255 dubitationes,
871 1221 919 1248 ihi:
936 1220 982 1249 So-

1042 751 1078 779 let
1099 750 1145 780 lzz'e
1167 752 1289 789 (luctari,
1311 761 1378 780 cum
1396 753 1517 789 primus
1539 752 1621 782 homo
1643 758 1693 783 etc.
1716 755 1809 784 Prima
1830 764 1896 793 pars

1042 798 1126 827 hahet
1148 799 1227 827 duas.
1250 799 1279 827 [n
1302 800 1394 836 prima
1411 803 1491 837 parte
1517 801 1662 829 veritatem
1686 806 1790 830 narrat.
1806 803 1834 830 In
1856 810 1896 831 se-

1041 846 1133 873 cunda
1156 846 1300 874 veritatem
1324 846 1472 882 explanat,
1494 846 1549 874 ihi:
1573 847 1608 875 In
1620 848 1720 884 primo
1740 852 1821 877 statu
1835 848 1897 886 fuit

1041 900 1149 928 corpus
1171 891 1298 920 hominis
1319 892 1449 921 ctm'mctle
1470 896 1521 922 etc.
1537 894 1670 922 Similiter
1689 895 1813 924 secunda
1827 904 1894 932 pars

1040 939 1124 967 hahet
1139 939 1218 967 duas.
1242 939 1269 967 ln
1285 939 1376 976 prima
1392 944 1485 969 movet
1499 940 1741 970 determinandam
1758 943 1895 979 quaestio-

1040 993 1102 1014 nem
1125 985 1199 1014 eirca
1220 985 1341 1015 hominis
1363 987 1610 1016 immortalitatem.
1633 988 1661 1016 ln
1681 989 1804 1017 secunda
1825 997 1894 1018 vero

1040 1036 1133 1061 movet
1154 1033 1237 1061 aliam
1270 1033 1491 1068 dubitationem,
1523 1042 1594 1071 quae
1625 1035 1710 1064 habet
1731 1039 1825 1064 ortum
1857 1044 1894 1065 ex

1040 1079 1102 1113 illa,
1124 1083 1151 1108 et
1171 1079 1246 1108 illam
1270 1080 1439 1108 determinat
1460 1081 1617 1110 sec-undum
1639 1082 1783 1119 opiniones
1803 1083 1895 1111 diver-

1040 1134 1098 1160 sas,
1119 1126 1171 1154 ihi:
1195 1126 1251 1155 Sed
1271 1126 1370 1155 adhuc
1392 1128 1565 1165 quaeritur,
1587 1129 1615 1156 sz'
1633 1137 1692 1157 ηοη
1718 1134 1791 1158 esset
1807 1138 1893 1166 prete-

1040 1177 1154 1210 ceptum
1175 1177 1227 1203 etc.

780 1318 968 1347 TRACTATIO
990 1319 1234 1355 QUAESTIONUM.

205 1407 245 1435 Ad
259 1406 471 1443 intelligentiam
489 1405 574 1433 huius
596 1405 696 1442 partis,
719 1405 746 1433 in
761 1414 817 1443 qua
838 1406 932 1443 agitur
947 1406 981 1434 de

126 1453 249 1482 hominis
263 1453 473 1482 immortalitate
495 1452 650 1481 seeundum
666 1455 770 1481 statum
792 1453 981 1487 innocentiae,

127 1501 201 1529 cirea
223 1500 277 1529 tria
297 1500 423 1528 consistit
445 1499 591 1527 dubitatio.

205 1547 237 1575 Et
259 1547 350 1584 primo
379 1546 526 1583 quaeritur
547 1546 581 1575 de
610 1546 821 1575 immortalitate
844 1547 980 1581 hominis,

126 1596 263 1631 quantum
286 1596 327 1622 est
348 1601 384 1622 ex
407 1596 486 1630 parte
504 1593 622 1622 animae.

205 1641 334 1669 Secundo
368 1648 454 1675 vero,
489 1643 627 1677 qnantum
660 1643 702 1669 est
736 1649 770 1669 ex
807 1644 887 1677 parte
918 1649 980 1669 eor-

124 1696 210 1725 poris.

1119 1406 1211 1435 Tertio
1233 1414 1315 1441 vero,
1337 1415 1373 1436 ex
1396 1411 1476 1444 parte
1497 1408 1647 1437 coniuncti.

1117 1453 1195 1482 Circa
1218 1454 1343 1491 primum
1365 1457 1542 1491 quaeruntur
1564 1455 1630 1483 duo.

1118 1501 1209 1529 Primo
1230 1500 1392 1537 quaeritur,
1424 1504 1520 1530 utrum
1550 1502 1643 1530 anima
1674 1503 1818 1532 rationalis
1840 1511 1891 1540 per

1038 1550 1170 1576 naturam
1194 1548 1229 1576 sit
1250 1548 1426 1577 immortalis.

1117 1594 1244 1622 Secundo
1265 1594 1424 1631 quaeritur,
1447 1599 1543 1624 utrum
1566 1596 1658 1624 omnis
1679 1596 1784 1631 anima,
1806 1605 1891 1634 quan-

1038 1644 1097 1669 tum
1113 1644 1155 1669 est
1176 1641 1211 1669 de
1228 1641 1318 1677 prima
1340 1642 1536 1671 constitutione
1552 1647 1682 1677 naturae,
1704 1643 1789 1672 fuerit
1804 1644 1891 1672 incor-

1037 1687 1190 1725 ruptihilis.

860 1786 1098 1820 ARTICULUS
1123 1786 1146 1819 Ι.

630 1880 669 1908 De
691 1878 817 1908 hominis
839 1879 1060 1908 immortalitate
1082 1888 1117 1908 er
1135 1884 1222 1917 parte
1243 1880 1371 1909 coaonae.

903 1977 1069 2014 Quarsrio
1091 1978 1109 2005 1.

553 2064 659 2093 Utrum
681 2063 786 2092 animet
807 2062 942 2092 sumana
963 2071 1018 2100 per
1040 2067 1185 2091 naturam
1206 2063 1246 2091 sit
1271 2063 1459 2092 inmortalis.

202 2162 281 2191 Circa
296 2162 420 2199 primum
436 2162 473 2191 sic
489 2161 651 2198 proceditur
667 2165 693 2189 et
714 2160 883 2193 ostenditur,
899 2161 973 2197 quod

123 2210 217 2238 anima
238 2208 382 2237 rationalis
401 2217 456 2237 non
480 2210 514 2237 sit
535 2208 701 2237 naturaliter
720 2207 895 2236 immortalis.

204 2258 228 2284 l.
255 2256 347 2284 Primo
372 2263 422 2292 per
446 2256 640 2284 auctoritatem
664 2254 783 2291 Apostoli
809 2255 917 2291 primae
939 2255 974 2283 ad

123 2303 301 2332 Timotheum
325 2302 455 2331 ultimo2:
484 2302 542 2337 Qui
561 2302 642 2329 solas
667 2300 750 2329 lictbcc
767 2301 975 2329 {intuortctlt'tct-

124 2353 194 2383 tem;
208 2349 334 2386 loquitur
349 2349 384 2377 de
398 2349 467 2377 Deo:
484 2356 550 2385 ergo
561 2348 761 2377 immortalitas
776 2356 829 2376 non
845 2348 975 2376 convenit

123 2397 208 2426 alicui
229 2400 385 2425 creaturae.
408 2395 442 2424 St
462 2400 493 2423 tu
508 2395 608 2429 (lices,
624 2395 676 2424 hoc
691 2402 752 2423 esse
767 2395 892 2428 dictum,
908 2395 973 2431 quia

123 2444 175 2474 soli
202 2444 259 2472 Deo
291 2442 420 2471 convenit
448 2449 498 2478 per
529 2440 678 2474 naturam,
710 2441 820 2469 animae
852 2441 974 2469 hominis

122 2500 190 2520 vero
211 2498 265 2518 non
288 2489 417 2518 convenit
438 2496 489 2525 per
510 2491 656 2522 naturam,
672 2488 733 2516 ¹sed
756 2495 806 2524 per
834 2488 973 2524 gratiam;

122 2542 246 2566 (Μήνα.-
269 2537 358 2573 gratia
380 2543 433 2564 non
455 2538 594 2572 repugnat
615 2537 732 2563 naturae
761 2542 811 2563 nee
842 2538 972 2562 naturam

122 2585 224 2616 variat.
247 2583 295 2612 sed
316 2584 411 2620 potius
432 2585 587 2611 conservat.
604 2581 630 2609 Si
650 2589 716 2618 ergo
732 2581 888 2609 mortalitas
903 2581 975 2609 inest

122 2632 198 2660 omni
220 2634 366 2660 creaturae
387 2637 438 2668 per
458 2633 603 2664 naturam,
617 2628 831 2662 immortalitas,
846 2635 918 2665 quae
932 2631 975 2656 est

121 2678 242 2707 conditio
264 2677 403 2715 opposita,
426 2676 497 2705 nulli
519 2680 665 2706 creaturae
681 2675 754 2703 inest
769 2683 819 2712 per
834 2675 973 2711 gratiam,

122 2732 189 2761 ergo
211 2732 261 2753 nec
283 2723 402 2752 animae.

186 2876 193 2890 1
211 2876 259 2898 Non
278 2877 346 2903 pauci
363 2875 432 2898 codd.
451 2882 503 2898 eum
521 2875 557 2898 ed.
581 2876 585 2897 1
608 2874 760 2898 creationem..

184 2915 194 2929 ²
213 2916 278 2937 Vors.
302 2915 334 2937 16.

186 2953 195 2968 3
211 2954 271 2976 Libr.
291 2954 305 2975 1.
325 2953 352 2975 dc
371 2953 424 2975 Fide
442 2953 533 2976 orthod.
560 2960 578 2975 r.
598 2953 618 2975 3.
645 2956 667 2975 ot
692 2954 716 2975 ΙΙ.
743 2959 762 2976 c.
789 2953 825 2974 27.
852 2965 882 2968 —-
905 2953 971 2981 Quod

122 2994 197 3014 anima
213 2996 287 3015 creata
302 2993 336 3019 sit,
352 2992 405 3014 vide
418 2998 488 3019 'snpra
507 2992 528 3014 d.
547 2991 578 3013 17.
592 2998 611 3014 a.
630 2992 645 3013 Ι.
660 2998 681 3020 (1.
699 2993 715 3013 l.
728 2995 749 3013 et
763 2991 784 3013 d,
802 2991 972 3020 18,a.2.‹1.3.

250 3042 275 3066 S.
292 3043 380 3066 Bonae.
398 3055 429 3059 —
448 3044 514 3065 Tem.
533 3043 555 3065 il.

1109 2162 1137 2189 92.
1161 2161 1243 2195 Item,
1268 2161 1458 2191 Damascenns
1475 2162 1503 2189 3:
1534 2162 1648 2191 «Omne
1679 2163 1755 2199 qnod
1783 2171 1797 2191 a
1827 2165 1887 2191 ver-

1031 2208 1110 2236 sione
1132 2208 1245 2244 incipit,
1268 2208 1295 2235 in
1318 2208 1475 2237 versionem
1499 2209 1587 2237 tendit
1601 2220 1638 2243 »3
1661 2209 1710 2238 sed
1732 2209 1825 2237 anima
1844 2217 1886 2237 ra-

1032 2255 1143 2284 tionalis
1163 2264 1179 2283 a
1202 2255 1329 2284 versione
1351 2255 1462 2292 incipit,
1484 2264 1547 2284 cum
1571 2256 1605 2284 sit
1627 2259 1886 2288 creata.11tosten-

1031 2309 1095 2329 sum
1117 2301 1169 2330 fuit
1191 2309 1292 2338 snpra:
1315 2309 1382 2338 ergo
1404 2302 1493 2331 tendit
1513 2302 1538 2330 in
1555 2302 1731 2331 versionem:
1747 2310 1814 2338 ergo
1828 2310 1883 2330 non

1030 2351 1074 2376 est
1095 2348 1270 2377 immortalis.
1293 2347 1326 2375 Sa?
1348 2351 1378 2376 tu
1400 2348 1500 2381 dte-as,
1523 2348 1599 2384 quod
1622 2348 1725 2382 tendit,
1744 2351 1882 2384 quantum

1031 2398 1073 2423 est
1095 2395 1129 2422 de
1152 2402 1199 2429 se,
1222 2395 1271 2423 sed
1295 2398 1405 2423 tenetur
1427 2398 1454 2423 et
1475 2397 1649 2423 sustentatur
1670 2402 1757 2423 manu
1788 2394 1885 2423 Condi-

1032 2441 1120 2474 toris;
1142 2445 1245 2468 contra
1268 2439 1319 2468 ltoc
1345 2444 1387 2469 est
1418 2440 1489 2469 illud
1522 2441 1680 2477 Augustini,
1702 2440 1820 2477 septimo
1849 2441 1883 2469 de

1030 2487 1148 2515 Civitate
1168 2487 1217 2516 Dei
1234 2487 1243 2499 ⁴
1256 2497 1262 2514 :
1290 2498 1303 2511 «
1318 2487 1361 2515 Sic
1376 2495 1437 2521 res,
1453 2495 1523 2524 quas
1538 2487 1677 2520 condidit,
1692 2487 1882 2522 administrat,

1033 2537 1062 2562 ut
1083 2542 1131 2562 eas
1151 2542 1235 2571 agere
1257 2534 1386 2571 proprios
1418 2538 1510 2562 motus
1542 2534 1641 2563 sinat»
1655 2545 1662 2569 3
1694 2534 1819 2571 loquitur
1847 2536 1882 2564 de

1030 2581 1096 2608 Deo.
1119 2580 1145 2608 Si
1168 2588 1234 2617 ergo
1256 2581 1291 2609 de
1313 2588 1342 2610 se
1363 2581 1397 2609 ad
1421 2581 1629 2618 corruptionem
1650 2581 1754 2616 tendit,
1770 2582 1882 2610 divinae

1032 2635 1132 2656 manus
1154 2628 1277 2664 potentia
1298 2636 1352 2656 non
1375 2628 1492 2656 obsistit.

1110 2674 1136 2703 3.
1158 2675 1241 2709 item,
1264 2682 1314 2711 per
1335 2675 1528 2703 auctoritatem
1552 2674 1712 2712 Philosophi
1727 2675 1753 2703 5;
1775 2686 1788 2700 «
1803 2675 1882 2704 Intel-

1031 2721 1123 2750 lectus
1143 2723 1344 2759 corrumpitur,
1363 2722 1485 2759 quodam
1507 2721 1625 2750 interius
1641 2725 1774 2759 corrupto
1788 2733 1815 2756 »ς
1831 2723 1880 2751 sed

1093 2874 1101 2888 ⁴
1120 2873 1175 2901 Cap.
1198 2874 1234 2895 30.
1254 2886 1283 2889 —
1302 2874 1369 2895 Panlo
1391 2874 1486 2896 inferius
1503 2876 1555 2901 post
1579 2873 1606 2897 Si
1622 2880 1678 2903 erqo
1696 2873 1724 2897 cle
1748 2880 1772 2897 se
1797 2875 1879 2903 supple

1030 2919 1083 2935 cum
1102 2913 1152 2935 cod.
1171 2912 1188 2935 Ο
1206 2912 1287 2935 [ptime
1304 2912 1437 2935 ralitmalis.

1092 2952 1101 2966 5
1118 2952 1178 2974 Lihr.
1199 2952 1211 2974 i.
1230 2952 1258 2974 de
1276 2953 1368 2979 Anima,
1387 2955 1438 2974 text.
1458 2952 1494 2973 66.
1514 2952 1542 2977 (c.
1561 2951 1599 2980 4.).
1618 2964 1648 2967 —-
1666 2953 1688 2974 In
1715 2952 1767 2974 cod.
1794 2953 1800 2974 l
1828 2955 1880 2980 post

1030 2993 1142 3021 corrupto
1161 2991 1309 3019 subiungitur
1325 2992 1352 3013 ut
1367 2992 1431 3020 patet
1448 2991 1471 3014 ἰη
1487 2991 1636 3020 phreneticis.

1723 3043 1751 3065 53
