2243 3425
775 200 858 229 DIST.
881 200 932 229 XL.
953 200 1026 229 ΛΒΤ.
1048 200 1078 228 ΙΙ.
1100 199 1237 237 QUAEST.
1257 199 1288 228 ΙΙ.

218 280 240 302 ll.
258 280 319 302 Alex.
337 280 393 308 Hah,
406 280 427 301 S.
441 286 463 308 p.
478 279 500 301 ll.
513 286 535 308 q.
553 280 590 302 96.
606 285 637 301 m.
650 279 670 301 3.
684 285 703 301 a.
717 280 738 301 ⁶2.
751 279 765 308 S
781 279 798 301 1.
812 281 834 301 et
850 286 870 301 3.
888 279 905 301 l.
916 279 930 308 g
943 280 964 301 3.
974 291 1006 295 —

154 320 222 347 Scot.,
241 320 262 341 in
280 322 380 348 utroque
397 319 495 347 scripto,
514 318 535 341 d.
554 317 591 341 42.
610 324 632 347 q.
649 318 729 346 unica,
747 320 770 340 et
787 318 869 346 Quodl.
889 318 925 340 18.
944 324 964 340 a.
982 318 1004 340 3.

154 371 185 375 —
202 359 224 380 S.
243 358 335 385 Thom.,
353 358 408 380 locc.
427 359 472 380 citt.
490 369 520 373 —
537 357 561 379 B.
579 357 672 385 Albert.,
690 357 712 378 S.
731 363 753 385 p.
773 357 795 379 ll.
815 360 840 380 tr.
860 358 897 380 22.
910 365 932 387 q.
955 358 1004 380 138.

155 403 187 420 m.
205 398 226 419 2.
245 397 266 419 3.
285 409 315 413 —-
339 397 397 419 Petr.
415 403 428 419 a
454 397 521 424 Tan,
539 397 576 418 hic
601 402 623 425 q.
646 396 662 418 l.
689 402 709 418 3.
733 396 754 418 3.
773 397 916 424 quaestiunc.
935 397 956 419 3.
975 408 1005 412 —

156 436 264 458 Richard.
282 443 293 458 a
312 435 378 463 Med„
396 436 433 457 hic
450 441 470 457 a.
492 435 509 457 1.
528 441 549 463 q.
569 434 589 457 4.
608 447 638 450 —
655 434 730 463 AEgid.
749 435 787 462 R.‚
805 435 841 457 hic
860 441 881 464 q.
904 436 921 457 1.
940 442 959 457 3.
978 436 1004 463 2,

156 475 178 497 (1.
197 474 232 497 4-2.
252 482 274 503 q.
297 475 314 497 1,
332 481 352 497 a.
375 475 391 497 1.
409 474 465 496 dub.
483 474 520 496 lat.
537 487 567 490 —
585 473 694 501 Durand.‚
713 473 736 495 ll.
755 473 816 496 Sent.
842 473 864 495 d.
884 473 920 496 42.
940 480 962 502 q.
982 474 1004 496 2.

157 526 186 530 —
204 514 296 542 Dionys.
314 513 398 542 Carth,
416 514 452 535 hic
470 520 492 541 q.
511 514 531 535 2.
550 525 580 528 —
597 513 650 540 Biel,
669 513 705 534 hic
723 519 745 541 q.
763 513 838 534 unica.

220 553 251 575 lll.
270 553 356 575 Solutio
375 552 474 575 duarum
492 552 639 580 sequentium
656 552 818 580 quaestionum
836 557 863 573 ex
882 551 1006 579 praedictis

156 593 275 620 principiis
292 592 357 614 facile
374 591 513 619 intelligitur.
530 590 661 613 Notandum
674 592 769 618 tantum,
782 590 846 618 quod
863 591 885 612 in
905 590 925 612 3.
938 596 1006 618 quae-

1850 200 1904 228 929

1061 279 1135 302 stione
1152 282 1257 307 respectu
1276 278 1379 306 plurium
1396 283 1494 306 operum
1512 277 1680 306 praescinditur
1697 284 1709 299 a
1721 278 1803 300 merito
1815 277 1911 301 interio-

1062 317 1097 340 νίς
1116 320 1181 340 actus
1198 318 1291 340 caritate
1308 317 1430 344 informati,
1448 317 1487 345 qui
1500 322 1555 339 sane
1572 319 1723 344 augmentum
1736 319 1757 338 et
1769 317 1842 344 ipsius
1859 323 1912 345 gra-

1062 358 1105 379 tiae
1123 356 1244 379 habitualis
1261 359 1283 379 et
1300 357 1396 384 praemii
1417 355 1572 378 substantialis
1589 356 1709 384 importat,
1727 358 1752 377 ut
1768 357 1817 384 ipse
1833 362 1851 378 s.
1870 356 1911 378 Do<

1062 399 1111 419 otor
1123 397 1145 418 in
1158 402 1220 424 corp.
1240 396 1305 418 dicit:
1327 404 1337 415 α
1348 396 1417 417 Maior
1435 396 1516 417 cai-itas
1533 395 1569 417 vel
1587 395 1668 417 melior
1686 395 1792 417 voluntas
1814 395 1866 418 facit
1883 395 1912 417 ad

1062 436 1191 464 profectum
1210 436 1316 457 meriti».

1123 474 1156 496 De
1169 475 1203 496 his
1220 473 1394 503 quaestionibus
1406 480 1451 496 non
1464 474 1596 496 invenimus
1608 475 1713 502 explicite
1731 476 1853 497 tractantes
1868 475 1911 496 nisi

1062 513 1123 535 Alex.
1140 513 1204 541 Hah,
1231 513 1273 535 loc.
1299 514 1337 536 cit.
1362 520 1382 535 a.
1409 514 1430 535 2.
1448 513 1461 542 ¹3
1487 514 1513 541 23
1533 514 1590 536 Petr.
1608 520 1621 535 a
1639 513 1691 536 Tar.
1717 514 1753 536 hic
1770 520 1792 542 q.
1815 514 1832 535 1.
1850 520 1870 535 a.
1889 513 1909 535 3.

1061 553 1203 580 quaestiunc.
1234 553 1250 574 l.
1269 553 1290 574 2.
1308 554 1330 574 et
1353 552 1447 580 Dionys.
1465 552 1549 581 Carth„
1568 553 1610 575 loc.
1628 553 1678 581 cit.;
1697 553 1725 575 do
1743 553 1763 575 2.
1781 559 1803 581 q.
1822 556 1910 575 tantum

1063 591 1170 613 Richard.
1188 598 1200 613 a
1218 591 1284 619 Med,
1302 592 1344 614 loc.
1362 593 1398 614 cit.
1417 598 1438 621 q.
1457 593 1478 614 2.

927 679 1091 716 QUAESTIO
1112 680 1142 708 ΙΙ.

317 767 421 796 Utrum
444 766 519 795 bona
542 775 632 804 opera
653 766 769 804 aliquid
789 766 905 794 addant
923 774 1019 803 snpra
1042 765 1227 794 intentionem
1249 770 1393 804 quantuni
1414 768 1455 796 ad
1475 768 1667 806 quantitatem
1690 769 1761 797 [lati.

236 866 363 895 Secundo
385 867 544 904 quaeritur,
569 869 667 895 utrum
696 865 769 894 bona
797 873 883 902 opera
904 865 1009 894 addant

156 922 243 951 supra
264 914 366 942 bonam
392 913 573 942 intentionem
599 915 737 950 quantum
758 912 794 941 ad
823 912 1007 949 quantitatem

155 962 221 990 dati.
246 961 276 990 Et
297 961 371 999 quod
395 961 449 996 sic,
471 961 592 990 videtur.

238 1010 262 1037 l.
284 1008 428 1037 Secundae
456 1008 492 1036 ad
513 1007 670 1036 Corinthios
699 1015 772 1036 nono
788 1007 809 1034 ¹:
835 1006 893 1043 Qui
915 1015 1008 1044 parce

15 1055 282 1089 ‚Fundamenia.semntctt
305 1063 396 1092 parce
416 1059 442 1083 et
462 1058 562 1088 meten
583 1054 675 1092 etqui
694 1054 820 1082 seminat
847 1053 878 1081 in
900 1053 1008 1081 benedi-

157 1101 301 1131 ctionibus
316 1102 350 1130 cle
371 1101 615 1130 benedictionibus
630 1104 656 1129 et
676 1104 766 1129 metet.
783 1100 808 1128 Si
829 1100 913 1137 igitur
929 1100 1009 1129 semi-

158 1149 233 1178 natio
255 1149 314 1184 illa,
334 1149 368 1178 de
390 1157 445 1186 qua
460 1149 585 1186 loquitur
606 1147 765 1185 Apostolus,
787 1147 871 1176 estin
893 1147 1009 1176 eleemo-

159 1205 242 1234 synae
264 1197 388 1229 datione3
410 1196 535 1231 videtur,
557 1196 633 1233 quod
654 1195 818 1233 magnitudo
848 1195 904 1224 dati
927 1195 1009 1223 faciat

158 1244 193 1273 ad
215 1243 410 1273 excellentiam
433 1243 546 1280 gloriae.

238 1293 264 1320 2.
287 1291 367 1325 Item,
389 1291 491 1319 Tobiae
513 1289 648 1328 quart02:
672 1290 706 1319 St
724 1289 851 1318 maltam
874 1289 927 1318 tibi
948 1287 1009 1326 fae-

158 1339 212 1373 rit,
235 1339 421 1367 abundanter
444 1337 552 1367 tribue:
575 1338 596 1367 si
619 1345 685 1375 ergo
708 1337 759 1366 ista
780 1337 939 1366 exhortatio
954 1345 1007 1365 non

158 1391 200 1417 est
222 1386 342 1421 inutilis,
365 1386 486 1420 videtur,
508 1385 583 1423 quod
605 1384 777 1414 abundantia
798 1384 855 1413 dati
878 1384 959 1413 saciat
973 1383 1008 1412 ad

156 1436 360 1464 incrementum
384 1433 484 1462 meriti.

238 1481 264 1510 3.
286 1481 366 1515 ltem,
388 1479 518 1518 quamvis
532 1479 607 1508 Deus
628 1487 664 1508 ex
680 1478 788 1516 aequali
811 1478 933 1507 bonitate
949 1486 1009 1507 eon-

157 1529 229 1558 ferat
250 1528 322 1557 bona
343 1527 449 1556 maiora
470 1529 497 1555 et
519 1526 640 1560 minora,
656 1528 748 1554 tamen
770 1525 817 1553 ille
839 1525 882 1554 cui
903 1525 1009 1553 maiora

158 1575 290 1610 contulit,
318 1578 428 1604 tenetur
457 1573 490 1602 ad
516 1573 649 1602 maiorem
675 1572 830 1610 gratiarum
852 1572 1007 1601 actionem:

158 1631 225 1660 ergo
247 1622 307 1660 pari
329 1622 449 1656 ratione,
472 1621 494 1649 si
516 1628 552 1649 ex
574 1620 683 1657 aequali
706 1619 820 1648 caritate
842 1619 925 1647 detur
953 1626 1009 1646 ma-

158 1670 202 1699 ius
224 1677 328 1698 munus
349 1671 376 1697 et
398 1669 491 1697 minus
512 1675 631 1702 munus,
654 1667 822 1696 conveniens
842 1669 896 1700 est,
919 1666 1008 1694 Deum

157 1725 209 1755 pro
230 1716 328 1745 maiori
352 1723 469 1744 munere
490 1715 627 1744 maiorem
649 1714 769 1744 reddere
784 1713 1007 1742 retributionem.

237 1765 264 1793 [ι.
287 1764 366 1798 item,
382 1763 405 1792 si
426 1771 479 1791 non
496 1762 584 1799 magis
605 1765 731 1791 meretur
746 1761 794 1799 qui
817 1761 882 1798 plus
898 1760 1008 1795 tribuit,

158 1820 241 1849 quam
266 1811 311 1840 ille
326 1811 373 1848 qui
397 1810 503 1844 minus,
522 1817 588 1846 ergo
610 1817 664 1838 non
679 1808 744 1846 plus
765 1811 891 1837 meretur
905 1807 953 1844 qui
969 1815 1009 1835 re-

158 1858 259 1896 linquit
280 1858 373 1886 omnia
387 1866 439 1894 pro
459 1857 516 1886 Deo
531 1860 558 1885 et
579 1856 626 1885 dat
641 1855 816 1893 pauperibus
827 1855 844 1888 ³,
861 1862 945 1891 quam
962 1853 1008 1882 ille

158 1906 206 1943 qui
229 1905 276 1934 dat
296 1913 384 1933 unum
408 1904 543 1933 solidum:
562 1903 647 1940 igitur
669 1910 766 1930 omnes
782 1905 847 1930 sunt
868 1901 944 1929 stulti
961 1900 1008 1937 qui

158 1955 316 1990 sequuntur
345 1951 471 1980 divinum
501 1950 658 1979 consilium.
688 1949 793 1986 Quodsi
821 1948 938 1985 impium
968 1949 1009 1975 est

159 1999 265 2034 dicere,
287 1999 415 2027 divinum
443 1997 591 2027 consilium
620 2004 681 2026 esse
710 1996 906 2027 indiscretunu
937 1994 1010 2022 vide-

159 2050 221 2082 tur,
250 2047 325 2084 quod
354 2045 495 2083 quantitas
524 2045 580 2074 dati
609 2044 690 2073 faciat
717 2043 753 2072 ad
779 2041 1008 2079 amplificandum

158 2095 300 2124 meritum.

237 2141 289 2169 SED
311 2148 435 2169 CONTRA:
463 2141 486 2168 1.
509 2138 592 2167 Marci
614 2137 813 2167 duodecin10⁴2
837 2137 930 2165 Amen
945 2136 1009 2164 dieo

32 2187 252 2224 Adopposi-vobt's:
274 2187 415 2226 quoniam
437 2185 508 2215 haee
526 2185 596 2223 plus
617 2184 752 2213 omnibns
773 2183 855 2212 misit
869 2183 899 2211 in
920 2191 1010 2220 {sazo-

14 2228 15 2231 ¹
65 2225 110 2242 tuffl'
155 2234 352 2273 plzylaeiunm
380 2233 505 2271 loquitur
533 2232 567 2261 de
596 2232 700 2261 vidua:
730 2239 797 2269 ergo
830 2231 852 2259 si
882 2231 1010 2259 Christus

159 2282 223 2320 plus
251 2281 462 2319 appretiabatur
490 2280 587 2309 datum
610 2279 686 2308 illius
707 2279 825 2313 viduae,
854 2277 929 2315 quod
958 2277 1010 2305 fuit

158 2329 241 2358 valde
256 2336 390 2366 parvum,
413 2329 484 2357 sieut
506 2328 533 2356 in
549 2330 630 2356 textu
651 2326 791 2360 innuitur,
806 2333 890 2363 quam
908 2332 1009 2361 magna

159 2377 231 2406 dona
246 2377 381 2411 alioruni;
403 2376 527 2410 videtur,
547 2375 621 2412 quod
638 2374 712 2403 Deus
734 2373 909 2410 appretietur
924 2379 1009 2408 opera

159 2424 250 2453 solum
273 2423 428 2453 secundum
456 2422 638 2460 quantitatem
666 2421 754 2450 bonae
784 2419 957 2450 intentionis.
983 2420 1009 2446 et

1065 865 1144 894 nullo
1171 865 1255 894 modo
1284 866 1438 895 seeundum
1468 867 1650 904 quantitatem
1684 869 1810 897 muneris
1835 872 1913 898 exte-

1066 920 1157 941 rioris.

1145 960 1172 988 ⁶2.
1195 959 1275 994 item,
1296 959 1392 988 Glossa
1413 968 1499 998 super
1520 961 1598 990 illum
1622 961 1745 990 locum52
1771 973 1784 989 «
1798 962 1856 991 Non
1878 963 1915 991 of-

1065 1006 1215 1035 ferentium
1245 1007 1429 1036 substantiam
1458 1009 1615 1038 considerat
1647 1009 1740 1044 Deus,
1772 1009 1821 1038 sed
1849 1018 1914 1039 con-

1066 1053 1208 1082 seientiam
1216 1065 1223 1088 3
1244 1061 1295 1083 nee
1320 1055 1480 1091 perpendit,
1502 1060 1637 1092 quantum
1666 1056 1782 1092 offeras,
1804 1056 1853 1086 sed
1876 1065 1912 1086 ex

1065 1103 1170 1138 quanto
1185 1111 1214 1129 n:
1237 1100 1259 1130 si
1287 1109 1354 1139 ergo
1382 1102 1481 1131 merita
1510 1106 1617 1131 tantum
1643 1103 1748 1138 valent,
1776 1107 1912 1141 quantum

1065 1148 1140 1177 Deus
1156 1148 1203 1176 illa
1217 1149 1368 1186 ponderat3
1390 1149 1510 1184 videtur,
1529 1150 1603 1187 quod
1625 1151 1765 1187 quantitas
1781 1151 1836 1179 dati
1859 1159 1914 1180 me-

1066 1194 1151 1223 ritum
1174 1195 1334 1224 intentionis
1356 1195 1444 1224 bonae
1466 1204 1520 1224 non
1542 1200 1650 1233 augeat.

1146 1242 1171 1271 3.
1201 1242 1284 1275 Item.
1314 1250 1399 1279 super
1428 1242 1497 1271 illud
1529 1244 1667 1272 secundae
1695 1244 1729 1272 ad
1759 1244 1915 1273 Corinthios

1066 1292 1164 1318 octavo
1177 1289 1198 1318 5:
1222 1290 1258 1318 Et
1272 1290 1324 1328 qai
1343 1289 1469 1318 mallant
1484 1289 1587 1319 ltabat‘t
1606 1300 1664 1319 non
1679 1290 1856 1325 abanclavz't;
1876 1291 1914 1320 ibi

1067 1336 1174 1365 Glossa:
1196 1337 1274 1366 «Ubi
1295 1345 1385 1374 aequa
1406 1341 1448 1366 est
1469 1337 1613 1372 voluntas,
1634 1338 1780 1375 aequalem
1802 1338 1915 1368 habebit

1066 1384 1225 1413 mercedem
1238 1394 1268 1412 »:
1284 1392 1350 1421 ergo
1366 1385 1424 1413 sive
1442 1384 1543 1421 aliquis
1558 1384 1604 1413 det
1620 1393 1766 1421 magnum,
1782 1386 1839 1414 sive
1854 1394 1916 1423 par-

1066 1439 1147 1466 vum,
1163 1431 1230 1460 dum
1247 1434 1340 1460 tamen
1355 1439 1391 1460 ex
1413 1431 1524 1468 aequali
1548 1431 1661 1460 caritate
1668 1442 1675 1466 3
1694 1431 1814 1466 videtur,
1838 1432 1913 1470 quod

1066 1479 1106 1507 eis
1128 1479 1303 1508 retribuatur
1324 1478 1486 1516 aequaliter.

1145 1526 1172 1554 li.
1195 1526 1274 1561 item,
1296 1526 1318 1554 si
1338 1526 1479 1563 quantitas
1501 1525 1556 1554 dati
1573 1525 1678 1562 aliquid
1700 1526 1790 1561 addit,
1805 1526 1913 1555 autad-

1067 1573 1107 1602 dit
1128 1573 1164 1602 ad
1185 1573 1318 1602 meritum
1341 1575 1470 1610 respectu
1492 1573 1608 1610 praemii
1627 1573 1848 1608 substantialis,
1864 1577 1913 1603 aut

1066 1624 1195 1657 respectu
1217 1620 1335 1658 praemii
1354 1619 1553 1648 accidentalis.
1572 1619 1629 1648 Non
1646 1623 1775 1657 respectu
1797 1621 1914 1657 praemii

1065 1667 1289 1702 substantiatis,
1320 1667 1386 1705 quia
1408 1667 1478 1696 illud
1507 1667 1621 1704 respicit
1642 1667 1765 1696 caritatis
1793 1668 1915 1697 radicem

1066 1718 1093 1744 et
1114 1715 1297 1753 quantitatem
1327 1715 1441 1752 gratiae.
1470 1714 1528 1743 Nou
1550 1717 1680 1752 respectu
1708 1714 1915 1749 accidentalis,

1066 1763 1132 1800 quia
1153 1762 1312 1800 praemium
1333 1762 1504 1791 accidentale
1526 1762 1645 1791 debetur
1667 1761 1800 1799 operibus
1825 1762 1917 1791 excel-

1067 1810 1188 1839 lentibus
1209 1812 1236 1838 et
1258 1809 1440 1846 privilegiatis
1454 1809 1476 1843 7;
1498 1817 1552 1837 non
1574 1809 1646 1837 enini
1669 1812 1793 1837 meretur
1814 1810 1915 1846 aliquis

1067 1857 1211 1886 aureolam
1233 1865 1269 1886 ex
1291 1857 1356 1890 hoo,
1378 1856 1453 1893 quod
1475 1856 1522 1884 dat
1544 1864 1672 1893 magnam
1702 1856 1915 1893 eleemosynam.

1066 1904 1184 1933 Videtur
1205 1903 1299 1940 igitur,
1324 1903 1399 1940 quod
1422 1902 1562 1939 quantitas
1585 1903 1641 1931 dati
1663 1903 1697 1931 ad
1721 1903 1809 1931 bonae
1832 1903 1917 1932 inten-

1067 1951 1148 1980 tionis
1171 1950 1301 1979 meritum
1323 1949 1393 1978 nihil
1415 1950 1527 1978 omnino
1549 1950 1642 1978 addat.

1370 2036 1608 2057 CONCLUSIO.

1069 2108 1226 2145 Quantitas
1248 2107 1312 2136 dact
1333 2107 1364 2135 in
1393 2106 1474 2135 bonis
1503 2106 1638 2143 operibus
1660 2106 1744 2134 addit
1768 2106 1809 2134 ad
1830 2115 1915 2143 prae-

1146 2156 1240 2184 ntt‘mn
1262 2154 1431 2188 essentiale,
1452 2162 1511 2182 non
1532 2160 1630 2182 aatem
1652 2153 1779 2187 directe,
1800 2153 1851 2181 sed
1875 2153 1915 2182 az*-

1145 2195 1290 2232 spontive.

1147 2274 1322 2302 RESPONDEO:
1346 2272 1384 2301 Ad
1407 2271 1615 2309 praedictorum
1638 2270 1847 2308 intelligentiam
1870 2278 1916 2299 no-

1066 2321 1183 2350 tandum
1207 2323 1261 2355 est,
1290 2319 1365 2357 quod
1386 2319 1421 2347 de
1449 2319 1602 2357 quantitate
1622 2318 1677 2346 dati
1700 2321 1742 2346 est
1770 2317 1843 2354 loqui
1867 2317 1916 2346 du·
1937 2331 2043 2350 mmm,

1066 2368 1187 2405 pliciter:
1209 2370 1258 2395 aut
1279 2366 1467 2403 comparando
1488 2365 1585 2393 datum
1611 2365 1645 2393 ad
1669 2364 1772 2392 datam
1801 2364 1915 2398 solam,-

1066 2418 1115 2443 aut
1136 2414 1325 2451 comparando
1346 2413 1415 2441 haee
1436 2412 1476 2440 ad
1497 2412 1619 2440 z‘nm'cein
1638 2414 1665 2439 et
1686 2411 1719 2439 ad
1750 2411 1849 2439 dantis
1869 2409 1913 2448 sa-

223 2562 230 2576 ¹
250 2562 315 2585 Vers.
334 2562 354 2584 6.

222 2601 231 2615 ⁴2
250 2601 315 2623 Vers.
334 2601 355 2623 9.

222 2639 232 2655 ³
250 2640 379 2668 Respicitur
396 2639 453 2661 illud
470 2639 546 2661 Matth.
569 2639 609 2665 19,
628 2638 672 2659 ⁶21:
697 2637 719 2659 Si
742 2637 778 2658 vis
804 2636 919 2664 pei-sectus
943 2640 1008 2661 esse,

160 2679 226 2708 vade,
245 2679 321 2702 vende
339 2685 398 2707 quae
416 2678 495 2705 habes,
513 2681 533 2700 et
552 2677 579 2699 da
598 2676 742 2704 pauperibus
759 2679 813 2703 etc„
832 2681 873 2697 nec
891 2680 934 2696 non
953 2673 1009 2695 ibid.

160 2725 182 2741 v.
201 2719 242 2740 27:
261 2719 318 2740 Ecce
335 2724 376 2740 nos
394 2717 531 2745 reliquimus
548 2717 624 2738 omnia
643 2719 685 2738 etc.
704 2727 734 2730 —
752 2715 794 2736 1)Γο
811 2720 886 2736 unum
905 2712 1009 2735 solidum

161 2758 248 2783 (italice
265 2756 346 2784 solzlo,
366 2756 450 2778 Gallice
467 2756 524 2784 soa)
538 2754 605 2777 codd.
623 2757 645 2777 et
662 2754 715 2776 edd.
742 2754 764 2781 l⁷
786 2754 799 2775 ‘3
813 2756 921 2780 corrupte
933 2758 1009 2774 anam

160 2797 254 2823 solum,
274 2796 325 2819 Vat.
344 2801 397 2818 cum
418 2794 471 2817 edd.
496 2795 524 2822 3,
546 2793 559 2816 4
582 2799 659 2816 unum
685 2792 763 2816 solum
789 2791 884 2815 obolum
909 2791 1010 2819 (obolus

160 2838 209 2859 erat
226 2838 317 2857 moneta
335 2834 459 2861 minutior,
478 2833 518 2855 cfr.
535 2832 569 2854 Du
588 2831 693 2860 Gange).

224 2873 232 2888 ⁴
252 2874 316 2896 Vers.
335 2872 371 2895 43.
389 2872 434 2895 Csr.
452 2871 524 2894 verba
548 2871 637 2899 Bedae,
660 2876 731 2898 supra
754 2876 807 2898 pag.
830 2870 887 2897 906,
911 2872 962 2892 nota
987 2869 1008 2891 6.

163 2914 235 2937 allata.

224 2953 233 2968 ⁵
251 2953 301 2975 Seil.
321 2952 387 2974 Marc.
410 2951 450 2979 12,
470 2950 506 2972 43.
519 2962 549 2965 —
561 2950 653 2977 Glossa,
672 2955 731 2977 quae
749 2952 783 2971 est
800 2947 889 2975 Bedae,
908 2948 929 2969 in
948 2948 1009 2969 hunc

163 2993 218 3021 loo,
236 2992 334 3015 habetur
351 2990 413 3019 apud
432 2990 556 3018 Lyranum.
568 3001 599 3005 —
610 2989 653 3011 Pro
676 2994 749 3017 saper
765 2987 835 3010 illum
861 2986 940 3010 locam
957 2985 1007 3009 cod.

289 3042 313 3066 S.
331 3042 421 3065 Bonae.
438 3053 470 3057 —
487 3041 553 3063 Tom.
571 3040 594 3062 ll.

1068 2554 1088 2576 X
1107 2560 1179 2583 snper
1197 2551 1257 2576 illud
1274 2552 1352 2575 Lucae
1371 2549 1410 2574 ΙΞ),
1428 2550 1455 2573 de
1479 2549 1551 2573 vidua
1575 2555 1695 2579 paupere,
1724 2548 1774 2571 cod.
1792 2548 1824 2571 bb
1842 2554 1915 2578 super·

1067 2592 1128 2616 illud
1144 2593 1236 2620 Lucae,
1257 2591 1359 2613 nonnulli
1377 2590 1413 2612 alii
1431 2589 1498 2612 codd.
1509 2607 1515 2617 ,
1532 2595 1615 2611 vocem
1633 2589 1711 2611 Lucae
1728 2588 1787 2610 malo
1805 2589 1914 2616 interpre·

1067 2634 1140 2654 tames
1150 2649 1155 2659 ,
1173 2636 1245 2660 sapei·
1261 2629 1323 2652 illud
1340 2628 1417 2652 locum
1427 2637 1436 2657 ς
1454 2628 1504 2650 Vat.
1518 2634 1570 2650 cum
1583 2627 1636 2649 cdd.
1652 2628 1680 2654 3,
1700 2626 1711 2648 4
1729 2633 1801 2656 super
1812 2626 1912 2649 eandem

1067 2670 1153 2693 Iocum.

1129 2709 1138 2724 ⁶
1156 2709 1221 2731 Vers.
1245 2708 1277 2730 15.
1294 2720 1326 2724 —
1342 2707 1419 2729 Verba
1437 2707 1529 2729 Glossae
1541 2724 1546 2733 ‚
1573 2712 1632 2734 quae
1650 2709 1683 2728 cst
1700 2704 1825 2728 ordinaria
1843 2708 1865 2728 et
1882 2711 1915 2727 se-

1067 2749 1169 2772 cundum
1187 2749 1283 2776 August.
1295 2766 1300 2775 ,
1318 2747 1418 2769 Enarrat.
1436 2747 1458 2768 in
1477 2746 1511 2768 ΡΞ,
1533 2745 1582 2768 125.
1600 2752 1621 2767 n.
1644 2745 1664 2767 11
1681 2763 1686 2773 ,
1704 2752 1715 2767 a
1733 2745 1815 2767 Strabo
1832 2747 1854 2767 et
1870 2745 1914 2772 Ly-

1066 2795 1123 2811 rano
1140 2789 1173 2810 sic
1190 2787 1334 2810 redduntur:
1352 2786 1388 2808 Sic
1405 2786 1444 2814 qui
1462 2785 1559 2807 multum
1579 2785 1617 2807 dat
1634 2784 1700 2806 dives
1711 2803 1716 2812 ,
1734 2787 1756 2806 et
1773 2785 1812 2812 qui
1831 2790 1914 2812 parum

1067 2834 1170 2856 pauper,
1189 2827 1207 2849 si
1224 2832 1297 2855 aequa
1315 2826 1343 2848 sit
1360 2826 1479 2854 utriusque
1496 2825 1614 2852 voluntas,
1627 2824 1747 2852 aequalem
1760 2823 1844 2845 habent
1855 2829 1913 2845 mer-

1067 2868 1155 2890 cedem.
1173 2878 1204 2883 —
1216 2866 1238 2888 ln
1256 2865 1301 2888 fine
1318 2871 1367 2893 arg.
1385 2871 1427 2893 pro
1445 2864 1477 2887 eis
1494 2864 1544 2886 Vat.
1563 2870 1616 2886 cum
1634 2863 1687 2885 cdd.
1706 2863 1734 2891 3,
1753 2862 1765 2884 4v
1784 2862 1852 2885 habet
1870 2861 1896 2885 εἰ.

1128 2906 1138 2920 ⁷
1155 2905 1199 2928 Csr.
1218 2907 1306 2934 quaest.
1324 2904 1432 2933 praeced.
1445 2916 1475 2919 —
1487 2904 1529 2925 Pro
1547 2901 1715 2926 excellentibus
1733 2902 1800 2930 edd.‚
1818 2904 1911 2930 excepta

1071 2947 1075 2968 1
1088 2964 1093 2974 ,
1111 2943 1324 2968 excellentioribus.
