2243 3425
176 971 266 999 Quaestio
280 971 307 989 iu-

175 995 241 1014 cidens
251 995 305 1013 solvt-

176 1021 213 1037 tur.

200 1183 306 1206 Oppcnitur

176 1211 233 1230 supra
242 1206 305 1225 dictis.

189 1488 271 1507 Dubium
289 1489 304 1506 1.

194 1919 275 1937 Dubium
289 1918 305 1936 ᾖ,

320 194 375 222 5δο

319 270 352 297 de
372 270 544 304 Correptione
564 272 590 295 et
607 268 691 302 gratia
703 267 710 279 ¹
733 267 784 293 ait:
810 265 860 292 «Si
880 265 932 292 boc
946 265 1110 292 adiutorium
1124 264 1166 290 vel

318 313 418 347 Angelo
439 313 480 339 vel
494 311 608 343 homini,
629 317 690 337 cum
711 310 829 344 primum
849 308 911 336 facti
931 312 1006 341 sunt7
1026 308 1166 338 defuisset;

318 356 445 391 quonian]
475 363 526 382 non
556 353 614 381 talis
642 356 737 380 natura
767 352 836 379 facta
861 354 932 383 erat,
952 354 981 378 ut
998 351 1056 377 sinc
1075 350 1166 377 divino

318 398 419 425 auxilio
439 401 530 432 posset
549 403 671 429 manere,
691 395 713 422 si
735 395 826 428 vellet,
846 401 898 421 non
918 394 1012 428 utique
1024 400 1072 420 sua
1086 393 1165 427 culpa

318 441 477 474 cecidissem
497 439 624 467 defuisset
643 439 745 473 quippe
765 437 944 469 adiutorium,
963 437 1021 463 sine
1043 443 1095 470 quo
1116 443 1168 463 ma-

317 478 382 511 nere
410 491 462 510 non
483 485 571 517 posset
586 494 610 508 ».
630 481 720 508 idem:
745 480 885 507 «Dederat
912 480 983 506 Deus
1004 479 1103 506 homini
1125 479 1168 505 bo<

318 534 379 554 nam
401 526 564 553 voluntatem
576 546 582 557 ‚
604 525 629 551 in
651 524 694 551 illa
713 524 815 558 quippe
835 530 896 550 cum
916 522 1034 550 fecerat²
1050 525 1168 554 rectum;

318 569 430 596 dederat
449 568 627 600 adiutorium,
646 567 704 594 sine
723 575 777 602 quo
791 574 842 593 non
856 569 948 601 posset
962 566 986 592 in
1001 573 1032 592 ea
1047 572 1168 597 manere,

318 613 340 639 si
361 612 453 644 vellet,
474 615 499 639 et
518 619 567 646 per
586 611 658 646 quod
678 614 776 645 posset.
796 610 830 636 Ut
849 613 938 637 auten]
958 609 1010 636 boc
1030 608 1121 640 vellet,
1142 609 1167 634 in

319 656 376 683 eius
395 655 497 682 dimisit
516 655 627 682 arbitrio
640 665 664 680 n.
685 654 712 680 1ιι
733 653 845 680 eodem:
871 664 881 675 «
899 653 1050 686 Acceperat
1073 659 1168 686 posse,

318 699 341 726 si
362 699 455 730 vellet,
483 698 529 725 sed
560 705 610 724 non
640 697 734 724 habuit
753 696 837 727 velle,
857 703 911 730 quo
931 698 1040 730 posset;
1060 701 1121 721 nam
1147 694 1168 720 si

318 742 472 775 habuisset,
491 744 691 776 perseverasset
704 739 831 767 ».—His
854 738 1011 765 testimoniis
1032 737 1170 764 evidenter

318 788 494 816 monstratur,
516 783 589 819 quod
608 783 688 810 homo
708 782 895 809 rectitudinem
916 785 942 808 et
963 781 1059 807 bonam
1080 779 1170 806 volun-

319 831 399 855 tatem
421 828 446 854 in
466 827 602 854 creatione
630 827 736 860 aceepit
759 829 840 859 atque
860 824 1005 856 auxilium,
1026 830 1079 858 quo
1099 826 1169 849 stare

316 875 439 907 poterat,
459 871 577 905 alioquin
598 877 650 896 non
670 876 717 896 sua
737 869 817 903 culpa
838 867 974 894 videretur
994 866 1151 893 cecidisse³.

390 914 442 941 Sed
462 913 597 948 quomodo
618 916 719 940 rectam
739 915 764 938 et
784 911 882 938 bonam
897 910 1060 937 voluntatem
1076 909 1170 936 babuit

320 957 416 990 bomo,
436 949 461 983 si*
478 963 526 991 per
555 963 613 982 eain
643 962 693 982 nec
713 954 810 981 mereri
831 953 912 980 vitam
932 952 1030 984 valuit,
1050 959 1099 978 nec
1119 951 1168 977 ea*

319 1003 389 1027 stare
404 999 508 1026 voluit?
521 1014 556 1019 —
566 998 632 1030 Quia
646 1005 696 1024 nec
709 996 811 1032 aliquid
826 996 888 1023 maii
902 1003 933 1022 ea
947 999 1010 1022 tunc
1026 994 1132 1021 volebat
1145 998 1171 1021 ct

319 1043 353 1070 ad
373 1046 479 1077 tempus
498 1045 568 1069 stare
589 1041 687 1073 voluit,
706 1040 753 1067 scd
768 1047 819 1066 non
833 1042 1055 1073 perseveranter,
1070 1041 1095 1065 et
1109 1038 1169 1064 ideo

318 1088 391 1113 recta
414 1089 438 1112 et
458 1086 527 1112 bona
547 1085 595 1112 t'uit
615 1088 678 1111 tnnc
699 1083 821 1110 voluntas
840 1082 963 1109 hominis.

392 1129 429 1156 Ad
451 1129 503 1155 boc
522 1131 626 1159 autem⁷
645 1127 716 1162 quod
738 1126 871 1159 diximus,
891 1126 1026 1152 bominem
1047 1132 1111 1159 nou
1125 1133 1170 1160 pe-

320 1173 402 1200 tuisse
422 1172 554 1207 proficere
574 1171 615 1198 vel
636 1170 732 1197 mereri
748 1177 795 1204 per
808 1170 920 1201 aratiam
936 1169 1089 1201 creationis,
1103 1168 1170 1195 solet

319 1215 420 1250 opponi
438 1215 487 1241 sic.
507 1215 556 1241 Per
577 1213 640 1240 illud
661 1213 791 1240 auxilium
812 1212 913 1246 gratiae
927 1211 1071 1238 creationis
1083 1211 1170 1246 potuit

318 1261 390 1286 stare
410 1259 435 1285 in
461 1258 545 1289 bono,
575 1257 646 1292 quod
676 1260 833 1291 acceperat:
854 1256 942 1290 potuit
962 1262 1024 1290 ergo
1045 1255 1169 1281 resistere

319 1302 467 1329 tentationi.
497 1301 549 1328 Sed
569 1301 694 1327 resistere
715 1299 905 1326 tentationibus
925 1302 1006 1333 atque
1026 1298 1170 1333 suggestio-

319 1344 398 1372 nibus
417 1344 494 1371 malis
514 1344 638 1370 meritum
653 1347 693 1370 est
706 1350 738 1368 ac
752 1342 851 1368 bonnm
866 1341 1077 1372 remunerabile;
1092 1347 1170 1367 omne

319 1391 409 1414 autem
430 1387 530 1414 bonum
550 1387 674 1413 meritum
695 1385 832 1420 proiectus
852 1388 904 1411 est:
926 1391 974 1419 per
993 1385 1104 1418 gratiam
1125 1384 1171 1417 igi-

319 1435 362 1459 tur
382 1431 525 1459 creationis
553 1430 686 1465 prolicere
705 1429 794 1464 potuit
812 1429 869 1455 sinc
891 1428 1040 1455 adiectione
1061 1427 1170 1454 alterius

319 1475 428 1509 gratiae.
448 1489 483 1495 —
502 1473 541 1501 Ad
571 1473 643 1508 quod
670 1472 801 1504 dicimus,
821 1472 885 1506 quia
906 1471 1030 1498 resistere
1050 1470 1119 1497 malo
1145 1473 1170 1497 et

318 1525 371 1545 non
391 1517 543 1545 consentire
564 1516 701 1543 tentationi
722 1523 773 1542 non
793 1515 901 1542 fecisset
921 1514 958 1541 illi
972 1514 1107 1546 meritum,
1122 1514 1168 1540 etsi

320 1569 372 1588 uon
393 1561 586 1593 consensisset,
611 1560 675 1594 quia
694 1559 759 1586 nibil
781 1559 804 1585 in
826 1566 857 1585 eo
878 1562 949 1591 erat,
969 1557 1042 1592 quod
1062 1557 1094 1584 ad
1117 1564 1170 1584 ma-

319 1605 374 1632 ium
395 1604 561 1638 impelleret,
581 1604 651 1630 sicut
670 1602 791 1637 Angelis,
811 1602 924 1637 quinon
938 1601 1103 1634 ceciderunt,
1119 1608 1169 1627 non

319 1648 369 1675 fuit
387 1647 528 1678 meritum,
557 1646 628 1681 quod
655 1649 800 1677 steterunt,
822 1645 847 1672 id
866 1648 920 1678 est,
941 1644 1013 1679 quod
1034 1651 1085 1671 non
1111 1651 1171 1670 cor-

320 1693 441 1718 ruerunt.
461 1690 545 1717 Nobis
564 1693 653 1716 autern
667 1689 792 1715 meritum
807 1691 846 1715 est
859 1687 1020 1723 aliquando,
1035 1687 1056 1714 si
1071 1686 1169 1714 malum

321 1742 373 1761 non
393 1734 522 1765 tacimus,
542 1733 587 1760 sed
608 1733 772 1765 resistimuS,
792 1731 829 1758 ibi
849 1732 1003 1763 (lunitaxat,
1023 1730 1068 1758 ubi
1089 1738 1170 1758 causa

321 1777 429 1810 subest,
450 1784 519 1811 quae
547 1783 595 1803 nos
623 1775 650 1802 id
671 1776 759 1802 tacere
785 1778 890 1802 movet:
911 1775 974 1809 quia
1005 1782 1037 1801 ex
1066 1774 1169 1808 peccati

321 1819 475 1855 corruptela
493 1820 570 1854 proni
591 1823 653 1846 sunt
672 1819 705 1846 ad
726 1818 831 1853 lapsum
850 1825 957 1851 gressus
978 1817 1060 1844 nostri
1076 1817 1093 1843 ⁵.
1119 1816 1169 1844 Ubi

322 1866 411 1890 autem
433 1870 483 1889 non
503 1863 646 1889 intervenit
673 1869 755 1888 causa
775 1868 823 1888 nos
841 1861 875 1888 ad
895 1861 995 1887 malum
1015 1860 1170 1895 impellens,

322 1913 375 1933 non
395 1913 538 1939 meremur,
558 1906 579 1932 si
599 1905 632 1932 ab
654 1913 685 1932 eo
705 1904 879 1931 declinamus.
899 1904 1040 1931 Declinare
1060 1904 1129 1931 enim
1155 1911 1170 1931 a

322 1949 392 1976 maio
421 1956 528 1984 semper
557 1950 621 1976 vitat
640 1956 769 1982 poenam,
789 1947 835 1975 sed
856 1955 906 1974 non
927 1954 1034 1982 semper
1054 1950 1171 1974 meretur

322 1993 449 2028 patrnam.

690 2078 749 2104 cuv.
775 2078 802 2105 11.

439 2165 476 2192 De
496 2163 632 2191 adiutorio
653 2162 760 2190 homini
779 2162 808 2189 in
828 2163 960 2190 creatione
980 2162 1058 2193 (loto,

612 2215 664 2242 (μιο
683 2211 753 2233 stare
770 2210 882 2241 poterat.

394 2294 442 2321 Hic
462 2292 688 2321 considerandum
717 2296 771 2325 est,
790 2292 863 2327 quod
887 2292 967 2319 suerit
987 2292 1051 2319 illud
1071 2292 1173 2318 adiuto-

322 2338 392 2365 rium
423 2336 524 2364 bomini
553 2335 645 2363 datum
674 2336 699 2362 in
728 2335 877 2367 creatione,
906 2342 959 2369 quo
986 2338 1091 2369 poterat
1116 2342 1173 2362 ma-

323 2388 396 2412 nere⁷
412 2380 433 2407 si
449 2379 535 2406 vellet.
549 2378 616 2405 Illud
630 2379 723 2412 utique
740 2378 788 2404 fuit
801 2377 911 2405 libertas
925 2377 1038 2411 arbitrii,
1052 2377 1085 2404 ab
1100 2378 1172 2404 omni

323 2423 384 2451 labe
403 2426 429 2450 et
448 2422 601 2457 corruptela
622 2421 756 2453 immunis,
776 2424 856 2455 atque
877 2420 1020 2448 voluntatis
1039 2420 1172 2447 rectitudo

324 2469 350 2493 et
369 2466 488 2493 omnium
517 2463 680 2493 naturalium
706 2464 886 2499 potentiarum
908 2464 1014 2491 animae
1032 2464 1172 2490 sinceritas

324 2508 405 2543 atque
424 2508 562 2535 vivacitas.
621 2503 627 2509 ⁴

389 2757 395 2772 ¹
416 2757 470 2786 Cap.
492 2758 525 2779 ll.
543 2763 564 2780 n.
583 2757 619 2780 32.
637 2769 668 2774 —
686 2757 741 2780 ibid.
760 2759 828 2780 etiam
846 2758 888 2780 loci
906 2764 970 2787 set-iq.

388 2796 398 2811 2
416 2797 466 2819 Vot.
484 2797 531 2819 sola
548 2797 612 2819 addit
628 2796 671 2826 qui
685 2796 782 2825 fecerat.

388 2834 398 2850 ³
415 2835 478 2863 Quae
491 2836 633 2864 praecedunt
644 2838 719 2858 sumtu
731 2840 784 2859 sunt
796 2842 822 2858 cx
836 2836 944 2864 Hugone,
958 2836 1019 2858 Sent.
1035 2839 1060 2858 tr.
1075 2836 1105 2858 lll.
1118 2841 1137 2858 c.
1150 2835 1172 2858 7.

388 2873 397 2888 ⁴
414 2874 465 2897 Vat.
483 2878 505 2896 et
521 2874 606 2896 multae
623 2874 676 2897 cdd.
695 2874 826 2903 praefigunt
847 2874 886 2903 in,
906 2874 1077 2903 refragantibus
1102 2874 1170 2896 codd.

327 2914 348 2934 et
364 2912 416 2934 edd.
438 2913 461 2941 t,
481 2913 501 2935 ὃ.

388 2951 398 2966 5
415 2952 542 2980 Respicitur
559 2953 614 2975 Gen.
632 2953 653 2980 S,
670 2953 706 2975 Qt.
718 2953 827 2975 —Finito
846 2954 889 2976 hoe
906 2954 1013 2982 capitulo,
1032 2954 1052 2976 in
1071 2952 1139 2976 codd.
1152 2953 1171 2974 D

327 2994 349 3013 et
366 2990 409 3012 Eri.
428 2991 506 3018 incipit
524 2991 544 3013 d.
563 2991 644 3013 XXIV*

998 186 1250 216 SENTENTIARUM
1273 186 1331 215 ttB.
1355 186 1383 214 ll.

1588 263 1649 290 CAP.
1669 263 1708 290 111.

1504 335 1541 361 De
1562 333 1645 361 libero
1665 333 1788 362 arbitrio.

1297 401 1422 427 Liberum
1438 408 1501 427 vero
1515 400 1656 427 arbitrium
1671 404 1711 427 est
1723 400 1835 427 facultas
1855 400 1967 427 rationis
1986 403 2012 426 et
2032 407 2074 427 vo-

1224 443 1349 477 iuntatis,
1368 450 1421 478 qua
1441 443 1541 470 honum
1556 443 1676 478 eligitur,
1690 443 1776 476 gratia
1790 443 1945 475 assistente,
1967 443 2007 470 vel
2021 450 2076 470 ma-

1225 487 1289 518 lum,
1300 486 1394 513 eadem
1414 486 1566 513 desistente.
1579 486 1612 512 Et
1625 486 1724 513 dicitur
1745 485 1861 512 libertem
1884 489 2015 520 quantum
2041 487 2075 513 ad

1224 530 1401 560 voluntatem,
1415 537 1485 564 quae
1498 529 1531 556 ad
1552 529 1709 556 utrumlibet
1724 528 1793 556 [lecti
1807 532 1912 564 potest3
1926 528 2075 556 arbitrium

1226 581 1289 600 vero
1309 576 1440 607 quantum
1459 572 1493 599 ad
1511 571 1657 603 rationem,
1681 572 1759 599 cuius
1778 575 1818 598 cst
1837 571 1949 599 facultas
1970 571 2011 598 vel
2032 580 2075 606 po-

1227 616 1307 642 tentia
1328 615 1387 648 illa,
1406 615 1484 642 cuius
1503 615 1583 642 etiam
1603 618 1642 641 est
1663 614 1816 641 discernere
1836 615 1904 640 inter
1930 614 2030 644 bonum
2050 617 2076 641 et

1226 658 1340 691 malum3
1355 662 1379 685 et
1393 658 1538 693 aliquando
1553 657 1662 692 quidem
1672 678 1678 689 ,
1691 657 1881 684 discretionem
1896 657 1999 683 habens
2012 657 2076 684 boni

1226 706 1252 729 et
1272 702 1349 734 mali,
1370 702 1442 737 quod
1462 701 1562 728 malum
1583 704 1623 728 est
1642 701 1728 736 eligit,
1754 700 1899 735 aliquando
1920 707 1983 727 vero
2003 701 2076 735 quod

1226 747 1325 774 bonum
1341 749 1387 772 est.
1401 745 1453 772 Sed
1467 745 1540 779 quod
1559 744 1658 771 bonum
1679 747 1726 775 est,
1741 744 1789 770 nisi
1804 744 1889 777 gratia
1909 743 2009 777 adiuta,
2023 751 2076 770 non

1226 789 1313 824 eligit,
1342 788 1442 814 malum
1472 795 1535 814 vcro
1561 794 1610 821 per
1628 794 1657 813 se
1678 786 1758 820 eligit.
1779 786 1914 813 Estenim
1935 787 1961 812 in
1988 786 2076 813 anima

1227 831 1348 858 rationali
1366 831 1488 857 voluntas
1502 830 1646 861 naturalis,
1659 837 1711 864 qua
1727 829 1884 856 naturaliter
1897 829 1954 856 vult
1967 829 2075 861 bonum,

1226 874 1289 901 licet
1309 874 1425 900 tenuiter
1444 877 1470 900 et
1489 873 1609 906 exiliter,
1629 873 1679 900 nisi
1699 873 1784 907 gratia
1805 873 1894 904 iuvet,
1914 879 1984 907 quae
1998 872 2076 899 adve-

1227 918 1302 944 niens
1323 918 1395 944 iuvat
1415 924 1472 944 eam
1506 921 1531 943 et
1551 917 1642 949 erig-it,
1663 919 1692 943 ut
1719 916 1865 943 efficaciter
1885 915 1948 942 velit
1967 915 2075 943 bonum.

1227 960 1276 987 Per
1295 968 1323 986 se
1343 963 1432 987 autem
1452 963 1541 994 potest
1561 959 1628 986 velle
1648 959 1747 996 malurn
1769 959 1922 986 efficaciter.
1936 958 1981 985 Ina
1996 959 2078 992 igitur

1227 1003 1365 1030 rationalis
1384 1003 1489 1029 animae
1511 1002 1644 1037 potentia,
1664 1010 1717 1037 qua
1737 1003 1837 1029 bonum
1858 1002 1897 1029 vel
1919 1002 2019 1029 malum
2032 1009 2077 1036 po-

1226 1049 1278 1072 test
1309 1045 1391 1077 velle,
1420 1049 1565 1079 utrumque
1595 1045 1764 1077 discernens,
1792 1045 1905 1071 liberum
1936 1045 2076 1072 arbitrium

1226 1092 1410 1123 mmcupatur;
1430 1088 1502 1123 quod
1523 1088 1600 1115 bruta
1622 1087 1747 1115 animalia
1765 1095 1816 1114 non
1831 1087 1942 1122 babent,
1962 1089 2024 1123 quia
2039 1096 2078 1115 ra·
2108 1113 2111 1116 .

1228 1132 1298 1159 tione
1319 1135 1424 1164 carent,
1445 1131 1544 1158 babent
1564 1135 1650 1158 tamen
1677 1139 1783 1158 sensum
1805 1135 1830 1158 et
1851 1131 1998 1166 appetitum
2019 1139 2079 1158 sen—

1227 1174 1359 1202 sualitatis
1371 1174 1388 1201 ὃ,

1589 1245 1650 1272 CAP.
1674 1246 1715 1272 tv.

1531 1317 1569 1343 De
1588 1316 1770 1344 sensualitate.

1299 1384 1343 1410 Est
1364 1385 1434 1410 enim
1455 1384 1617 1411 sensualitas
1636 1384 1769 1419 quaedam
1785 1385 1824 1411 vis
1838 1385 1943 1412 animae
1957 1383 2078 1417 interior,

1227 1434 1260 1454 ex
1280 1435 1333 1462 qua
1354 1430 1394 1453 est
1414 1431 1510 1459 ιιιοῑιιε,
1530 1428 1575 1462 qui
1602 1427 1749 1454 intenditur
1769 1428 1795 1454 in
1815 1427 1958 1462 corporis⁷
1984 1434 2079 1454 sensus

1227 1474 1309 1505 atque
1327 1470 1464 1505 appetitus
1483 1477 1573 1497 rerum
1594 1470 1627 1498 ad
1647 1478 1746 1505 corpus
1775 1471 1984 1505 pertinentium5
2008 1469 2078 1497 ratio

1228 1521 1291 1540 vero
1322 1513 1361 1540 vis
1386 1514 1492 1540 animae
1516 1517 1555 1540 est
1573 1514 1711 1548 superior,
1732 1521 1814 1548 quae,
1834 1517 1864 1541 ut
1882 1514 1919 1541 ita
1939 1513 2079 1546 dicamus,

1228 1557 1295 1584 duas
1315 1556 1396 1583 babet
1415 1560 1506 1591 partes
1525 1557 1567 1584 vel
1588 1556 1766 1589 differentias,
1785 1555 1954 1592 superiorem
1975 1560 1999 1583 et
2015 1555 2080 1592 infe-

1227 1599 1337 1626 riorem.
1366 1599 1518 1626 Secundum
1548 1599 1716 1635 superiorem
1736 1600 1860 1634 supernis
1879 1599 2079 1635 conspiciendis

1229 1643 1270 1670 vel
1290 1643 1462 1670 consulendis
1483 1643 1609 1676 intendit,
1629 1644 1777 1671 secundum
1797 1643 1955 1678 inferiorem
1969 1643 2002 1670 ad
2017 1647 2079 1670 tcm-

1227 1687 1360 1722 poralium
1390 1686 1594 1721 dispositionem
1622 1687 1754 1722 prospicit
1769 1686 1787 1714 ⁸.
1807 1686 1941 1721 Quidquid
1962 1693 2025 1720 ergo
2052 1687 2077 1713 in

1228 1731 1317 1758 anima
1336 1734 1426 1757 nostra
1446 1730 1523 1757 nobis
1543 1730 1778 1757 considerantibus
1798 1730 1925 1762 occurrit,
1939 1729 2010 1764 quod
2026 1737 2078 1756 nou

1228 1775 1262 1801 sit
1281 1780 1424 1800 commune
1443 1780 1504 1799 cum
1524 1773 1632 1806 bestiis,
1652 1773 1685 1800 ad
1706 1772 1840 1800 rationem
1859 1773 1982 1808 pertinet.
2002 1772 2079 1805 Quod

1228 1820 1317 1844 autem
1338 1817 1362 1843 in
1383 1823 1414 1843 ea
1435 1816 1537 1850 reperis
1556 1823 1699 1843 commune
1718 1823 1781 1843 cum
1801 1816 1910 1848 belluis,
1925 1815 1958 1842 ad
1972 1823 2078 1843 sensua-

1229 1859 1330 1887 litatem
1358 1860 1481 1894 pertinet.
1510 1860 1542 1886 Et
1567 1860 1612 1887 ubi
1634 1860 1710 1886 nobis
1730 1859 1861 1893 gradatim
1882 1860 1908 1886 in
1928 1859 2080 1886 conside-ra-

1227 1905 1300 1931 tione
1318 1904 1436 1938 partium
1456 1904 1561 1930 animae
1580 1903 1814 1938 progredientibus
1838 1903 1956 1937 primum
1976 1902 2078 1937 aliquid

1228 1947 1361 1979 occurrit,
1382 1946 1454 1981 quod
1475 1953 1526 1973 non
1547 1950 1586 1973 est
1605 1953 1747 1973 commune
1773 1953 1834 1973 cum
1856 1945 1962 1979 bestiis,
1983 1945 2018 1972 ibi
2040 1947 2080 1972 in-

1228 1990 1294 2025 cipit
1313 1989 1392 2016 ratio.
1412 1990 1469 2016 Hoc
1488 1993 1577 2016 autem
1597 1989 1761 2023 Augustinus
1780 1989 1859 2016 docet
1879 1990 1904 2015 in
1924 1989 1993 2017 libro
2013 1989 2080 2016 duo-

1228 2033 1334 2060 decimo
1354 2033 1387 2059 de
1406 2032 1555 2059 Trinitate⁹
1585 2033 1620 2059 ita
1640 2032 1749 2059 dicens:
1775 2043 1785 2055 «
1799 2032 1959 2065 Videamus,
1980 2032 2024 2059 ubi
2045 2032 2079 2058 sit

1228 2077 1305 2111 quasi
1326 2075 1462 2110 quoddam
1491 2076 1606 2102 bominis
1626 2074 1768 2102 eoeterz'orz's
1787 2075 1978 2111 interiorisque
1997 2076 2080 2102 conti-

1228 2119 1311 2146 nium.
1331 2118 1464 2153 Quidquid
1485 2119 1556 2145 enim
1570 2115 1702 2145 habemus
1716 2119 1741 2145 in
1757 2119 1845 2145 auimo
1860 2125 2002 2154 commupe
2015 2126 2077 2146 cum

1229 2169 1343 2196 pecore,
1372 2165 1444 2188 recte
1472 2161 1571 2188 dicitur
1598 2161 1630 2188 ad
1659 2160 1819 2188 exteriorem
1842 2161 1980 2188 hominem
1999 2163 2079 2197 perti-

1229 2212 1300 2232 nere.
1329 2204 1387 2231 Non
1414 2205 1484 2231 enim
1504 2204 1590 2231 solum
1611 2211 1711 2239 corpus
1730 2204 1809 2231 homo
1828 2203 1945 2230 sincerior
1968 2203 2079 2239 deputa-

1229 2248 1315 2280 bitur,
1335 2247 1381 2274 sed
1411 2247 1537 2274 adiuncta
1566 2247 1683 2282 quadam
1703 2248 1755 2274 vita
1776 2255 1839 2280 sua,
1859 2255 1913 2282 qua
1933 2255 2078 2283 compages

1229 2291 1351 2326 corporis
1371 2293 1397 2317 et
1416 2297 1508 2317 omnes
1528 2298 1621 2317 sensus
1642 2291 1744 2324 vigent,
1764 2290 1864 2325 quibus
1878 2291 2024 2318 instructus
2038 2294 2078 2318 cst

1230 2334 1263 2361 ad
1284 2334 1418 2361 exteriora
1437 2333 1613 2360 sentienda».
1645 2345 1655 2357 «
1669 2333 1882 2360 ascendentibus
1901 2341 1964 2368 ergo
1985 2334 2079 2361 intror-

1229 2384 1289 2404 sum
1310 2376 1471 2412 quibusdam
1500 2376 1629 2410 gradibus
1657 2376 1880 2404 considerationis
1898 2384 1947 2411 per
1973 2377 2079 2406 animae

1230 2424 1334 2456 partes,
1355 2420 1400 2447 ubi
1423 2420 1516 2454 incipit
1536 2419 1638 2454 aliquid
1658 2427 1810 2452 occurrere,
1830 2420 1901 2454 quod
1924 2420 2000 2447 nobis
2024 2429 2077 2448 non

1230 2464 1264 2492 sit
1283 2471 1425 2491 commune
1444 2471 1506 2491 cum
1526 2463 1632 2496 bestiis,
1658 2463 1693 2490 ibi
1715 2464 1809 2498 incipit
1827 2463 1912 2495 ratio,
1932 2463 1977 2491 ubi
1998 2464 2079 2491 homo

1230 2507 1345 2535 interior
1366 2508 1417 2534 iam
1438 2507 1522 2542 possit
1542 2507 1648 2541 agnosci
1662 2507 1690 2533 ¹⁰.

1292 2758 1301 2772 ⁶
1318 2758 1379 2780 llaec
1395 2759 1449 2781 item
1467 2761 1573 2786 excerpta
1591 2760 1644 2781 sunt
1660 2763 1687 2780 ex
1705 2757 1815 2786 Hugone,
1834 2758 1875 2780 loc.
1894 2758 1930 2780 cit.

1291 2797 1301 2811 ⁷
1318 2796 1389 2820 Codd.
1407 2796 1476 2820 BCE
1501 2800 1523 2820 et
1547 2796 1584 2819 ed.
1603 2797 1616 2819 6
1634 2796 1744 2820 adiiciunt
1768 2795 1900 2820 exterioris.
1918 2809 1948 2811 —
1966 2797 1983 2818 Α
2001 2795 2075 2819 verbo

1228 2835 1290 2859 ratio
1308 2837 1419 2864 incipiunt
1435 2840 1541 2865 excerpta
1558 2842 1585 2858 ex
1597 2836 1706 2864 Hugcne,
1719 2836 1733 2859 l.
1746 2835 1775 2858 de
1787 2836 1888 2858 Sacram.
1900 2841 1922 2863 p.
1936 2835 1992 2858 VIII.
2006 2841 2024 2858 c.
2039 2835 2075 2857 113.

1292 2874 1301 2889 ⁸
1319 2875 1368 2898 Vat.
1386 2878 1408 2897 et
1424 2875 1477 2898 edd.
1496 2875 1519 2904 4,
1539 2875 1551 2897 8
1570 2874 1690 2904 conspicit.
1710 2875 1832 2904 Aliquanto
1848 2875 1942 2897 inferius
1960 2874 2011 2897 Vat.
2026 2880 2078 2897 cum

1229 2913 1335 2941 pluribus
1353 2913 1405 2936 edd.
1423 2913 1526 2943 reperies
1544 2919 1586 2942 pro
1603 2912 1702 2943 reperis.

1291 2952 1300 2967 0
1319 2952 1372 2981 Cap.
1391 2954 1406 2975 1.
1424 2959 1446 2976 n.
1466 2954 1491 2981 *¹3
1509 2959 1557 2982 seq,
1576 2954 1641 2976 loeus
1659 2953 1715 2976 ibid.
1734 2959 1752 2976 c.
1771 2954 1792 2975 8.
1812 2959 1832 2975 n.
1854 2953 1888 2975 13.

1293 2991 1312 3006 Ν
1330 2992 1384 3014 Cod.
1404 2992 1421 3014 D
1439 2992 1554 3022 cognosci.

2088 405 2171 424 Dubium
2185 404 2206 422 3-

2092 1556 2147 1574 Ratio
2166 1560 2222 1579 supe-1

2092 1579 2131 1606 rior
2144 1581 2163 1598 ct
2175 1579 2222 1598 infffl

2093 1608 2138 1622 rior.

2098 1995 2221 2019 Augustinus.
