2243 3425
27 1232 56 1251 Ad
71 1233 145 1256 opposi-

761 198 842 226 DtsT.
865 198 938 226 XLII.
960 198 1032 226 ART.
1054 197 1094 225 ttt.
1118 197 1253 233 QUAEST.
1276 196 1305 224 11.
1856 196 1912 225 973

155 280 215 301 tione
232 279 300 302 actus
316 277 437 301 substrati.
457 278 532 300 Primo
551 277 633 305 modo,
652 283 705 299 cum
723 277 755 299 sie
777 283 820 299 non
839 277 867 299 sit
879 277 900 298 in
918 282 1004 305 genere

154 324 197 347 per
213 323 252 345 se,
273 317 313 340 sed
329 323 373 346 per
389 316 513 345 accidens,
533 316 556 339 id
573 319 607 338 est
624 322 666 344 per
684 315 787 338 habitum
800 316 933 343 oppositum
954 316 1004 338 sive

156 364 197 384 pet·
214 357 385 384 reductionem,
404 362 448 378 non
467 358 541 384 potest
559 356 652 383 proprie
671 361 712 383 pet·
729 355 818 383 species
835 354 944 382 distingui
963 361 1005 382 per

155 402 192 424 se,
210 396 251 418 sed
270 399 355 418 tantum
375 402 416 423 per
441 395 530 423 species
555 394 675 417 habituum
701 395 870 422 oppositorum.
897 393 1004 415 secundo

156 438 231 458 autem
251 435 333 462 modo,
351 436 409 457 sicut
434 438 468 456 est
493 435 514 456 in
541 440 626 462 genere
642 439 686 463 per
701 439 733 461 se,
753 434 785 455 sic
803 436 877 461 potest
894 433 1004 461 distingui

157 481 197 502 por
215 475 353 497 differentias
371 474 492 502 formales,
505 473 590 496 scilicet
602 479 643 501 per
656 473 852 500 comparationem
865 472 895 494 ad
906 472 1003 500 obiecta,

155 514 283 536 secuudum
302 520 361 542 quae
379 517 443 535 actus
466 512 590 534 formaliter
616 511 796 540 distinguuntur.
821 512 902 533 Scotus
927 514 1003 533 autem

156 553 190 581 (tl.
209 554 270 575 Sent.
288 553 310 575 (1.
329 553 365 575 37.
385 559 406 581 q.
430 553 446 574 1.
465 558 485 574 11.
505 553 535 580 9.)
553 552 615 579 vult,
641 551 703 580 quod
722 554 815 578 peccata
833 550 1005 578 distinguantur

154 591 289 621 scrutanter
308 598 351 614 non
371 597 413 619 pro
430 590 537 619 specifica
555 590 689 613 diversitate
706 589 858 616 obiectorum,
877 589 917 611 scd
931 590 1005 617 magis

157 637 198 659 pro
216 631 323 659 specifica
341 630 476 654 dit-ersitute
493 629 671 657 rectitudinum,
692 635 751 658 quae
769 628 859 651 actibus
876 629 950 650 inesse
968 628 1005 650 de-

156 670 242 692 berem.

1123 276 1184 298 Alex.
1203 275 1264 303 llal.,
1290 276 1312 297 S.
1339 282 1361 303 p.
1381 275 1403 297 ll.
1422 281 1443 304 q.
1467 275 1515 297 116.
1534 281 1564 296 m.
1584 274 1604 296 4.
1622 286 1652 290 -
1670 274 1743 301 Scot.⁷
1767 274 1809 296 loc.
1828 275 1864 296 cit.
1882 286 1913 290 —

1061 314 1082 336 S.
1102 315 1197 342 Tlinm.⁷
1216 315 1252 336 liic
1269 320 1291 343 q.
1310 315 1330 336 2.
1349 320 1368 336 a.
1388 315 1408 335 2.
1427 314 1455 336 ad
1478 315 1482 336 1
1498 321 1502 341 ;
1521 314 1543 336 S.
1562 314 1576 335 l.
1594 314 1618 336 11.
1636 320 1658 342 q.
1676 313 1713 335 72.
1732 319 1751 334 a.
1775 313 1792 334 1.
1811 326 1841 328 -
1854 313 1912 335 Petr.

1061 360 1073 376 a
1092 354 1158 381 Τῑιν.Υ
1177 354 1213 376 liic
1230 359 1251 382 q.
1270 353 1291 375 3.
1309 360 1329 375 a.
1352 354 1369 375 1.
1387 366 1417 369 -
1434 353 1541 375 Richard.
1559 359 1570 375 a
1589 353 1659 381 Med„
1677 359 1696 375 a.
1716 352 1736 374 lt.
1754 359 1776 381 q.
1797 353 1817 375 1.

1126 393 1148 414 11.
1167 393 1198 415 De
1215 399 1263 421 seq.
1282 393 1323 421 (2.)
1341 393 1476 422 quaestione
1494 393 1561 420 pauci
1579 393 1666 421 antiqui
1684 393 1789 420 explicite
1809 394 1912 415 tractant.

1062 432 1088 454 Ili
1107 438 1160 454 cum
1178 433 1199 454 S.
1218 432 1304 454 Bonav.
1321 435 1417 455 utuntur
1433 431 1577 454 distinctione
1595 432 1652 454 iutcr
1679 434 1767 453 motum
1785 433 1913 454 aversionis

1062 471 1202 500 specialem,
1222 472 1261 500 qui
1279 471 1378 499 speciale
1401 475 1521 499 peccatum
1549 470 1596 493 odii
1621 471 1749 497 constituit,
1776 475 1797 493 et
1823 474 1911 493 motum

1062 511 1203 538 aversionis,
1222 511 1261 539 qui
1279 509 1422 539 φησι-[ΠΜ]-
1439 511 1460 532 in
1479 511 1541 532 omni
1560 510 1620 532 malo
1633 514 1683 532 actu
1705 510 1864 532 conversionis
1883 509 1913 532 ad

1063 552 1191 572 creaturam
1215 549 1345 577 implicatur
1362 553 1384 572 et
1405 555 1458 571 cum
1477 550 1526 577 ipso
1552 555 1624 571 unum
1643 552 1763 577 peccatum
1790 549 1912 571 constituit.

1062 601 1092 604 —
1109 589 1131 610 S.
1150 589 1232 610 Tliom.
1256 594 1304 610 rem
1331 589 1402 616 tangit
1419 589 1441 610 S.
1460 589 1473 610 Ι.
1493 588 1516 610 ll.
1535 595 1556 616 q.
1576 588 1612 610 87.
1630 595 1649 610 a.
1670 588 1689 610 l..
1708 590 1729 610 et
1747 589 1841 616 passim.
1859 588 1913 616 Spe-

1063 628 1148 650 cialiter
1166 627 1194 649 de
1212 634 1237 649 ea
1256 627 1389 655 disputant:
1416 628 1473 650 Petr.
1500 634 1511 649 a
1538 628 1603 655 Tar.y
1623 628 1658 650 liic
1677 634 1698 656 q.
1718 628 1738 650 2.
1756 634 1775 650 a.
1795 627 1820 655 3,
1838 630 1861 650 et
1878 627 1913 649 Ri-

1063 666 1142 689 clmrd.
1160 673 1171 688 a
1190 666 1262 694 Med..
1280 667 1316 689 hic
1334 673 1353 688 a.
1372 666 1392 688 3.
1412 673 1434 695 q.
1456 667 1473 688 l.

926 757 1091 795 Quiesrto
1114 757 1142 785 11.

412 847 516 875 Utrum
535 850 688 883 peecatum
711 844 816 874 lzabeca
837 845 932 873 camai
951 853 1002 881 per
1024 844 1206 872 aversionem
1227 847 1253 872 et
1274 843 1490 872 conversionem
1513 847 1655 882 tanquam

717 905 771 934 per
794 897 928 925 diversas
946 899 1136 933 peeoatormn
1158 894 1347 933 differentias.

235 985 362 1015 Secundo
384 985 539 1022 quaeritur,
561 987 658 1013 utrum
681 987 827 1021 peccatum
850 983 950 1012 habeat
965 983 1004 1011 di-

156 1032 213 1061 vidi
235 1040 285 1070 per
306 1032 479 1061 aversionem
503 1035 529 1060 et
551 1031 761 1060 conversionem
788 1034 920 1067 tanquam
953 1037 1003 1066 per

156 1080 282 1108 diversas
304 1083 481 1116 peccatorum
498 1078 668 1107 differentias
683 1078 741 1107 sive
756 1078 867 1106 diversa
882 1081 1003 1114 peccata.

159 1127 189 1155 Et
210 1126 284 1164 quod
307 1126 354 1160 sic,
376 1126 497 1154 videtur.

239 1174 262 1201 1.
285 1173 417 1201 Ieremiae
432 1172 555 1201 secundo
568 1173 586 1200 ¹:
612 1172 674 1200 Duo
690 1171 770 1200 mala
790 1170 860 1208 feeit
878 1170 1005 1208 popalus

158 1230 257 1249 meas:
280 1229 323 1249 me
338 1220 572 1258 dereliquerant,
595 1218 703 1256 fontem
726 1227 821 1257 aquae
843 1219 920 1247 'uitae
941 1221 1004 1247 etc.:

157 1277 224 1306 ergo
252 1268 450 1306 derelinquere
480 1267 572 1296 Deam
603 1271 630 1296 et
661 1265 823 1295 adhaerere
849 1269 1007 1294 creaturae

158 1319 224 1344 sunt
246 1316 302 1344 duo
326 1315 410 1350 mala,
433 1323 499 1352 ergo
521 1318 587 1343 sunt
608 1314 665 1343 duo
688 1317 807 1351 peccata.

238 1364 264 1391 ²2.
288 1363 369 1398 ltem,
385 1363 495 1392 aversio
509 1366 551 1391 est
566 1370 616 1399 per
631 1365 841 1398 contemptam,
862 1360 1007 1389 conversio

159 1414 252 1439 autem
276 1418 326 1447 per
355 1409 562 1446 cupiditatem:
586 1409 608 1437 si
630 1417 696 1446 ergo
725 1408 874 1445 cupiditas
896 1411 923 1436 et
946 1416 1009 1435 con-

161 1461 284 1494 temptas
306 1460 372 1485 sunt
393 1456 522 1485 diversa²
538 1459 716 1493 peccatorum
740 1463 857 1492 genera,
881 1454 1008 1488 videtur,

159 1504 235 1541 quod
256 1505 365 1532 aversio
387 1507 414 1532 et
435 1503 580 1532 conversio
602 1502 684 1531 faciat
706 1505 817 1539 peccata
840 1501 959 1529 diversa.

239 1551 264 1579 3.
287 1551 370 1585 Item⁷
392 1549 420 1578 in
443 1550 523 1578 bonis
544 1550 583 1578 sic
605 1553 662 1583 est,
684 1549 759 1586 quod
782 1548 854 1577 alius
875 1551 917 1576 est
931 1547 1010 1576 liabi-

160 1603 220 1632 tas,
243 1607 298 1636 quo
319 1599 382 1635 quis
413 1598 534 1626 declinat
565 1605 581 1625 a
603 1597 685 1631 malo,
705 1601 732 1625 et
753 1596 841 1630 alius,
868 1604 923 1633 quo
945 1595 1010 1623 facit

163 1647 282 1679 boatum
304 1646 432 1675 similiter
458 1648 485 1674 et
506 1645 578 1673 alius
605 1648 710 1678 actas,
733 1644 805 1673 sicut
827 1646 902 1680 patet
931 1643 957 1671 in
981 1643 1010 1670 ti-

163 1702 239 1723 more
261 1697 288 1722 et
309 1701 418 1721 amore:
442 1700 509 1729 ergo
530 1692 552 1721 si
583 1692 671 1720 multo
701 1691 789 1720 maior
811 1694 853 1720 est
875 1690 1011 1719 diversifi-

159 1741 230 1771 catio
252 1749 288 1769 ex
311 1744 390 1778 parte
412 1739 552 1768 malorum
584 1747 669 1775 quam
692 1747 726 1768 ex
749 1742 828 1776 parte
855 1738 1010 1772 bonorum;

163 1788 250 1817 multo
272 1788 370 1816 fortius
393 1787 520 1821 videtur,
543 1786 619 1823 quod
634 1786 712 1815 aliud
728 1786 762 1815 sit
777 1789 939 1823 peccatum,
955 1794 1011 1822 quo

160 1837 224 1873 quis
246 1835 383 1864 avertitur
405 1843 421 1863 a
442 1834 514 1867 Deo.
536 1837 563 1862 et
584 1833 677 1868 aliud,
700 1842 755 1870 quo
780 1833 954 1862 convertitur
975 1833 1010 1861 ad

162 1882 361 1912 commutabile
382 1882 496 1910 bonum.

240 1930 266 1958 [ι.
290 1929 371 1963 Item.
394 1928 471 1957 aliud
505 1932 546 1957 est
571 1931 768 1965 praeceptum,
801 1935 856 1964 quo
880 1927 1013 1964 praecipi-

163 1982 208 2006 tur
230 1977 321 2005 facere
344 1976 464 2010 bonum,
487 1979 514 2004 et
535 1975 643 2009 31111113,
667 1983 722 2012 quo
744 1974 916 2011 praecipitur
932 1974 1013 2003 decli-

163 2033 228 2053 nare
251 2033 266 2053 a
289 2024 377 2058 malo;
401 2023 449 2052 sed
478 2024 587 2052 aversio
616 2026 658 2052 est
679 2025 775 2051 contra
805 2021 872 2050 illud
904 2029 1013 2058 praece-

163 2075 257 2109 ptum,
280 2079 334 2108 quo
357 2071 420 2107 quis
452 2070 623 2107 praecipitur
655 2069 745 2098 facere
768 2068 888 2102 bonum,
917 2071 1013 2104 utpote

164 2119 220 2148 Deo
241 2119 396 2147 adhaerere
418 2121 444 2146 et
466 2118 502 2146 ad
525 2118 615 2154 ipsum
632 2117 770 2150 converti3
786 2116 931 2145 conversio
946 2124 1013 2144 vero

160 2170 203 2195 est
225 2170 321 2194 contra
344 2165 413 2194 illud
437 2168 634 2202 praeceptum,
657 2172 713 2201 quo
739 2163 910 2200 praecipitur
933 2162 1014 2191 decli-

165 2221 232 2242 nare
253 2221 268 2241 a
290 2213 374 2241 malo:
397 2220 464 2249 ergo
493 2213 514 2240 si
545 2212 657 2240 diversa
679 2214 745 2239 sunt
767 2213 932 2248 praecepta,
955 2209 1014 2246 qui-

167 2261 218 2289 bus
239 2263 419 2297 opponuntur
442 2259 587 2288 conversio
608 2263 635 2287 et
656 2259 778 2292 aversio,
800 2265 867 2294 ergo
890 2260 955 2285 sunt
977 2256 1015 2285 di-

166 2316 248 2337 versa
269 2311 390 2344 peccata.

246 2356 270 2383 3.
295 2355 374 2388 [tem.
397 2354 461 2391 plus
483 2354 612 2382 convenit
640 2352 749 2381 aversio
772 2360 835 2380 cuni
865 2351 919 2379 alia
940 2359 1017 2379 aver-

165 2403 258 2436 sione,
280 2409 363 2438 quam
391 2401 501 2429 aversio
523 2408 587 2429 cum
617 2399 815 2432 conversione3
837 2398 885 2426 sed
907 2397 1016 2426 aversio

163 2457 228 2478 cum
264 2449 319 2477 alia
346 2448 492 2477 aversione
520 2447 584 2476 facit
602 2447 610 2461 ⁴
640 2447 752 2475 diversa
784 2448 912 2482 peccata:
950 2452 1016 2480 ergo

230 2571 237 2585 1
256 2571 320 2592 Vei-s.
345 2571 378 2592 13.
397 2582 427 2585 —
444 2570 492 2592 Mox
511 2570 587 2597 primo
604 2574 661 2598 erqo
681 2568 729 2590 Vat.
748 2572 769 2590 et
786 2568 839 2590 edd.
859 2568 884 2593 3,
904 2567 915 2589 4
934 2566 1017 2595 praeti—

166 2613 224 2638 gunt
240 2609 267 2633 si.

228 2649 237 2663 ²
254 2649 309 2671 Cod.
329 2649 345 2671 Κ
365 2648 412 2671 duo
430 2648 531 2671 diversa.
550 2647 635 2670 Deinde
654 2653 696 2675 pro
708 2646 781 2675 faciut
795 2646 843 2668 vat
857 2649 934 2668 contra
948 2645 1015 2667 codd.

166 2692 189 2711 et
207 2689 292 2716 prImas
310 2687 362 2710 edd.
380 2687 476 2716 faciunt.

228 2727 238 2742 3
255 2727 311 2750 Cod.
330 2727 347 2748 T
367 2728 402 2749 liic
420 2727 501 2754 repetit
519 2727 552 2749 est
568 2727 727 2755 praeceptum.

230 2766 238 2781 ⁴
258 2767 318 2789 Multi
337 2767 405 2789 codd.
423 2772 476 2789 cum
494 2766 546 2788 edd.
570 2766 592 2794 l,
611 2766 636 2793 ⁴2,
656 2766 668 2787 3
685 2764 792 2794 faciunt,
813 2767 834 2786 et
852 2770 904 2786 mox
923 2769 964 2791 pro
981 2762 1017 2791 fa-

168 2806 210 2829 ct'e!
227 2806 294 2828 codd.
314 2806 360 2828 ΚΖ
379 2805 409 2827 bl]
426 2804 520 2834 sacient.

232 2845 241 2859 ⁵
259 2844 322 2866 Vei-s.
347 2844 378 2866 15.
398 2856 427 2859 —
446 2844 524 2866 Glossa
543 2846 576 2865 est
593 2842 719 2865 ordinaria
736 2845 758 2865 et
775 2842 872 2864 liabetur
885 2841 948 2869 apud
960 2842 1018 2863 Stra·

171 2885 226 2907 bum
244 2887 266 2905 et
283 2884 406 2911 Lyranum.

231 2923 240 2937 ὅ
259 2923 289 2945 De
309 2923 350 2944 nac
376 2922 507 2944 definitione
532 2922 572 2943 cfr.
595 2927 665 2948 supra
687 2927 740 2948 pag.
759 2920 816 2947 838,
835 2923 886 2942 nota
905 2920 926 2941 8.
945 2919 1019 2941 Potest

168 2963 237 2985 etiam
256 2962 283 2984 ad
301 2968 351 2983 eant
371 2961 448 2983 refert-i
467 2966 525 2989 quae
551 2967 569 2982 s.
595 2960 679 2982 Doctor
703 2960 724 2981 in
744 2959 793 2981 libr.
814 2960 826 2981 1.
846 2963 923 2981 contra
942 2958 1018 2980 lulian.

171 3002 283 3029 Pelagian.
302 3007 320 3022 c.
340 3000 360 3022 8.
379 3006 400 3021 n.
419 2999 455 3021 37.
483 2999 565 3021 malam
584 2999 725 3021 voluntatem
743 2997 877 3020 describens
895 2997 963 3025 dicit,
987 2998 1019 3018 ni-

1060 982 1148 1011 multo
1170 981 1269 1011 fortius
1284 982 1430 1011 conversio
1449 990 1512 1011 cum
1536 981 1682 1011 aversione
1701 981 1813 1010 diversa
1832 981 1913 1010 faciet

1061 1031 1181 1065 peccata.

1140 1076 1193 1104 sm>
1214 1083 1342 1105 couraa:
1371 1076 1395 1103 t.
1426 1076 1516 1113 Super
1548 1075 1618 1104 illud
1651 1076 1833 1105 Ecclesiastici
1862 1076 2054 1105 tle-Fundamenta·

1063 1123 1172 1152 cimo⁵:
1196 1123 1318 1151 Initium
1345 1123 1441 1151 omni-5
1468 1123 1584 1160 peceati
1612 1123 1772 1160 superbum
1801 1124 1912 1152 Glossa:

1068 1170 1248 1199 «Caveamus
1270 1170 1431 1207 superbiam
1455 1173 1482 1199 et
1497 1170 1688 1207 cupiditatem,
1704 1179 1757 1199 nou
1781 1174 1914 1208 tanquam

1064 1218 1120 1247 duo
1143 1217 1224 1252 mala,
1247 1217 1296 1246 sed
1318 1226 1417 1252 unum,
1439 1226 1455 1246 a
1477 1226 1533 1255 quo
1555 1218 1648 1246 omnia
1663 1218 1794 1247 oriuntur
1806 1229 1831 1246 »ς
1848 1226 1914 1256 ergo

1064 1266 1086 1295 si
1109 1265 1242 1303 superbia
1267 1265 1331 1294 facit
1359 1265 1470 1299 averti,
1500 1269 1527 1294 et
1548 1265 1688 1303 cupiditas
1710 1266 1856 1300 conoertz]
1878 1266 1915 1294 vi·

1065 1313 1164 1348 detur,
1179 1313 1255 1351 quod
1271 1321 1355 1350 penes
1377 1313 1553 1342 aversionem
1579 1317 1606 1342 et
1627 1313 1838 1342 conversionem
1860 1321 1914 1342 non

1065 1360 1247 1389 attendantur
1269 1360 1325 1389 duo
1348 1363 1472 1396 peccata.
1495 1360 1543 1388 sed
1565 1368 1663 1389 unum.

1145 1409 1171 1435 ᾖ.
1194 1407 1273 1439 item.
1296 1407 1467 1444 Augustinus
1488 1411 1584 1435 contra
1600 1407 1769 1444 Pelagium‘ff:
1798 1408 1917 1437 «Pecca-

1066 1458 1127 1483 tum
1143 1462 1197 1482 non
1213 1457 1254 1483 est
1276 1454 1417 1491 appetitus
1433 1462 1529 1483 rerum
1545 1455 1701 1489 malarum,
1723 1455 1772 1484 sed
1794 1455 1916 1484 desertio

1068 1502 1254 1530 meliorumnz
1277 1509 1344 1538 ergo
1366 1509 1509 1539 nunquam
1526 1502 1672 1530 conversio
1690 1501 1755 1530 facit
1769 1505 1915 1539 peccatum

1067 1549 1252 1585 completum,
1274 1548 1326 1577 nisi
1348 1548 1421 1577 adsit
1448 1548 1566 1577 aversio.
1589 1549 1615 1577 Si
1637 1556 1704 1585 ergo
1726 1549 1835 1578 aversio
1856 1557 1918 1578 con-

1068 1596 1158 1625 currit
1178 1596 1214 1624 ad
1236 1603 1318 1624 omne
1340 1598 1499 1632 peccatum,
1521 1596 1646 1630 videtur,
1668 1596 1744 1633 quod
1773 1604 1857 1633 penes
1888 1596 1918 1624 il-

1068 1643 1123 1671 lam
1146 1650 1199 1671 non
1223 1645 1352 1671 sumatur
1374 1642 1531 1671 differentia
1552 1643 1666 1679 peccati.

1148 1690 1173 1718 3.
1196 1690 1276 1725 Item,
1302 1697 1384 1718 omne
1416 1693 1560 1727 peccatum
1592 1690 1708 1719 mortale
1731 1694 1773 1719 est
1795 1690 1919 1719 volunta-

1069 1738 1159 1772 rium;
1182 1737 1230 1766 sed
1253 1745 1305 1766 non
1329 1741 1370 1766 est
1392 1737 1582 1766 voluntarium
1607 1737 1657 1765 nisi
1679 1737 1784 1766 ratione
1807 1746 1919 1767 conver-

1069 1785 1154 1814 sionis
1176 1784 1211 1813 ad
1234 1784 1433 1813 commutabile
1456 1784 1592 1812 bonum?
1615 1791 1682 1821 ergo
1697 1784 1843 1813 conversio
1858 1792 1919 1813 con—

1069 1832 1158 1861 currit
1179 1832 1214 1861 ad
1237 1839 1319 1860 omne
1334 1835 1495 1868 peccatum:
1512 1839 1578 1868 ergo
1593 1831 1738 1860 conversio
1754 1840 1808 1860 non
1830 1835 1920 1869 potest

1070 1887 1131 1908 esse
1153 1879 1258 1916 peccati
1280 1878 1445 1907 differentia.

1149 1926 1175 1954 lt.
1199 1926 1280 1959 Item.
1303 1933 1432 1954 recessus
1446 1931 1469 1953 'a
1492 1925 1611 1953 termino
1633 1934 1652 1954 a
1671 1934 1727 1963 qao
1749 1929 1776 1954 et
1790 1934 1920 1955 accessus

1070 1973 1105 2001 atl
1129 1973 1279 2001 terminum
1302 1972 1343 2000 ad
1364 1980 1448 2010 quem
1464 1980 1517 2000 non
1534 1972 1598 2001 facit
1613 1972 1739 2001 diversos
1761 1976 1854 2001 motus
1869 1981 1919 2002 nec

1071 2020 1198 2048 diversos
1219 2019 1335 2053 actus&
1364 2019 1412 2048 sed
1443 2019 1552 2048 aversio
1579 2019 1645 2048 dicit
1667 2027 1809 2048 recessum
1833 2028 1849 2048 a
1869 2023 1921 2049 ter-

1073 2068 1148 2096 mino
1170 2076 1189 2095 a
1212 2076 1285 2105 (sato,
1308 2067 1454 2096 conversio
1475 2075 1618 2096 accessum
1648 2067 1683 2095 ad
1707 2067 1858 2096 terminum
1881 2067 1922 2096 ad

1071 2123 1169 2152 quenz.-
1192 2122 1258 2151 ergo
1281 2122 1334 2142 non
1350 2114 1455 2143 faciunt
1470 2114 1615 2143 diversum
1635 2117 1728 2142 actum
1746 2114 1788 2143 vel
1805 2118 1920 2143 motum.

1071 2162 1124 2190 Sed
1147 2162 1181 2189 al]
1204 2162 1310 2190 unitate
1331 2164 1411 2190 actus
1432 2164 1474 2189 est
1496 2164 1640 2198 peccatum
1656 2169 1760 2189 unum:
1784 2169 1850 2198 ergo
1866 2169 1921 2189 non

1072 2208 1177 2237 faciunt
1199 2208 1311 2237 diversa
1332 2211 1454 2245 peccata.

1153 2257 1179 2284 3.
1201 2255 1284 2290 ltem,
1307 2255 1333 2283 in
1356 2258 1468 2292 peccato
1490 2255 1599 2283 aversio
1615 2257 1657 2283 est
1670 2254 1810 2291 formalis
1832 2262 1923 2292 respe-

1073 2307 1120 2332 ctu
1135 2302 1324 2331 conversionis
1330 2313 1337 2337 3
1354 2302 1402 2331 sed
1416 2300 1544 2338 formale
1558 2310 1613 2330 non
1629 2302 1706 2339 ponit
1722 2302 1747 2330 in
1771 2310 1921 2331 numerum

1074 2358 1138 2378 cum
1161 2357 1212 2377 suo
1235 2348 1407 2377 materiali⁰2
1431 2356 1497 2386 ergo
1520 2356 1570 2377 nec
1592 2349 1701 2378 aversio
1724 2349 1801 2386 ponit
1822 2349 1849 2377 in
1876 2358 1925 2378 nu-

1074 2404 1185 2425 merum
1207 2403 1272 2424 cum
1293 2395 1487 2424 conversione:
1510 2404 1577 2432 ergo
1599 2397 1744 2425 conversio
1766 2400 1792 2425 et
1813 2397 1923 2425 aversio

1075 2451 1128 2471 non
1150 2442 1255 2471 faciunt
1276 2442 1388 2471 diversa
1410 2446 1530 2480 peccata.

1074 2567 1158 2588 mirum
1178 2566 1241 2594 quod
1259 2566 1317 2587 mala
1336 2566 1442 2588 voluntas
1464 2574 1473 2585 «
1488 2572 1532 2587 non
1550 2566 1659 2588 mist-etur
1685 2570 1792 2593 naturae,
1810 2572 1870 2594 quac
1888 2566 1924 2587 ali·

1074 2605 1136 2634 quod
1156 2606 1242 2627 malum
1261 2608 1307 2632 est,
1334 2605 1386 2633 quia
1414 2605 1473 2627 nulla
1497 2608 1589 2633 naturay
1607 2605 1628 2626 in
1648 2607 1759 2633 quantum
1778 2608 1857 2627 notura
1875 2608 1923 2632 est,

1074 2645 1160 2666 malum
1179 2647 1227 2670 est;
1246 2643 1286 2666 sed
1299 2650 1351 2666 curn
1366 2643 1441 2666 deficit
1453 2651 1465 2665 a
1484 2648 1575 2672 natura,
1594 2650 1653 2672 quae
1670 2649 1789 2665 summum
1808 2646 1876 2671 atque
1894 2644 1924 2665 in-

1074 2683 1237 2706 commutabile
1249 2687 1283 2705 est
1295 2682 1382 2705 bonum
1394 2692 1414 2705 u.
1425 2695 1455 2699 —
1467 2684 1517 2705 l'cst
1529 2689 1602 2711 pauca
1617 2683 1666 2705 Vat.
1680 2683 1761 2705 omittit
1773 2682 1924 2711 completum.

1136 2722 1146 2737 ⁷
1164 2722 1194 2744 De
1213 2723 1247 2744 llis
1265 2721 1356 2744 duabus
1374 2728 1480 2750 proposs.
1498 2723 1539 2745 cfr.
1557 2729 1627 2750 supra
1645 2722 1668 2744 (l.
1687 2721 1723 2744 41,
1741 2728 1761 2744 a.
1780 2723 1800 2744 2.
1819 2728 1840 2750 q.
1863 2722 1880 2744 1.
1904 2725 1925 2744 et

1075 2763 1111 2784 nic
1128 2768 1147 2783 a.
1166 2762 1186 2783 Ξ.
1205 2768 1226 2789 (1.
1250 2762 1266 2783 l.

1137 2800 1147 2815 ⁸
1164 2800 1222 2822 Vide
1239 2800 1343 2827 Aristot„
1362 2799 1389 2821 V.
1408 2800 1474 2827 Phys.
1493 2802 1544 2821 text.
1563 2800 1584 2821 3.
1602 2805 1664 2828 seq„
1682 2798 1721 2821 ubi
1740 2799 1818 2828 (locet,
1832 2805 1925 2822 omnem

1076 2844 1164 2863 motum
1182 2845 1231 2861 csse
1249 2846 1260 2861 a
1279 2839 1376 2861 termino
1394 2844 1425 2861 eoe
1443 2844 1488 2868 quo
1507 2839 1528 2860 in
1547 2839 1671 2861 terminum
1689 2837 1720 2861 ad
1737 2844 1806 2868 quem
1824 2840 1846 2860 ct
1858 2838 1926 2861 deno-

1076 2880 1157 2902 minari
1176 2879 1250 2906 magis
1267 2884 1279 2900 a
1298 2878 1395 2900 termino
1420 2877 1452 2900 ad
1468 2883 1545 2907 quem.
1564 2877 1618 2899 ibid.
1638 2880 1690 2900 text.
1709 2878 1745 2899 31.
1764 2884 1828 2906 seqq.
1847 2878 1875 2905 (c.
1895 2877 1925 2906 4.)

1077 2922 1156 2941 tractat
1173 2918 1202 2939 de
1220 2918 1246 2939 iis
1264 2923 1323 2946 quae
1341 2916 1370 2939 ad
1390 2916 1506 2940 unitatem
1532 2920 1608 2939 motus
1633 2917 1789 2946 requiruntur.
1816 2917 1925 2939 Ultimum

1077 2963 1126 2985 arg.
1143 2956 1242 2979 verbum
1258 2956 1356 2985 peccata
1369 2955 1434 2978 abest
1445 2962 1456 2977 a
1472 2955 1549 2977 multis
1560 2955 1628 2978 codd.
1641 2958 1662 2978 et
1674 2956 1742 2978 etiam
1755 2962 1766 2978 a
1779 2956 1860 2984 primis
1872 2955 1925 2978 cdd.

1140 2995 1149 3010 ⁰
1167 2994 1211 3018 Ct'r.
1229 3001 1299 3023 supra
1317 3000 1370 3023 pag.
1389 2993 1441 3023 445,
1460 2996 1511 3016 nota
1529 2994 1550 3016 5.
