2243 3425
2 1762 30 1781 Ad
42 1762 115 1786 opposi-

684 222 765 250 DlST.
789 222 876 250 XXIV.
900 223 925 250 1³.
949 223 965 250 1.
989 222 1060 251 ART.
1085 222 1113 250 tl.
1135 222 1270 259 QUAEST.
1294 222 1332 250 ΙΙΙ.
1825 225 1880 253 565

873 340 1134 375 SOHOLION.

191 429 204 450 l.
227 437 237 447 «ι
249 429 381 456 Intellectus,
401 430 421 451 in
440 432 551 457 quantum
570 430 736 457 contemplatur
762 429 973 452 incomimitabilem

127 468 258 494 veritatem,
279 467 360 489 dicitur
378 468 452 495 portio
471 468 563 489 rationis
581 467 690 496 superior
699 476 708 495 ,¹
727 468 747 489 in
767 472 879 496 quantum
896 472 973 491 autem

127 505 294 533 contemplatur
311 506 351 528 ista
378 506 482 528 inferiora
510 506 537 527 ad
564 506 752 533 ministrandum,
777 507 884 534 quamvis
901 510 973 534 recte,

127 543 208 566 dicitur
227 545 300 572 portio
317 543 440 573 inferior...
458 544 533 572 Super
551 547 651 566 mentem
671 548 772 566 nostram
790 548 843 566 sunt
859 545 974 573 quaedam

125 583 218 611 regulae
236 583 452 606 incommutabiliter
470 587 599 609 manentes,
626 582 712 611 quibus
737 586 797 605 recte
816 583 975 611 approbamus

126 622 161 644 vel
179 622 351 650 improbamus,
370 628 428 650 quae
448 628 488 643 nos
514 622 624 649 contingit
641 624 700 644 recte
719 621 850 649 approbare
872 622 908 644 vel
935 623 975 644 im·

127 661 253 688 probare».
267 662 296 684 lta
312 661 418 683 itit-nard.
437 667 448 682 a
468 660 524 683 tiled.
546 661 592 688 (liic
610 667 628 682 a.
648 661 668 682 2.
687 667 708 689 q.
724 660 762 688 4.),
782 661 820 689 qui
840 667 882 688 pro
896 662 975 683 ultima

125 701 249 722 assertione
267 701 319 722 citat
336 701 440 728 August„
460 699 496 721 lX.
514 702 536 722 et
554 699 601 721 Xll.
627 699 655 721 de
673 699 789 722 Trinitato.
808 712 836 714 —
856 700 911 722 Hine
930 700 974 722 iam

125 742 192 767 patet,
211 739 274 767 quod
297 739 352 761 baec
377 738 460 761 divisio
486 738 613 761 intellectus
639 744 683 760 non
702 738 810 760 coincidit
827 744 880 761 cum
899 738 974 761 distin-

126 778 199 800 ctione.
217 777 342 800 intellectus
359 776 501 807 speculativi
524 779 546 799 et
571 776 677 806 practici,
700 779 724 799 ut
741 783 848 805 expresse
867 777 976 800 observat

125 817 147 839 S.
166 817 248 839 Tliom.
267 817 313 844 (liic
331 823 352 845 q.
371 818 391 839 2.
418 824 437 839 a.
464 817 502 845 2.),
525 818 611 846 «quasi
630 817 658 839 ad
684 817 776 839 diversa
799 815 887 840 obiecta
906 818 975 845 respi-

125 856 196 883 ciant,
214 855 243 878 de
261 855 346 884 quibus
372 855 410 878 flat
427 856 578 883 ratiocinatm,
597 855 637 878 sed
660 856 734 883 magis
753 855 925 883 distinguuntur
943 861 974 878 se-

125 894 227 917 cundum
244 894 320 918 medici
331 913 336 922 ,
357 894 418 917 unde
436 895 576 917 ratiocinatio
594 895 699 917 sumitur.
714 894 778 917 Ratio
796 896 856 916 enim
875 894 975 923 inferior

125 933 267 961 consiliatur,
284 933 313 956 ad
331 934 464 956 electionem
483 933 590 961 tendens,
609 939 635 955 ex
648 932 775 956 rationibus
793 938 871 955 rerum
891 934 975 962 tempo-

125 970 227 999 ralium,
247 974 271 994 ut
288 972 351 1001 quod
369 972 455 1001 aliquid
473 976 507 995 est
523 973 668 1001 superfluum
692 973 727 994 vel
746 972 898 999 diminutumg
922 972 975 995 utile

125 1012 161 1034 vel
180 1013 324 1034 honestum...
343 1011 460 1041 Superior
477 1018 532 1034 vero
556 1012 676 1035 consilium
702 1013 772 1034 sumit
795 1018 820 1034 ex
848 1011 975 1034 rationibus

126 1052 223 1074 aeternis
240 1054 262 1074 et
280 1051 394 1074 divinis».
417 1063 449 1068 -
466 1051 511 1074 Nec
531 1052 588 1074 ratio
605 1051 716 1081 superior
737 1054 771 1074 est
796 1052 890 1074 omnino
914 1052 975 1074 idem

126 1096 179 1113 cum
197 1091 232 1113 illa
251 1094 315 1118 parte
332 1092 429 1118 mentis,
449 1091 470 1113 in
488 1096 532 1119 qua
551 1091 653 1113 consistit
677 1090 772 1121 imam,-
798 1097 850 1113 nam
869 1091 897 1113 ad
921 1092 975 1113 invi·

127 1135 177 1152 cem
197 1135 222 1152 se
244 1129 328 1152 liabent
344 1138 353 1150 (ι
364 1132 389 1152 ut
406 1129 537 1152 excedentia
555 1133 577 1152 et
594 1136 723 1157 excessa»,
745 1132 769 1152 ut
784 1130 846 1152 idem
871 1130 977 1158 explanat

127 1169 167 1191 loc.
186 1169 221 1191 cit.
241 1168 269 1191 ad
288 1168 307 1190 3.
327 1181 356 1184 —
368 1168 400 1190 De
412 1169 482 1191 variis
499 1168 581 1196 modis,
600 1168 686 1197 quibus
703 1169 816 1196 potentiae
835 1168 906 1191 uiridi
926 1175 975 1197 pos-

126 1211 185 1235 sunt,
203 1208 242 1230 csr.
262 1214 310 1236 seq.
329 1211 415 1236 quaest.
435 1208 455 1229 in
475 1213 536 1235 corp.

1097 431 1118 452 11.
1140 431 1161 452 111
1175 431 1320 453 conclusione
1333 437 1414 453 omnes
1431 433 1517 460 antiqui
1531 432 1663 455 Seliolastiei
1676 434 1826 461 conveniunt;
1840 434 1882 456 sed

1032 468 1108 497 quoad
1135 470 1209 496 ipsam
1235 469 1449 492 determinationem
1473 471 1599 493 intellectus
1623 471 1754 501 superioris
1778 472 1879 494 Durand.

1032 507 1078 535 (liic
1096 515 1116 536 q.
1136 508 1166 535 Δ1.)
1184 508 1213 530 ab
1231 509 1279 531 aliis
1297 509 1392 531 discedit
1419 515 1536 538 asserens,
1563 509 1626 539 quod
1653 511 1708 533 ratio
1726 510 1837 540 superior
1853 512 1881 534 sit

1035 546 1174 569 «deducens
1191 548 1277 576 aliquid
1302 554 1329 570 ex
1354 549 1471 576 principiis
1493 554 1538 578 per
1562 548 1729 573 revelationem
1757 549 1841 573 habitis
1856 559 1877 578 »,

1031 584 1130 613 inferior
1153 591 1208 607 vero
1229 594 1239 605 «ι
1254 586 1371 609 deducens
1397 588 1495 614 practice.
1522 588 1558 609 vel
1585 588 1725 616 speculative
1742 589 1829 617 aliquid
1855 595 1881 611 ex

1033 624 1151 651 principiis
1167 624 1312 647 victimatum*
1329 626 1427 655 comitis
1438 634 1458 647 u.
1469 627 1568 649 —Seot
1587 630 1671 655 autern,
1689 628 1786 650 eandem
1805 628 1881 651 distin-

1032 663 1130 684 ctionem
1149 663 1252 690 explicite
1270 664 1364 686 adliibet
1382 671 1426 686 non
1445 668 1532 687 tantum
1555 666 1632 694 quoad
1650 667 1760 688 rationem
1782 667 1823 689 sed
1845 673 1882 695 ge-

1033 702 1131 723 neralius
1149 703 1194 729 agit
1214 702 1241 724 de
1259 703 1341 725 eadem
1360 703 1472 726 divisione
1485 707 1588 732 respectu
1603 706 1740 733 memoriae,
1756 706 1882 729 intellectus

1032 743 1054 761 et
1072 741 1204 767 voluntatis,
1224 740 1286 769 quod
1304 741 1340 762 alii
1359 741 1442 763 t'aciunt
1460 742 1574 770 implicite.
1595 756 1623 758 —
1644 744 1694 771 Quo
1719 750 1786 767 sensu
1805 745 1883 767 intelli-

1033 778 1107 806 genda
1126 779 1170 801 sint
1191 779 1262 801 verba
1285 780 1306 801 in
1329 785 1404 808 corp.:
1430 780 1509 803 «Dum
1531 781 1593 809 leges
1616 785 1719 804 aeternas
1740 784 1882 812 conspicit»,

1033 824 1043 839 a
1062 818 1083 839 S.
1102 817 1199 840 Doctore
1211 819 1285 846 magis
1302 819 1437 846 explanatur
1449 820 1471 842 in
1491 820 1563 843 itiner.
1583 821 1664 843 mentis
1682 822 1703 843 in
1722 822 1801 850 Deum,
1819 829 1882 850 prae-

1033 857 1100 884 cipue
1113 862 1131 878 c.
1146 856 1171 883 3;
1190 859 1212 878 et
1223 856 1337 885 I-Iexaem„
1356 858 1428 879 Serm.
1447 859 1468 880 2.
1489 858 1510 880 3.
1531 858 1551 885 4,
1571 859 1612 881 sed
1630 860 1755 882 clarissime
1772 862 1882 883 sententia

1031 896 1080 917 eius
1106 897 1229 923 exponitur
1255 899 1276 918 et
1301 896 1414 924 probatur
1437 897 1459 919 in
1484 902 1571 926 quaest.
1599 898 1713 926 disputata
1736 903 1758 922 et
1780 901 1883 929 quodam

1032 940 1146 962 sermone,
1167 941 1179 956 a
1201 934 1267 957 nobis
1286 935 1352 957 editis
1373 936 1394 957 in
1416 935 1473 958 libro
1493 935 1521 958 tle
1541 936 1667 960 Humanae
1684 937 1827 967 Goym'lionz‘s
1846 945 1883 962 ra-

1034 973 1101 996 tione.

1098 1012 1130 1034 lil.
1152 1012 1243 1035 Praeter
1261 1014 1353 1035 citatos:
1371 1013 1432 1036 Alex.
1458 1014 1523 1042 Hal.,
1541 1015 1562 1036 S.
1581 1021 1603 1043 p.
1628 1015 1650 1037 11.
1670 1022 1691 1044 q.
1710 1016 1746 1039 69.
1765 1022 1795 1039 m.
1815 1017 1834 1039 l.
1855 1017 1883 1046 4,

1033 1058 1054 1080 q.
1073 1052 1109 1073 62.
1133 1058 1162 1073 m.
1181 1052 1202 1073 5.
1220 1064 1251 1068 -
1268 1052 1335 1080 scot,
1354 1053 1374 1074 in
1403 1056 1501 1082 utroque
1519 1053 1608 1082 Scripto
1627 1055 1662 1077 liic
1679 1061 1701 1083 q.
1720 1056 1793 1078 unica.
1813 1069 1842 1072 —
1860 1057 1882 1079 S.

1034 1091 1124 1118 Tliom.,
1147 1091 1168 1113 S.
1188 1090 1201 1112 l.
1220 1097 1240 1119 q.
1259 1090 1296 1113 79.
1315 1097 1334 1113 a.
1353 1092 1379 1119 9;
1398 1091 1426 1114 de
1446 1091 1514 1114 Verit.
1533 1098 1554 1121 q.
1575 1092 1610 1114 15.
1628 1094 1683 1115 (1.1.
1701 1106 1730 1109 -
1749 1094 1771 1116 Β.
1790 1094 1883 1123 Albert.,

1033 1130 1069 1151 liic
1087 1136 1106 1151 a.
1129 1130 1161 1151 10.
1184 1130 1220 1157 ΙΙ,
1239 1130 1260 1151 S.
1280 1136 1300 1158 p.
1320 1130 1343 1152 ll.
1363 1133 1389 1152 tr.
1421 1131 1453 1153 15.
1480 1137 1502 1160 q.
1521 1131 1557 1153 93.
1577 1138 1607 1154 m.
1626 1132 1647 1154 3.
1666 1145 1697 1148 —
1715 1133 1772 1155 Petr.
1790 1140 1802 1155 a
1822 1134 1883 1162 Tar.,

1034 1169 1069 1191 liic
1086 1175 1108 1197 (Ι.
1127 1169 1147 1190 3.
1166 1175 1184 1190 a.
1204 1169 1224 1190 2.
1244 1181 1273 1184 -
1291 1169 1364 1197 ngid.
1383 1169 1466 1197 0.,1110
1485 1176 1506 1197 p.
1521 1170 1533 1192 1.
1553 1177 1574 1199 q.
1593 1171 1613 1192 2.
1632 1177 1652 1192 a.
1670 1171 1686 1193 1.
1700 1174 1722 1194 01
1739 1171 1793 1194 dub.
1812 1173 1848 1194 lat.
1866 1173 1882 1194 1.

1034 1220 1063 1223 —
1081 1207 1173 1235 Dionys.
1192 1207 1275 1235 Carta,
1294 1209 1330 1231 liic
1348 1215 1368 1237 q.
1387 1209 1408 1231 ὅ.
1427 1221 1458 1224 -—
1477 1209 1529 1237 Biel,
1549 1211 1585 1232 1110
1602 1217 1623 1239 q.
1643 1211 1716 1233 unica

892 1297 1054 1334 QUAESTIO
1078 1297 1117 1326 ΙΙΙ.

290 1383 394 1411 Utrum
417 1383 523 1411 ‹lv'zrz‘sz'o
545 1383 705 1411 voluntatis
724 1392 777 1420 per
800 1384 968 1411 naturalem
990 1388 1014 1411 et
1040 1383 1260 1412 deliberata‘coa
1281 1385 1319 1413 vsit
1338 1394 1392 1422 per
1414 1386 1547 1414 dimensus
1567 1387 1720 1423 potentias.

206 1470 298 1498 Tertio
320 1471 466 1506 quaeritur
495 1470 528 1498 de
551 1469 594 1498 illa
630 1470 765 1498 divisione
788 1470 974 1506 potentiarum

127 1518 248 1550 annuae,
270 1524 341 1553 quae
363 1517 476 1553 quidem
498 1519 540 1545 est
555 1524 604 1553 per
627 1516 755 1544 naturale
776 1519 802 1544 et
818 1516 976 1545 deliberati-

128 1572 210 1598 ν1101;
232 1567 259 1593 et
290 1564 451 1600 quaeritur,
483 1567 579 1592 utrum
611 1563 710 1591 divisio
743 1563 894 1591 voluntatis
926 1570 975 1599 per

128 1611 284 1640 naturalem
307 1614 333 1639 et
362 1611 573 1639 deliberativam
596 1611 631 1638 sit
657 1618 706 1647 per
728 1610 855 1639 diversas
884 1614 976 1647 poten-

129 1658 188 1686 tias.
212 1658 242 1686 Et
263 1658 337 1694 quod
360 1658 413 1686 sie.
437 1657 556 1686 videtur.

210 1707 234 1733 1.
257 1705 445 1733 Damascenus
458 1705 476 1738 ¹,
492 1713 555 1733 0001
576 1704 675 1733 dividit
696 1705 831 1740 potentias
852 1705 975 1737 animae,

129 1753 219 1788 primo
240 1752 339 1780 dividit
361 1752 386 1780 in
410 1751 526 1780 thelesin
550 1755 577 1780 et
598 1751 769 1781 1110051ος111
793 1755 831 1779 est
850 1751 875 1779 in
900 1755 976 1779 natu-

128 1799 214 1827 ralem
231 1802 257 1827 et
279 1798 503 1832 deliberativam,
519 1801 546 1826 et
561 1801 656 1835 postea
671 1797 825 1826 subdividit
844 1805 893 1834 per
908 1797 976 1826 alias

129 1845 279 1882 potentias:
302 1853 368 1882 ergo
390 1845 412 1873 si
435 1845 523 1873 maior
545 1844 701 1873 differentia
722 1847 764 1871 est
786 1843 857 1872 inter
886 1843 973 1880 prima

129 1892 267 1925 membra,
284 1892 407 1925 videtur,
429 1891 503 1928 quod
528 1890 663 1919 naturalis
680 1890 809 1919 voluntas
831 1894 857 1918 et
876 1890 977 1918 delibe-

128 1939 217 1967 rativa
239 1939 273 1967 sit
296 1939 416 1975 potentia
437 1938 491 1966 alia
513 1942 539 1966 et
561 1938 622 1965 alia.

207 1987 233 2014 ²2.
256 1986 335 2020 item,
368 1985 466 2014 divisio
498 1985 669 2014 substantiae
702 1992 752 2021 per
783 1984 930 2012 rationale
950 1989 976 2012 et

128 2032 343 2061 ozon-rationale
365 2033 453 2060 variat
477 2033 562 2068 ipsam
594 2039 643 2068 per
665 2031 829 2065 essentiam,
851 2038 918 2067 ergo
939 2031 977 2059 di-

130 2079 198 2108 visio
220 2079 358 2115 potentiae
380 2086 429 2115 per
458 2078 619 2107 huiusmodi
649 2078 819 2106 differentias
849 2078 912 2106 iacit
933 2086 978 2115 po-

130 2126 229 2154 tentias
260 2125 444 2154 essentialiter
476 2125 604 2158 disl'erre;
631 2125 678 2153 sed
712 2125 774 2153 talis
806 2129 846 2153 est
878 2125 977 2154 divisio

129 2172 316 2209 potentiarum
349 2172 458 2200 animae
490 2180 539 2208 per
575 2172 731 2200 naturalem
764 2175 790 2199 et
822 2172 978 2201 deliberati-

129 2227 207 2248 vam:
241 2227 307 2256 ergo
327 2222 378 2248 etc.
413 2219 509 2247 Minor
542 2219 677 2255 probatur
709 2227 759 2256 per
794 2219 857 2249 lioc.
889 2219 977 2255 quod,

130 2267 200 2295 sicut
222 2266 288 2295 dicit
311 2266 527 2302 Pliilosoplitis²‚
555 2277 567 2290 a
584 2266 732 2294 rationales
754 2266 891 2302 potentiae
913 2270 976 2294 sunt

129 2313 163 2341 ad
180 2313 304 2349 opposita
317 2324 348 2346 »3
364 2313 411 2341 sed
427 2313 540 2349 quando
555 2313 649 2350 aliqua
669 2312 790 2349 potentia
812 2313 978 2341 naturaliter

130 2364 258 2388 movetur
288 2360 322 2388 ad
345 2359 467 2397 aliquid,
490 2368 543 2388 non
579 2364 707 2388 movetur
730 2360 762 2387 ad
796 2361 976 2397 oppositum:

129 2415 196 2444 ergo
218 2407 358 2444 potentia,
382 2410 411 2435 ut
432 2411 474 2435 est
495 2406 649 2440 naturalis,
672 2415 725 2435 non
758 2411 799 2435 est
827 2408 976 2436 rationalis.

1113 1470 1138 1498 3.
1172 1471 1251 1504 item,
1284 1479 1347 1499 cuin
1381 1471 1534 1501 dividimus
1561 1476 1719 1501 creaturam
1747 1482 1795 1510 per
1828 1482 1886 1503 eor-

1034 1517 1194 1554 ruptilJilem
1228 1521 1255 1546 et
1287 1518 1543 1555 incorruptibilem,
1573 1519 1797 1549 diversificamus
1823 1529 1884 1549 eain

1033 1564 1235 1593 essentialiter:
1271 1572 1338 1601 ergo
1375 1566 1433 1602 pari
1471 1566 1595 1598 ratione,
1631 1575 1694 1595 cum
1731 1567 1885 1596 dividimus

1034 1611 1184 1647 potentiam
1208 1619 1257 1648 per
1280 1612 1442 1640 mutabilem
1466 1616 1492 1640 et
1515 1613 1734 1647 in‘nnutabilem,
1763 1622 1824 1642 eam
1847 1622 1886 1643 es—

1033 1658 1186 1687 sentialiter
1219 1659 1377 1687 variamus:
1400 1659 1448 1687 sed
1483 1660 1619 1696 potentia,
1652 1668 1724 1697 quae
1758 1665 1886 1690 movetur

1035 1705 1200 1733 naturaliter
1214 1705 1248 1733 ad
1272 1713 1355 1733 suum
1372 1705 1525 1740 obiectum,
1549 1710 1677 1735 movetur
1700 1707 1885 1741 uniformiter,

1034 1752 1217 1780 deliberativa
1240 1760 1307 1781 vero
1331 1752 1511 1781 vertibiliter:
1535 1761 1602 1790 ergo
1624 1757 1675 1782 etc.

1113 1800 1138 1827 lt.
1163 1800 1244 1829 11001.
1268 1800 1405 1836 potentia,
1428 1800 1454 1828 in
1477 1808 1532 1837 qua
1554 1801 1796 1830 communicamus
1822 1809 1887 1831 cum

1035 1846 1141 1879 brutis2
1175 1854 1227 1874 non
1262 1850 1351 1883 potest
1383 1854 1443 1875 esse
1464 1847 1561 1876 eadem
1594 1855 1659 1876 cum
1691 1848 1829 1884 potentia,
1859 1849 1885 1877 in

1035 1901 1090 1929 qua
1105 1892 1278 1924 disserimus:
1300 1893 1347 1922 sed
1372 1893 1398 1921 in
1418 1894 1538 1922 naturali
1561 1894 1687 1931 appetitu
1709 1902 1772 1923 cum
1795 1895 1887 1924 brutis

1034 1939 1231 1974 convenimus,
1263 1944 1290 1968 el
1320 1940 1345 1968 in
1379 1940 1504 1969 rationali
1531 1941 1705 1970 differimus:
1739 1949 1805 1978 ergo
1834 1946 1885 1971 etc.

1035 1986 1111 2015 Sicut
1132 1986 1205 2014 enim
1232 1987 1315 2015 bruta
1337 1987 1502 2016 naturaliter
1523 1991 1659 2025 appetunt
1677 1989 1719 2016 sui
1745 1997 1804 2016 esse
1826 1997 1887 2017 con-

1035 2034 1237 2067 servationem,
1259 2033 1298 2062 sic
1319 2037 1346 2062 et
1368 2042 1417 2062 nos
1439 2035 1605 2071 appetimus.

1114 2080 1166 2108 SED
1188 2088 1312 2109 CONTRA:
1339 2082 1361 2108 l.
1386 2081 1541 2113 Potentiae,
1573 2090 1645 2118 quae
1678 2082 1780 2111 liabent
1812 2082 2027 2112 idemruuaameuta.

1036 2126 1176 2155 obiectum
1198 2131 1225 2155 et
1246 2128 1299 2156 sub
1321 2128 1421 2156 eadem
1444 2129 1572 2161 ratione,
1597 2137 1648 2157 non
1673 2129 1775 2157 habent
1797 2129 1887 2157 diver-

1036 2174 1144 2202 sitatem
1157 2175 1179 2207 3;
1201 2175 1248 2203 sed
1266 2175 1402 2203 naturalis
1422 2176 1550 2204 voluntas
1565 2179 1592 2204 et
1613 2175 1796 2204 deliberativa
1813 2176 1885 2204 idem

1037 2221 1140 2249 liabent
1161 2229 1212 2257 pro
1234 2221 1356 2255 obiecto,
1380 2222 1508 2251 videlicet
1531 2222 1634 2251 bonum
1650 2239 1688 2243 ——
1707 2222 1886 2251 naturaliter

1036 2269 1108 2296 enini
1134 2268 1236 2296 bonum
1260 2269 1431 2305 appetimus,
1454 2272 1480 2297 et
1501 2277 1538 2296 em
1560 2268 1764 2297 deliberatione
1786 2269 1886 2303 etiam,

1036 2323 1100 2343 cum
1123 2315 1192 2344 bene
1213 2315 1332 2343 ordinati
1356 2323 1455 2344 sumus
1471 2332 1508 2335 -—
1523 2323 1589 2351 ergo
1611 2318 1661 2343 etc.

1116 2361 1246 2394 211001,
1280 2362 1416 2398 potentia,
1449 2369 1520 2398 quae
1552 2362 1663 2390 ordinat
1685 2362 1711 2389 in
1742 2361 1828 2398 finem
1860 2365 1888 2391 et

1038 2408 1062 2435 in
1094 2408 1125 2435 id
1155 2408 1232 2445 quod
1265 2411 1305 2435 «st
1333 2408 1374 2436 ad
1394 2407 1511 2444 fiuem⁴,
1534 2416 1587 2436 non
1617 2411 1658 2436 est
1686 2408 1740 2436 alia
1766 2411 1793 2437 et
1818 2409 1889 2442 alia;

196 2541 201 2554 ¹
222 2540 280 2562 Libr.
301 2540 313 2561 ΙΙ
342 2540 369 2562 de
389 2540 441 2561 Fide
459 2539 548 2561 «11111011,
576 2545 594 2561 e.
619 2540 662 2563 22,
691 2539 728 2561 ubi
755 2541 890 2567 exponitur,
917 2540 980 2568 quod

133 2580 264 2602 naturaliter
282 2580 347 2601 nobis
365 2579 429 2601 insita
448 2582 481 2600 est
499 2579 548 2603 vis,
567 2585 611 2606 ‹lu-¹
633 2579 763 2606 appetimus
781 2579 802 2600 id
821 2578 884 2607 ssttod
901 2585 980 2601 secun-

134 2617 191 2640 dum
208 2619 321 2640 1101101110
341 2619 389 2645 est,
418 2618 475 2639 sit-ui
501 2620 522 2639 et
548 2623 573 2639 00
601 2624 659 2645 qaae
686 2617 863 2639 substantialiter
889 2621 982 2639 naturae

136 2658 227 2684 insunt,
245 2660 269 2679 ut
286 2664 308 2678 v.
326 2663 348 2685 g.
367 2663 432 2684 esse,
451 2658 529 2678 vivere
548 2659 605 2683 ete.;
625 2663 684 2684 quae
709 2657 744 2678 xis
769 2656 851 2678 dieitur
878 2657 983 2678 xoluntas

136 2695 251 2723 (θέλησις)
274 2700 295 2718 et
317 2696 369 2718 niliil
392 2696 453 2717 aliud
471 2698 504 2717 051
523 2701 592 2724 quam
611 2696 659 2723 ipsc
678 2696 797 2719 naturalis,
817 2695 890 2717 xitalis
907 2698 929 2716 et
950 2702 982 2716 ra·

136 2736 224 2757 11003115
241 2736 356 2762 appetitus
373 2735 476 2756 omnium
494 2740 590 2761 eorum,
609 2734 694 2762 quibus
722 2738 800 2756 natura
824 2735 981 2761 constituitur,

136 2774 231 2801 simplex
250 2774 323 2795 virtus
341 2773 465 2802 (δύναμις)4
479 2774 514 2795 Est
533 2774 600 2795 etiam
614 2773 678 2794 insita
692 2773 781 2794 animae
795 2773 893 2794 hominis
906 2784 934 2787 —
951 2773 983 2794 sie

136 2813 202 2835 (locet
226 2813 328 2834 0001050.
347 2824 378 2828 -
394 2813 430 2834 vis
456 2812 577 2840 appetendi
603 2812 736 2835 secuudum
763 2811 896 2839 rationem,
924 2818 983 2840 quae

137 2853 171 2874 xis
188 2855 335 2879 nuncupatur
352 2851 460 2879 βούλησις
478 2853 490 2873 i.
509 2858 528 2873 0.
547 2852 653 2873 voluntas
671 2852 824 2879 consilinum,
838 2855 859 2873 et
872 2851 933 2873 idem
950 2854 982 2873 est

136 2897 162 2912 ac
180 2891 211 2912 rei
230 2890 350 2913 cuiusdam
369 2891 478 2918 appetitio
496 2890 616 2912 rationalis.
636 2890 695 2911 llaec
713 2889 821 2917 βούλησις
833 2907 838 2917 ,
862 2890 982 2918 voluntas,

139 2932 212 2957 pots-st
229 2935 278 2951 esse
298 2932 345 2950 tum
364 2935 443 2951 eorum
457 2935 515 2956 quae
527 2929 584 2951 smil
597 2928 619 2950 in
633 2927 699 2951 nobis
713 2928 748 2953 tin
763 2931 837 2950 nostra
853 2931 983 2956 potestate),

139 2975 160 2990 v.
179 2975 200 2996 g.
219 2968 321 2990 sobrium
341 2974 404 2995 csse,
426 2971 472 2989 tum
491 2973 571 2989 eorum
590 2974 650 2995 quae
666 2974 715 2989 ’11011
732 2969 788 2989 Sum
805 2967 828 2989 iii
847 2966 919 2990 nobis.
943 2968 984 2989 Vo-

138 3009 212 3030 luntas
230 3014 310 3030 eorum
330 3014 388 3036 quae
407 3012 452 3029 11011
475 3008 530 3029 sitiit
556 3006 578 3028 iu
607 3010 680 3028 nostra
709 3010 834 3034 potestate,
861 3007 983 3035 aliquando

1039 2542 1069 2561 051
1088 2539 1248 2569 possibilitwn,
1271 2542 1294 2561 ut
1311 2545 1364 2562 etim
1383 2546 1449 2566 reges
1467 2546 1516 2561 esse
1535 2539 1655 2566 volumus,
1669 2540 1792 2568 aliquando
1807 2539 1890 2569 impos>

1039 2577 1159 2605 situlam,
1181 2582 1204 2600 ut
1221 2584 1272 2600 eum
1293 2578 1402 2600 volumus
1420 2583 1538 2606 nunquam
1565 2578 1629 2599 mori.
1649 2577 1758 2600 Voluntas
1776 2577 1886 2600 delibera-

1041 2617 1084 2639 tiva
1103 2624 1182 2639 eorum
1202 2623 1260 2645 (1000,
1278 2619 1299 2639 in
1318 2617 1399 2639 nostru
1416 2617 1529 2646 potestate
1547 2620 1614 2644 sunt,
1634 2618 1674 2638 1105
1692 2617 1786 2639 includit
1803 2620 1887 2647 actus:

1040 2655 1180 2677 voluntatem
1199 2655 1265 2683 sinis,
1285 2656 1421 2683 eonsilium,
1441 2655 1566 2683 iudicium,
1585 2656 1734 2683 sententiam,
1752 2656 1888 2677 electionem

1041 2695 1155 2722 (quorum
1175 2698 1273 2723 quatuor
1291 2695 1362 2717 ultimi
1381 2695 1507 2722 respiciunt
1525 2694 1599 2716 inedia
1618 2694 1647 2716 ad
1664 2694 1755 2722 finem),
1775 2695 1889 2722 impetum

1041 2737 1062 2754 ct
1080 2739 1147 2755 usum
1167 2734 1220 2762 (qui
1239 2734 1285 2755 duo
1303 2737 1367 2755 actus
1385 2734 1510 2760 respiciunt
1528 2733 1632 2755 ordinem
1650 2734 1822 2762 exsecutionis).

1104 2772 1113 2786 ²
1132 2772 1191 2794 Libr.
1211 2773 1247 2794 lx.
1267 2773 1363 2800 Metapa.
1390 2775 1440 2794 text.
1459 2772 1479 2793 3.
1499 2775 1520 2794 ct
1542 2772 1574 2793 to.
1594 2771 1660 2799 (Vlll.
1679 2779 1697 2794 e.
1717 2773 1737 2794 2.
1755 2776 1777 2794 01
1795 2772 1838 2801 5,).
1857 2772 1890 2795 De

1041 2811 1130 2833 mitiori
1146 2812 1184 2834 cfr.
1204 2818 1273 2840 supra
1293 2818 1344 2840 pag.
1369 2812 1421 2839 i53,
1440 2815 1492 2834 nota
1511 2811 1531 2833 5.

1104 2850 1113 2863 3
1133 2850 1189 2872 Vide
1207 2856 1276 2878 supra
1295 2856 1347 2878 pag.
1367 2850 1425 2878 501,
1443 2852 1494 2872 nota
1513 2850 1533 2872 3.

1107 2888 1115 2902 ⁴
1132 2889 1178 2911 Non
1198 2890 1264 2917 pauci
1283 2889 1358 2917 codd,
1377 2892 1399 2911 ut
1418 2889 1480 2911 lllT
1492 2889 1520 2910 W
1532 2889 1549 2911 Y
1559 2889 1591 2911 bb
1601 2895 1627 2911 cc
1636 2896 1669 2917 ee,
1688 2895 1740 2911 cum
1758 2889 1811 2911 edd.
1826 2890 1851 2917 l,
1876 2889 1889 2910 2

1042 2928 1065 2950 in
1082 2928 1159 2958 sinain.
1180 2929 1247 2950 Paulo
1266 2928 1359 2951 interius
1377 2928 1426 2950 Vat.
1445 2931 1466 2951 et
1487 2928 1539 2950 edd.
1559 2928 1585 2955 3,
1604 2927 1616 2949 4
1641 2931 1725 2950 textum
1749 2928 1816 2950 simul
1836 2934 1889 2950 cum

1043 2968 1224 2995 interpunctione
1242 2969 1274 2990 sie
1290 2969 1311 2989 in
1329 2969 1395 2995 peius
1413 2970 1543 2990 mutarunt:
1560 2967 1647 2997 appetit
1664 2967 1843 2995 beatitudinem,
1864 2968 1890 2989 1ιί

1043 3008 1075 3029 est
1088 3006 1110 3029 iu
1123 3013 1174 3029 *retii
1186 3006 1296 3029 ordimur!
1309 3016 1312 3020 ⁴
1325 3007 1365 3030 sect
1375 3006 1476 3036 potentia
1485 3026 1490 3034 ,
1505 3012 1565 3036 quae
1579 3007 1707 3030 ordiizutur
1718 3006 1749 3030 ud
1759 3006 1831 3036 finem
1847 3010 1888 3028 etc⁴

1285 3028 1288 3029 ν
1304 3027 1309 3035 r
