2243 3425
131 251 174 277 cta
195 247 267 276 fuit¹
291 251 318 276 et
340 247 398 281 lux,
421 255 492 284 quae
514 247 587 275 diem
611 247 743 279 faciebat,
766 255 817 276 nec
839 247 891 276 fuit
922 256 978 275 mo-

131 295 194 324 rula
215 294 308 331 aliqua
330 294 503 323 intermedia.

210 341 275 370 Aliis
296 343 389 369 autem
412 341 539 375 videtur,
561 341 636 378 quod
658 341 743 369 fuerit
764 348 843 369 mora
874 344 977 377 tempo-

11 391 119 433 ssfflffiffbgt
131 389 170 418 ris
191 389 356 417 interiacens
386 387 456 416 inter
489 390 580 416 terrae
608 387 775 416 creationem
798 390 825 415 et
846 387 917 415 lucis
942 387 978 415 fa-

131 436 248 465 ctionem
258 446 265 469 3
287 438 314 463 et
335 435 409 463 istud
426 435 537 463 videtur
552 434 641 470 magis
656 441 809 462 consonum
825 434 977 462 sententiae

131 482 340 519 expositorum,
362 482 434 511 sicut
455 481 560 518 patebit
582 480 608 508 in
631 480 805 509 distinctione
820 480 975 517 sequeutiQ.

131 529 286 565 Utrumque
309 531 400 557 tamen
422 528 512 565 potuit
527 534 587 556 esse
603 534 712 561 verum,
734 534 785 555 nec
800 530 842 556 est
863 526 975 564 aliquod

130 575 233 603 horum
255 582 458 612 usquequaque
480 577 596 602 certum.

213 623 236 650 l.
268 621 434 650 Sustinendo
466 624 558 649 tamen
591 619 661 648 illud
692 620 840 653 ultimum.
866 628 978 657 respon-

14 672 118 714 3¹33&-
131 669 255 698 dendum
277 672 318 697 est
339 668 373 696 ad
396 668 520 704 primum
542 667 682 696 obiectum
699 667 733 696 de
749 670 829 696 textu
852 667 976 702 Genesis,

130 716 203 753 quod
227 724 329 743 creare
349 714 500 751 aequivoce
521 714 643 742 sumitur
666 714 692 742 in
715 714 875 751 Scriptura,
898 718 924 743 et
939 715 976 743 ibi

130 762 233 791 dicitur
254 761 356 790 creatio
378 761 446 789 caeli
469 764 495 790 et
517 764 609 789 terrae
641 761 790 798 utriusque
816 761 897 790 factio
919 761 977 790 sive

129 809 257 838 formatio
265 820 272 843 3
294 812 321 837 et
342 808 380 837 sic
402 808 517 845 exponit
539 808 709 845 Augustinus
741 816 827 845 super
849 808 977 838 Genesim

129 857 164 885 ad
186 856 307 885 litteram
329 855 425 893 quinto
439 855 458 890 ³,
473 855 521 883 ubi
536 855 635 889 innuit,
652 855 727 892 quod
743 864 845 884 crecere
867 856 976 884 caelum

129 906 156 933 et
177 906 281 932 terram
297 903 399 931 dicitur
415 902 578 939 dupliciter:
596 902 639 931 vel
658 902 805 931 informem
829 903 975 931 materiam

129 951 232 985 facere,
254 951 297 979 vel
318 958 368 987 per
390 950 493 978 formas
515 954 542 978 et
563 950 669 987 species
691 950 872 987 distinguere.

208 998 234 1025 2.
257 996 283 1025 3.
305 997 343 1025 Ad
366 996 435 1025 illud
468 997 543 1033 quod
575 996 718 1030 obiicitur,
741 997 816 1034 quod
838 997 914 1026 Deus
936 1000 977 1026 est

129 1045 156 1073 in
178 1044 252 1077 luce;
274 1044 440 1077 dicendum,
463 1044 538 1080 quod
570 1043 783 1080 intelligendum
812 1047 861 1078 est,
886 1044 975 1072 Deum

129 1099 189 1121 esse
212 1091 302 1120 lucem
334 1091 524 1128 spiritualem.
553 1099 607 1119 nou
630 1090 820 1127 corporalem,
842 1099 914 1128 quae
936 1094 978 1120 est

128 1139 180 1168 lux
202 1137 366 1175 sapientiae,
387 1141 414 1166 et
436 1138 462 1166 in
489 1138 540 1166 nac
572 1137 635 1166 fecit
667 1137 804 1174 quidquid
827 1137 977 1174 produxit,

742 169 825 197 DIST.
849 169 900 197 XII.
922 169 993 197 ART.
1017 169 1046 197 11.
1069 169 1204 206 QUAEST.
1228 169 1266 197 111.
1824 171 1878 201 305

1034 248 1101 285 quia
1122 248 1222 276 omnia
1252 248 1282 276 z‘sn
1313 248 1459 285 sapientia
1491 248 1586 285 fecit&
1608 266 1648 269 —
1670 249 1701 277 Et
1722 249 1784 278 ideo
1805 250 1879 286 quod

1034 288 1163 324 obiicitur
1186 295 1221 324 de
1243 295 1365 324 tenebris
1386 296 1579 333 corporalibus
1601 296 1670 324 nihil
1684 295 1748 325 facit
1770 297 1805 325 ad
1820 305 1880 333 pro-

1034 341 1172 377 positum,
1194 342 1260 379 quia
1290 350 1344 370 non
1378 343 1466 380 magis
1487 346 1529 371 est
1562 343 1634 372 Deus
1654 343 1682 371 in
1709 343 1832 372 tenebris
1853 344 1880 372 in

1034 387 1093 416 loco
1114 389 1296 425 corporaliter
1319 389 1466 418 tenebroso
1487 398 1572 427 quam
1596 390 1622 418 in
1646 390 1792 419 luminoso.

1113 435 1139 462 [ι.
1163 435 1200 463 Ad
1223 435 1293 463 illud
1324 436 1399 472 quod
1431 436 1576 471 obiicitur,
1598 437 1673 474 quod
1696 445 1751 465 nox
1774 441 1800 467 et
1822 438 1881 467 dies

1035 481 1194 510 immediate
1216 481 1346 510 dividunt
1366 485 1490 519 tempus3
1512 483 1675 518 dicendum,
1690 484 1765 521 quod
1782 492 1881 514 verum

1035 530 1076 556 est
1098 528 1253 557 secundum
1269 537 1338 562 esse,
1354 530 1429 566 quod
1445 530 1548 558 habent
1564 539 1652 564 nunc,
1667 531 1742 568 quod
1764 531 1878 568 quidem

1035 575 1188 603 attenditur
1209 576 1364 604 secundum
1398 577 1601 605 revolutionem
1623 586 1773 615 corporum
1796 579 1881 608 caele-

1036 621 1128 649 stium.
1152 621 1204 649 Sed
1227 625 1295 649 tunc
1316 625 1376 650 erat
1397 626 1508 660 tempus
1530 625 1686 653 secundum
1715 626 1882 655 mutabilita-

1035 671 1106 702 tem,
1128 676 1199 705 quae
1221 672 1281 696 erat
1305 669 1330 697 in
1353 670 1486 698 materiae
1508 671 1650 707 partibus.
1673 680 1745 708 quae
1766 674 1879 710 quidem

1037 714 1207 743 mutabilitas
1229 718 1289 743 erat
1320 715 1426 752 absque
1457 718 1614 753 praesentia
1645 720 1770 756 corporis
1802 720 1882 749 lumi-

1034 762 1094 790 nosi
1123 765 1150 790 et
1171 761 1276 798 absque
1298 762 1400 790 umbra
1421 764 1546 799 corporis
1567 765 1659 801 opaci3
1681 768 1708 794 et
1733 766 1795 795 ideo
1817 770 1884 796 tem-

1034 816 1088 845 pus
1110 808 1179 837 illud
1202 817 1256 837 non
1288 812 1348 837 erat
1377 809 1484 838 liabens
1516 810 1735 841 vicissitudinem
1769 813 1822 842 diei
1855 817 1882 843 et

1035 855 1122 884 noctis
1144 849 1423 885 ante’forinationem
1447 856 1545 886 lucis⁵.

1114 903 1140 931 Si
1162 903 1225 939 quis
1246 907 1340 932 autem
1364 904 1429 932 velit
1450 905 1589 933 sustinere
1611 906 1779 942 oppositum,
1801 907 1883 944 plane
1897 911 1982 952 pfggfflff
1997 916 2024 952 ᾗ

1034 950 1136 987 poterit
1157 950 1192 978 ad
1214 950 1336 979 rationes
1357 954 1384 978 et
1405 951 1585 980 auctoritates
1607 952 1642 981 ad
1664 954 1824 990 oppositum
1840 962 1882 983 re-
1895 947 1938 999 ³3&ss
1953 958 2024 980 omnio-

1035 997 1188 1034 spondere.
1210 997 1285 1034 quod
1308 997 1499 1034 intelligantur
1521 998 1664 1028 insinuare
1683 1000 1811 1029 ordinem
1833 986 1906 1030 ηα-11
1941 995 1944 998 ”
1992 1004 1996 1016 s

1036 1047 1137 1077 turae,
1160 1052 1214 1072 non
1237 1044 1391 1081 temporis,
1415 1045 1571 1074 secundum
1587 1054 1670 1083 quem
1688 1047 1813 1077 informis
1830 1057 1884 1077 ma-

1035 1091 1105 1119 teria
1127 1099 1238 1119 omnem
1260 1091 1335 1120 diem
1357 1093 1513 1121 antecessit.

875 1227 1136 1265 SOHOLION.

192 1318 204 1340 1.
224 1318 309 1340 Solutio
327 1318 395 1340 liuius
417 1321 439 1339 et
455 1318 571 1345 sequentis
595 1318 735 1346 quaestionis
753 1317 816 1339 facilc
835 1318 974 1345 intelligitur.

129 1357 209 1385 Quoad
226 1358 326 1380 rationes
343 1356 454 1385 temporis
471 1360 493 1378 et
511 1355 556 1379 Ioci
573 1356 612 1378 cfr.
631 1362 701 1384 supra
720 1356 741 1378 d.
760 1357 780 1378 2.
800 1363 821 1383 p.
841 1357 854 1378 1.
872 1363 892 1378 a.
912 1357 936 1381 2;
955 1360 976 1379 et

128 1403 150 1424 p.
170 1396 192 1418 11.
211 1403 230 1418 a.
249 1397 269 1417 2.
288 1408 319 1412 —
336 1396 367 1417 De
385 1396 427 1417 hac
445 1396 465 1417 2.
484 1396 618 1424 quaestione
636 1395 740 1423 explicite
750 1399 772 1417 et
789 1396 811 1416 iu
823 1395 906 1417 eadem
924 1402 975 1417 sen—

127 1436 195 1458 tentia
212 1438 284 1462 agunt
301 1435 361 1456 Alex.
380 1434 435 1461 Hal.⁷
454 1435 475 1456 S.
494 1441 516 1462 p.
536 1434 558 1456 ll.
576 1441 597 1463 q.
617 1433 653 1455 41.
672 1440 692 1456 a.
711 1433 736 1461 43
756 1434 779 1456 B.
798 1434 890 1458 Albert..
913 1434 934 1456 S.
953 1440 974 1462 p.

127 1474 150 1496 ll.
168 1477 194 1496 tr.
217 1474 250 1496 11.
269 1480 290 1502 q.
310 1473 350 1501 453
371 1473 427 1495 petr.
446 1480 457 1495 a
477 1473 538 1501 Tur.⁷
565 1473 600 1495 liic
618 1479 640 1501 q.
658 1474 732 1500 uuir-a,
755 1479 774 1495 a.
793 1473 818 1499 6;
838 1473 944 1495 Riclinrd.
963 1480 975 1495 a

1034 1317 1100 1343 Med..
1118 1319 1155 1340 hic
1172 1325 1193 1347 q.
1212 1319 1239 1346 73
1261 1320 1335 1347 AEgid.
1358 1320 1389 1344 n..
1409 1321 1445 1342 hic
1463 1327 1484 1349 q.
1503 1321 1523 1342 Q.
1547 1327 1567 1343 a.
1591 1321 1617 1348 53
1641 1322 1694 1350 Biei,
1719 1323 1755 1345 hie
1777 1330 1798 1352 q.
1822 1324 1842 1346 2.
1862 1325 1882 1345 iu

1034 1356 1084 1379 fine.

1098 1397 1120 1418 11.
1139 1397 1277 1425 Sequentem
1297 1398 1316 1419 3.
1336 1400 1494 1427 quaesticmffln
1512 1406 1538 1421 ex
1556 1400 1652 1428 llugone
1670 1407 1681 1422 a
1701 1401 1722 1423 S.
1740 1402 1832 1424 Victore
1850 1409 1883 1424 ae<

1034 1435 1092 1462 cepit
1110 1435 1216 1462 Magister
1234 1435 1280 1460 (liic
1306 1442 1324 1458 c.
1344 1436 1382 1459 5...
1409 1437 1440 1459 Dc
1470 1445 1495 1459 ca
1514 1439 1617 1466 explicite
1636 1442 1731 1462 tractant
1748 1441 1809 1462 Alex.
1829 1441 1883 1469 Hal„

1033 1474 1075 1495 loe.
1094 1475 1128 1495 rit.
1148 1475 1169 1496 in
1189 1474 1243 1502 line,
1261 1477 1283 1496 et
1302 1475 1358 1497 Petr.
1377 1482 1388 1497 a
1407 1476 1467 1502 Tar..
1488 1478 1523 1499 liic
1541 1484 1562 1506 q.
1583 1479 1655 1506 unica,
1675 1485 1694 1501 a.
1713 1479 1734 1501 5

892 1551 1055 1588 QUAESTIO
1078 1552 1117 1579 111.

494 1627 589 1661 Quam
612 1626 782 1655 relationem
804 1626 931 1655 materia
954 1626 1006 1655 itta
1029 1626 1168 1663 informis
1191 1626 1327 1656 habuerit
1348 1629 1388 1657 (td
1409 1629 1513 1658 locum.

208 1710 299 1739 Tertio
321 1709 466 1747 quaeritur
489 1710 522 1738 de
544 1709 590 1737 illa
613 1710 723 1737 informi
754 1710 870 1738 materia
892 1718 977 1747 quan-

128 1760 186 1786 tum
209 1758 244 1786 ad
266 1757 375 1791 locum>
397 1759 424 1784 et
445 1759 487 1784 est
508 1756 649 1793 quaestio,
666 1760 762 1784 utrum
786 1756 916 1785 habuerit
930 1756 978 1784 illa

127 1805 244 1833 materia
266 1805 359 1833 situm.
383 1804 413 1832 Et
434 1804 509 1841 quod
532 1803 579 1832 illa
595 1804 710 1832 materia
726 1804 913 1841 corporalium
930 1803 979 1832 lta-

128 1852 223 1880 bttert't
242 1851 349 1883 situm,
373 1851 491 1879 videtur.

212 1900 234 1927 l.
256 1898 333 1935 Hugo
355 1898 389 1927 de
421 1901 516 1926 sancto
548 1898 692 1926 Victores‘:
721 1898 809 1926 «Erat
830 1901 975 1926 terrenum

5 1947 180 1977 undamentahOC
202 1947 371 1975 elementum
395 1945 486 1974 medio
518 1952 574 1973 uno
605 1944 664 1973 loco
686 1944 850 1979 subsidens.
878 1945 977 1973 ceteris

128 1994 156 2022 in
188 2001 243 2022 una
275 1992 435 2021 confusione
466 1992 615 2029 permixtis
647 1995 673 2020 et
695 1992 916 2029 circumquaque
950 1992 976 2020 in

128 2041 242 2070 modum
265 2040 384 2069 nebulae
405 2039 558 2076 oppansis»
566 2051 572 2073 ,2
595 2039 643 2068 sed
660 2039 711 2067 hoc
727 2047 781 2067 nou
804 2039 894 2076 potuit
916 2047 977 2068 esse

127 2088 233 2124 absque
255 2087 310 2116 situ
332 2086 485 2123 corporali:
509 2094 576 2122 ergo
598 2089 649 2114 etc.

206 2136 231 2162 τὶ.
254 2134 336 2167 item,
359 2133 434 2170 quod
456 2133 608 2169 repleverit
629 2132 740 2165 tomam,
763 2133 887 2165 videtur.
912 2133 977 2170 quia

127 2181 236 2211 caelum
269 2187 449 2217 empyreum.
482 2180 553 2208 sicut
584 2180 651 2208 dicit
683 2179 791 2213 Beda⁷.
826 2188 888 2208 cum
917 2180 977 2216 ipsa

128 2228 245 2257 materia
267 2227 454 2264 corporalium
477 2227 528 2255 fuit
548 2230 687 2257 creatum:
710 2227 758 2255 sed
781 2230 910 2255 constans
927 2230 976 2259 est.

129 2274 204 2311 quod
226 2281 389 2310 empyreum
413 2273 484 2301 intra
500 2274 699 2302 concavitatem
723 2281 803 2301 suam
819 2277 916 2302 natum
936 2276 976 2301 est

129 2321 222 2349 omnia
243 2329 361 2357 corpora
382 2320 436 2348 alia
450 2321 606 2349 continere:
623 2328 689 2357 ergo
712 2320 755 2349 vel
771 2324 831 2348 erat
846 2328 976 2351 vacuum.

130 2368 174 2396 vel
196 2368 230 2396 ab
259 2367 305 2395 illa
337 2367 409 2395 mole
441 2375 574 2403 corporea
606 2367 778 2404 replebatur.
800 2367 853 2395 Sed
876 2370 977 2395 natura

129 2422 184 2443 non
207 2415 325 2443 sustinet
346 2422 482 2442 vacuum:
505 2422 571 2450 ergo
594 2414 720 2442 videtur.
736 2414 811 2450 quod
827 2414 915 2442 moles
931 2414 978 2441 illa

130 2462 252 2499 repleret
274 2462 374 2490 locum.

1115 1710 1140 1739 3.
1162 1711 1239 1745 Item,
1263 1712 1388 1744 videtur.
1405 1713 1479 1750 quod
1496 1713 1611 1742 liaberet
1626 1723 1747 1743 sursum
1764 1719 1791 1744 et
1806 1716 1885 1745 ‹leor-

1034 1766 1112 1791 sum,
1130 1759 1219 1795 «quia
1231 1759 1378 1787 summitas
1391 1760 1459 1794 eius,
1475 1761 1547 1789 sicut
1561 1761 1628 1789 dicit
1644 1761 1720 1799 Hugo
1730 1762 1748 1794 Β.
1764 1763 1885 1800 porrige-

1035 1805 1132 1839 batur.
1148 1814 1295 1843 quousque
1311 1815 1383 1835 nunc
1400 1815 1543 1836 summum
1566 1813 1713 1838 creaturae
1735 1818 1884 1847 corporeae

1036 1852 1168 1889 pertingit
1179 1863 1205 1880 »:
1222 1861 1288 1890 ergo
1310 1857 1370 1882 erat
1392 1854 1428 1883 ibi
1451 1855 1676 1884 circumferentia
1699 1860 1726 1885 et
1747 1862 1884 1886 centrum.

1114 1899 1139 1927 lt.
1163 1899 1241 1934 Item.
1269 1901 1411 1929 «materia
1433 1901 1498 1935 illa,
1520 1902 1592 1930 sicut
1619 1902 1747 1939 Magister
1769 1904 1834 1932 dicit
1857 1904 1884 1932 in

1035 1946 1127 1974 littera
1137 1946 1155 1979 ⁹.
1178 1947 1204 1974 in
1226 1947 1355 1983 partibus
1376 1948 1570 1984 superioribus
1593 1953 1652 1977 erat
1668 1949 1773 1984 rarior,
1797 1950 1883 1979 levior

1035 1996 1061 2021 et
1083 1993 1220 2027 subtilior,
1244 1994 1268 2021 in
1293 1994 1415 2022 inferiori
1438 1998 1517 2031 parte
1536 1996 1652 2032 spissior
1674 1999 1700 2024 et
1722 1998 1844 2033 grossior
1857 2008 1882 2025 n:

1034 2048 1100 2077 ergo
1122 2044 1182 2069 erat
1203 2041 1238 2070 ibi
1263 2042 1386 2078 gravitas
1407 2045 1434 2070 et
1450 2042 1563 2076 levitam
1586 2043 1633 2072 sed
1651 2044 1808 2073 secundum
1832 2045 1882 2074 lias

1035 2088 1220 2124 proprietates
1242 2096 1359 2125 corpora
1381 2089 1485 2117 liabent
1506 2089 1590 2118 locari
1621 2098 1734 2119 sursum
1758 2094 1784 2119 et
1806 2091 1884 2120 deor-

1035 2142 1113 2162 sum:
1137 2142 1203 2172 ergo
1225 2135 1298 2164 redit
1320 2135 1392 2164 idem
1415 2136 1490 2173 quod
1512 2136 1599 2173 prius.

1116 2182 1162 2209 :ld
1182 2183 1364 2219 oppositum.-
1390 2184 1412 2211 l.
1443 2183 1515 2211 Nibil
1547 2192 1597 2220 per
1629 2192 1658 2213 se
1691 2187 1732 2213 est
1754 2185 1779 2212 in
1807 2185 2014 2217 loco..i‹101,1msfi-

1035 2228 1086 2256 nisi
1109 2229 1184 2265 quod
1207 2233 1248 2257 est
1270 2228 1316 2257 ltt'c
1338 2233 1362 2257 ct
1383 2238 1483 2260 mmo:
1505 2233 1532 2258 et
1547 2230 1615 2258 nihil
1631 2234 1672 2259 est
1688 2230 1734 2259 lzt'c
1749 2235 1773 2259 ct
1793 2240 1882 2265 utmc,
1933 2220 1977 2235 ''¹¹¹''

1034 2275 1087 2303 nisi
1110 2275 1183 2312 quod
1206 2279 1247 2304 est
1270 2275 1321 2304 lioc
1336 2276 1468 2314 aliqui(t;
1490 2280 1516 2305 et
1538 2277 1607 2305 nihil
1623 2280 1664 2306 est
1686 2276 1737 2305 ltoc
1759 2278 1882 2316 aliquid,

1034 2322 1087 2350 nisi
1109 2323 1184 2358 quod
1206 2326 1247 2351 est
1263 2323 1456 2357 individuum;
1472 2328 1499 2352 et
1514 2332 1595 2352 omne
1610 2325 1664 2353 tale
1687 2329 1728 2354 est
1749 2334 1798 2354 ens
1813 2334 1884 2355 com-

1035 2369 1141 2404 pletum
1155 2369 1186 2397 m:
1210 2377 1276 2406 ergo
1298 2379 1317 2398 st
1329 2371 1439 2407 primo,
1462 2371 1530 2399 nihil
1547 2374 1588 2400 est
1603 2372 1631 2399 in
1647 2372 1719 2405 loco,
1741 2373 1793 2401 nisi
1809 2373 1883 2410 quod

1036 2419 1077 2444 est
1098 2424 1147 2444 ens
1169 2416 1348 2453 completum.
1371 2418 1422 2446 Sed
1447 2419 1562 2447 materia
1584 2418 1631 2447 illa
1658 2428 1712 2447 non
1744 2423 1803 2448 erat
1835 2428 1884 2449 eus

1038 2462 1223 2498 cou‘ipletum:
1246 2470 1312 2499 ergo
1335 2464 1360 2491 iu
1385 2464 1443 2493 loco
1465 2473 1522 2493 non
1544 2464 1665 2494 habebat
1686 2466 1784 2495 samu.

197 2583 203 2597 ¹
221 2584 243 2605 ln
262 2583 367 2611 pluribus
385 2590 438 2605 nisS.
457 2587 478 2606 ct
496 2584 517 2605 iu
536 2584 585 2605 vm.
605 2583 747 2605 desideratur
764 2583 879 2612 producta
898 2583 950 2612 fuit.

193 2622 201 2636 Ξ
219 2623 265 2644 ΑΗ.
288 2623 304 2644 1.
323 2629 344 2651 q.
368 2623 383 2644 1.
402 2629 449 2651 seq.
467 2635 498 2638 —
516 2623 564 2644 Mox
582 2622 632 2644 cod.
651 2629 676 2644 cc
694 2625 715 2644 ot
741 2623 776 2644 cd.
805 2624 809 2644 1
837 2624 911 2651 potest*
935 2630 977 2651 pro

130 2661 212 2689 potuit.

194 2699 203 2713 3
220 2699 274 2726 Cap.
298 2701 314 2721 1.
328 2706 348 2722 n.
366 2701 382 2721 1.
396 2707 459 2728 seqq.
473 2703 494 2722 et
511 2706 529 2722 c.
543 2700 563 2722 -’3’.
582 2707 603 2722 n.
625 2701 657 2722 13.
674 2707 738 2729 seqq.
750 2701 858 2722 —Paulo
872 2702 978 2728 superius

131 2745 158 2761 ex
176 2738 226 2760 cod.
245 2744 270 2760 cc
287 2742 309 2760 ct
325 2738 360 2761 ed.
383 2739 387 2760 1
410 2739 571 2761 substituimus
588 2739 652 2768 quod
669 2745 751 2762 creare
763 2745 805 2767 pro
819 2738 875 2768 quia.
888 2745 979 2762 creare.

195 2777 204 2790 ⁴
221 2777 254 2799 Ps.
279 2778 331 2805 103,
350 2777 393 2799 ’24ε
412 2777 492 2799 Omnia
512 2779 533 2799 in
551 2778 661 2805 sapientia
681 2778 758 2800 fecisti.
771 2777 857 2800 —Csr.
872 2778 975 2806 August.⁷

132 2816 145 2837 1.
166 2816 193 2838 (le
211 2816 266 2838 Gen.
285 2819 361 2838 contra
380 2817 474 2838 Manicti.
493 2823 512 2838 e.
531 2817 551 2838 3.
570 2823 590 2838 n.
610 2817 630 2838 G.

195 2854 204 2868 5
221 2854 264 2877 Csr.
284 2861 352 2882 supra
372 2861 424 2882 pag.
443 2855 484 2879 66,
503 2859 553 2878 uota
573 2856 593 2876 R.

194 2893 203 2908 ⁶
221 2894 280 2915 Libr.
300 2894 314 2914 1.
333 2894 361 2916 de
379 2895 479 2916 Sacram.
498 2901 520 2922 p.
540 2895 553 2916 l.
571 2902 590 2916 c.
609 2894 629 2915 6.
647 2906 679 2910 —
697 2894 764 2916 Paulo
782 2896 888 2922 superius
901 2896 979 2923 plures

133 2932 200 2955 codd.
219 2931 352 2955 cuiusmodi
368 2939 409 2960 pro
429 2933 523 2960 utrum,
543 2936 565 2954 et
587 2933 638 2954 dein
665 2933 732 2955 codd.
751 2933 767 2954 A
785 2940 811 2955 ce
829 2933 978 2962 corporalem.

134 2977 176 2999 pro
194 2971 362 3000 corporalium.

258 3021 282 3044 S.
302 3022 388 3044 Bonae.
406 3034 437 3038 —
455 3022 520 3044 Toni.
540 3022 562 3044 11.

1099 2584 1108 2598 ⁷
1126 2583 1169 2606 Csr.
1188 2591 1257 2612 supra
1278 2591 1329 2613 pag.
1349 2585 1390 2613 555,
1409 2590 1459 2608 nota
1479 2587 1499 2608 8.
1518 2591 1540 2609 et
1552 2594 1604 2615 pag.
1618 2588 1661 2615 65³,
1676 2591 1727 2611 nota
1745 2589 1761 2610 1.
1774 2590 1883 2617 -Quod

1034 2629 1139 2645 vacuum
1157 2630 1200 2645 uon
1219 2624 1292 2651 detur,
1312 2625 1411 2647 ostendit
1429 2627 1533 2653 Ariston,
1552 2627 1587 2648 tv.
1605 2627 1671 2655 Phys.
1692 2630 1743 2650 text.
1763 2628 1799 2650 67.
1819 2634 1883 2657 seqq.

1037 2663 1064 2685 tc.
1084 2662 1104 2684 S.
1123 2662 1188 2690 seq).

1098 2701 1107 2715 3
1124 2701 1184 2723 Libr.
1204 2702 1216 2724 1.
1236 2702 1264 2724 (le
1283 2703 1384 2725 Sacram.
1402 2710 1424 2731 p.
1443 2705 1456 2725 1.
1475 2711 1494 2726 c.
1513 2705 1533 2726 6,

1097 2740 1107 2754 s’
1126 2741 1165 2763 Hic
1184 2747 1202 2762 c.
1221 2741 1241 2763 5.

1100 2780 1118 2794 ¹⁰
1136 2781 1166 2802 Dc
1185 2781 1219 2803 liis
1236 2781 1276 2803 cfr.
1295 2788 1364 2809 supra
1383 2789 1435 2810 pag.
1455 2782 1496 2809 77,
1516 2786 1566 2805 nota
1585 2784 1613 2810 23
1636 2790 1690 2811 pag.
1716 2784 1756 2808 79,
1784 2788 1834 2807 nota
1858 2786 1862 2807 1
1878 2793 1883 2813 3

1035 2825 1088 2847 pag.
1107 2820 1148 2847 90,
1168 2822 1217 2841 uota
1241 2821 1264 2847 l;
1284 2827 1336 2848 pag.
1360 2821 1411 2849 toti,
1434 2825 1485 2843 nota
1503 2822 1525 2844 7.
1547 2826 1568 2844 ct
1591 2823 1719 2851 Aviconna7
1740 2823 1761 2844 11.
1787 2824 1883 2851 Metapli.

1035 2863 1054 2879 c.
1073 2858 1093 2879 3.
1111 2870 1142 2874 —
1159 2858 1214 2880 Cod.
1237 2865 1262 2880 cc
1279 2862 1301 2881 et
1318 2859 1354 2881 ed.
1377 2860 1382 2881 1
1404 2860 1439 2882 bis
1457 2866 1499 2887 pro
1517 2859 1553 2883 hic
1571 2861 1668 2884 etilmic
1683 2862 1824 2884 substituunt
1841 2862 1884 2885 hoc

1037 2903 1119 2919 uuum.
1138 2897 1187 2919 Mox
1205 2900 1257 2925 post
1273 2904 1288 2918 a.
1299 2898 1377 2927 primo
1395 2899 1444 2921 Vat.
1463 2899 1526 2921 addit
1538 2899 1569 2921 ad
1580 2899 1707 2927 *itllt‘mum;
1721 2901 1761 2923 sed
1779 2902 1800 2923 in
1814 2902 1884 2929 pluri-

1035 2935 1079 2958 bus
1097 2936 1163 2958 codd.
1182 2939 1204 2959 et
1226 2937 1261 2959 ed.
1289 2938 1293 2958 1
1321 2937 1463 2960 desideratur
1485 2940 1528 2960 tota
1547 2940 1673 2966 propositio
1697 2946 1770 2968 usquc
1788 2940 1816 2962 ad
1838 2940 1885 2963 Sed

1035 2974 1142 2997 materia.

1726 3029 1754 3050 :39
