2243 3425
15 434 17 442 l

14 453 17 466 l

20 493 60 512 Alia
70 491 144 511 solutio.

744 169 828 198 le'T.
852 169 868 197 1.
892 170 918 198 P.
941 169 969 197 it.
992 169 1064 197 ART.
1088 169 1115 197 11.
1140 169 1276 206 QUAEST.
1299 170 1327 197 11.

158 248 321 286 responderi
344 251 433 285 potest
454 248 612 285 dupliciter.
629 248 750 281 Primo,
765 248 840 285 quod
856 248 908 277 1100
923 248 1007 276 habet

159 295 320 329 veritatem,
343 295 454 332 quando
486 303 605 332 operans
627 298 761 332 operatur
794 298 909 332 propter
941 294 1009 322 indi-

159 343 278 380 gentiam
301 342 420 371 alicuius
442 342 513 376 finis,
529 342 563 370 ad
580 350 664 380 quem
686 350 739 371 non
756 345 846 379 potest
862 342 1008 378 pervenire

159 390 211 418 nisi
233 398 283 426 per
298 397 381 426 opus.
397 390 470 426 quod
494 390 640 427 producitg
662 390 709 418 sed
733 389 796 417 talis
812 396 931 426 operans
953 397 1007 417 non

157 441 199 465 est
222 437 310 470 Deus⁷
333 437 405 465 sicut
426 440 519 474 patet:
543 440 568 465 et
591 437 653 465 ideo
669 445 722 465 non
739 436 823 465 habet
839 436 931 464 locum
954 436 1006 465 hic.

158 500 197 504 —-
215 483 260 511 Vel
274 483 360 512 aliter
375 484 542 519 dicendum,
559 484 632 521 quod
650 492 695 512 res
710 483 797 512 factae
814 486 879 512 sunt
893 486 1008 520 propter

157 530 206 559 Dei
222 530 348 567 gloriam.
365 538 427 564 non.
441 531 564 568 inquam.
579 530 793 568 ctfflsitt'remlctm
808 530 852 559 1·οΙ
865 530 1009 567 amplian-

158 577 237 611 dam,
251 577 299 605 sed
312 577 519 605 oscemlendcmii
531 580 557 606 et
569 577 856 605 commrimiectmlarnz.
872 577 901 605 Et
913 585 1008 613 quain-

158 624 200 652 vis
221 624 309 661 gloria
330 624 377 652 Dei
395 624 429 652 sit
444 624 503 652 siue
525 623 610 652 rebus
632 623 724 657 factis.
748 632 801 652 non
823 629 915 652 tamen
937 632 1009 652 rom-
1030 618 1035 621 ⁴

158 671 317 699 municatur
339 670 383 699 vel
405 670 599 699 manifestatur
621 670 672 698 nisi
695 678 745 707 per
769 678 812 699 res
834 671 994 715 productas.

1879 170 1915 198 [15

1145 248 1171 276 [ι.
1194 248 1274 284 Quod
1297 248 1443 283 obiicitur7
1466 248 1541 285 quod
1563 248 1658 276 fruitio
1681 248 1769 285 inagis
1795 247 1918 285 perficit:

1068 295 1235 329 dicendum,
1258 295 1333 332 quod
1356 295 1418 324 laus
1433 295 1583 332 dupliciter
1598 298 1655 330 est,
1671 295 1776 324 scilieet
1787 294 1919 332 perfectu

1066 345 1093 371 et
1105 340 1285 379 imperfecta.
1298 343 1370 371 Laus
1383 341 1554 379 imperfeetu
1568 343 1661 371 minus
1672 342 1781 380 perficit
1796 343 1918 371 animam

1066 396 1150 425 quam
1174 389 1268 417 fruitio
1282 400 1288 419 ;
1310 389 1360 417 50(1
1381 397 1437 417 non
1459 390 1498 417 sic.
1514 389 1575 418 laus
1587 388 1730 426 perfecta,
1746 389 1812 426 quia
1826 390 1918 418 anima

1066 436 1155 473 magis
1187 436 1307 464 laetatur
1339 436 1367 464 in
1400 436 1487 473 gloria
1510 440 1537 465 et
1559 436 1623 473 plus
1652 436 1784 473 gaudebit
1808 437 1842 465 de
1870 437 1919 465 Dei

1066 483 1154 520 gloria
1176 486 1202 512 et
1224 483 1330 512 honore
1358 491 1443 520 quam
1470 484 1504 512 de
1519 492 1566 513 sua
1585 484 1798 520 glorificatione,
1814 487 1841 513 et
1856 484 1920 520 plus

1066 530 1267 559 iucundabitur
1290 531 1315 559 in
1349 530 1509 559 laudando¹
1549 539 1633 568 quam
1662 531 1689 559 in
1717 531 1920 560 considerando

1066 578 1213 614 proprium
1236 577 1350 606 bonum.
1374 578 1404 606 Et
1426 578 1489 606 ideo
1510 581 1599 615 patet.
1622 578 1698 615 quod
1721 578 1767 607 ille
1789 578 1852 606 finis
1878 581 1921 606 est

1066 624 1193 653 ulterior.

904 762 1167 799 SGHOLION.

222 854 235 876 l.
254 853 319 877 Finis
337 854 485 881 distinguitur
502 853 671 881 multipliciter3
695 854 738 875 1100
764 854 814 875 loeo
837 853 951 876 notandus
976 857 1010 876 est

136 914 141 917 .
159 894 243 922 duplex
261 893 327 915 sinis:
345 893 397 915 sinis
415 892 552 922 operantis,
572 893 611 921 qui
629 896 663 914 est
680 892 702 915 id
722 892 786 921 quod
804 893 962 921 principaliter
980 894 1010 915 in-

149 1934 228 1979 Nam
252 1950 325 1978 hunc
348 1950 435 1986 tangit
456 1949 585 1986 Magister
612 1949 639 1977 in
666 1949 793 1984 11110012.

25 2240 157 2259 Fundamenta.

157 933 229 956 tendit
246 939 360 961 operans,
378 935 399 955 et
417 933 453 954 hic
470 934 505 954 est
526 938 619 959 semper
641 933 663 954 in
687 933 738 960 ipso
764 936 890 960 operante3
915 935 937 954 et
959 932 1011 955 finis

157 972 249 1002 operis,
271 973 309 1001 qui
329 975 362 994 est
379 972 436 995 ratio
454 972 547 1000 operis,
566 971 595 993 ad
614 978 685 1000 quam
700 978 760 999 opus
773 975 852 994 natura
865 978 905 994 sua
918 972 1010 994 ordina-

157 1015 205 1040 tur⁷
219 1012 289 1034 ethic
306 1017 374 1040 saepe
391 1014 425 1033 cst
443 1014 505 1033 extra
524 1014 631 1039 agentem
649 1012 671 1033 in
690 1011 733 1033 alio
751 1011 806 1039 (cfr.
824 1011 881 1033 inl'ra
899 1011 922 1033 d.
939 1012 972 1033 ll.
990 1018 1010 1033 a.

157 1053 178 1074 2.
196 1058 218 1080 q.
237 1052 258 1073 3.
276 1051 305 1073 ad
324 1052 344 1073 6.
356 1055 368 1075 1.
387 1051 475 1073 Tamen
493 1050 544 1073 linis
561 1051 638 1078 operis
656 1050 774 1073 reducitur
786 1051 808 1072 in
821 1050 891 1072 linem
911 1056 1009 1080 operan-

157 1090 186 1114 tis
204 1091 241 1117 (S.
260 1091 351 1118 Thoar,
371 1091 406 1112 liic
424 1097 446 1119 q.
466 1091 486 1112 2.
505 1096 524 1112 a.
547 1091 586 1118 l.).
610 1091 651 1112 Hic
669 1093 746 1113 autem
773 1090 895 1119 dupliciter
920 1091 1009 1119 concipi

157 1133 247 1158 potest:
266 1133 305 1152 aut
323 1132 418 1158 propter
436 1128 579 1152 desiderium
597 1129 752 1158 acquirendae
764 1130 796 1152 rei
810 1136 854 1152 non
868 1129 973 1157 habitae,
987 1133 1011 1152 ut

157 1171 224 1192 estin
244 1169 325 1195 nobis;
343 1172 382 1192 aut
399 1172 494 1197 propter
512 1168 708 1198 complacentium
726 1169 777 1191 sinis
790 1170 835 1191 iani
849 1169 927 1193 habiti.
940 1176 1010 1198 quem

157 1215 256 1237 operans
274 1208 370 1230 intendit
387 1209 559 1230 communicare
577 1208 632 1236 aliis⁷
652 1210 675 1230 ut
698 1212 732 1230 est
752 1209 773 1230 in
799 1208 847 1230 Deo
869 1207 908 1236 (ad
929 1208 1011 1235 3.).-

158 1248 230 1270 Facite
243 1248 388 1275 intelligitur,
406 1247 475 1269 finem
494 1247 608 1271 ultimum,
622 1253 649 1269 cx
667 1250 731 1275 purte
744 1248 870 1270 creaturae
883 1247 1011 1270 considera-

159 1291 215 1315 tum,
234 1293 278 1308 uon
296 1293 347 1309 esse
374 1287 415 1308 nisi
433 1287 455 1308 in
474 1287 535 1314 Deo,
560 1287 599 1315 qui
616 1289 651 1308 est
668 1287 717 1308 eius
734 1287 836 1314 primum
863 1287 1010 1314 principium.

159 1326 241 1348 Omnia
259 1326 321 1347 enim
339 1329 452 1353 appetunt
469 1325 556 1347 bonum
574 1325 617 1347 sibi
644 1328 793 1353 competens,
820 1325 883 1354 quod
908 1332 952 1347 non
979 1329 1012 1348 est

158 1366 201 1388 nisi
220 1365 308 1387 honum
327 1366 345 1386 a'
357 1371 449 1387 summo
467 1365 529 1387 bono
547 1365 709 1392 participaturi]
726 1368 748 1386 ct
764 1365 794 1387 ad
812 1364 873 1387 idem
887 1365 967 1387 ultimo
980 1372 1011 1387 rc-

160 1405 301 1428 ducendum
319 1417 350 1421 —
368 1405 438 1426 Maior
456 1404 578 1427 difficultas
595 1408 630 1426 est
648 1404 676 1426 de
694 1404 738 1426 1100
760 1411 787 1425 ex
812 1408 877 1432 parte
894 1404 937 1427 Dei
962 1411 1012 1434 ope-

159 1443 254 1471 rantis,
275 1450 328 1466 cum
346 1443 408 1465 Deus
426 1449 467 1465 nee
484 1442 629 1466 intrinsecus
647 1442 734 1472 aliquit
752 1443 883 1471 acquirere,
904 1449 944 1465 nec
963 1444 1012 1466 eius

159 1483 267 1505 voluntas
284 1489 297 1505 a
316 1482 377 1504 bono
395 1483 472 1511 aliquo
484 1483 556 1505 extra
568 1482 647 1511 ipsum
660 1482 739 1504 ultimo
752 1483 841 1504 moveri
861 1483 940 1509 possit.
953 1483 1013 1504 sicut

159 1523 266 1544 voluntas
284 1525 359 1544 creata
378 1522 433 1547 (cfr.
452 1522 466 1543 1.
485 1522 546 1543 Sent.
565 1521 586 1543 d,
606 1521 642 1543 45.
662 1521 718 1543 dub.
737 1521 762 1549 3;
782 1521 897 1550 Brevitoq.
915 1528 937 1549 p.
957 1521 979 1543 ll.
992 1527 1012 1544 c.

161 1562 204 1590 1.).
224 1561 287 1583 Unde
307 1561 436 1589 Durandusy
456 1561 524 1583 tinem
543 1562 659 1589 operantis
677 1562 698 1582 in
724 1560 771 1582 Deo
798 1567 863 1588 esse,
890 1567 1012 1589 perperam

160 1602 268 1629 negavit,
287 1607 388 1628 arguens
406 1603 485 1622 contra
503 1601 603 1622 rationes
621 1600 642 1622 S.
662 1600 765 1622 Tliomac
788 1599 839 1628 (hic
857 1606 879 1628 (Ι.
899 1600 920 1622 2.
933 1607 952 1622 a.
971 1601 1012 1629 l.);

160 1641 244 1669 aliique
263 1640 327 1662 inulti
345 1640 484 1662 recentiores
502 1640 561 1661 circa
580 1640 677 1667 capitale
695 1640 738 1661 hoc
764 1640 851 1661 ethicae
877 1640 1013 1662 christianae

1068 854 1244 877 tundamentum
1262 858 1406 877 erraverunt.
1424 855 1481 877 Hinc
1499 854 1567 882 Conc.
1587 855 1690 877 Vatican.
1708 854 1735 877 de.
1747 854 1804 877 Fide
1816 858 1922 877 000100-

1068 896 1116 915 tum
1134 894 1156 915 in
1175 900 1224 916 can.
1242 894 1263 916 5.
1282 893 1309 916 ele
1327 893 1374 916 Deo
1392 895 1536 916 anathemate
1554 895 1668 922 percussit
1681 900 1750 922 eum,
1770 895 1809 923 qui
1836 901 1921 917 amun-

1068 933 1124 955 dum
1142 933 1172 955 ad
1190 933 1229 955 Dei
1247 934 1345 961 gloriam
1363 933 1481 956 conditum
1499 940 1549 955 esse
1568 935 1723 962 negaverit»,
1741 934 1782 956 sed
1804 935 1872 956 etiam
1900 935 1921 956 in

1067 979 1118 1001 cap.
1141 973 1158 994 l.
1177 973 1304 995 luculenter
1322 973 1449 995 doctrinan]
1469 979 1619 995 communem
1637 973 1768 1001 explanavit
1785 974 1832 995 sie:
1862 973 1922 995 «Hir

1067 1012 1131 1033 solus
1146 1018 1218 1034 verus
1237 1012 1297 1034 Deus
1314 1011 1415 1034 bonitate
1433 1018 1475 1034 sua
1493 1015 1515 1034 et
1531 1013 1685 1040 omnipotenti
1710 1013 1795 1034 virtute
1821 1018 1866 1034 non
1893 1012 1922 1035 ad

1068 1051 1200 1079 augendam
1218 1057 1285 1073 suam
1304 1051 1485 1079 beatitudinem,
1505 1057 1547 1073 nec
1564 1051 1593 1073 ad
1618 1051 1800 1080 acquirendam,
1827 1051 1868 1074 sed
1893 1051 1922 1074 ad

1068 1091 1259 1113 manifestandam
1277 1091 1443 1118 perfectionem
1460 1097 1527 1113 suam
1553 1097 1595 1119 per
1619 1090 1699 1119 hona,
1726 1098 1786 1120 quae
1812 1092 1923 1114 creaturis

1068 1130 1221 1158 impertitur...
1239 1130 1268 1152 de.
1287 1130 1356 1152 nihilo
1374 1130 1477 1153 condidit
1488 1133 1619 1153 creaturam
1629 1139 1650 1152 ».
1664 1131 1731 1159 Quod
1744 1130 1862 1153 decretum
1876 1131 1923 1153 tere

1068 1169 1097 1191 ad
1115 1168 1215 1191 verbnm
1233 1170 1341 1191 convenit
1359 1176 1412 1191 cum
1431 1169 1499 1192 dictis
1516 1176 1528 1192 a
1546 1170 1568 1191 S.
1586 1170 1746 1192 Bonnrentura
1761 1170 1812 1197 <liic
1824 1170 1846 1192 in
1859 1176 1921 1198 corp.

1068 1212 1090 1231 et
1107 1209 1137 1231 ad
1155 1210 1198 1237 3.).
1217 1208 1262 1231 Cfr.
1282 1209 1295 1231 Ι.
1314 1210 1376 1231 Scnt.
1394 1209 1416 1231 d.
1436 1209 1472 1231 45.
1491 1216 1511 1231 a.
1530 1210 1550 1231 2.
1570 1217 1591 1238 q.
1614 1210 1631 1232 l.
1650 1210 1670 1237 2,
1693 1214 1715 1232 et
1732 1210 1788 1232 infra
1807 1210 1829 1232 d.
1850 1209 1884 1232 15.
1903 1216 1922 1232 a.

1070 1250 1090 1270 2.
1109 1255 1130 1277 (Ι.
1154 1250 1170 1271 l.
1188 1261 1219 1265 —
1236 1249 1268 1271 De
1285 1248 1405 1278 speciebus
1423 1249 1474 1271 finis
1492 1249 1532 1272 cfr.
1551 1250 1588 1271 hic
1605 1249 1627 1271 d.
1646 1249 1683 1271 38.
1702 1256 1721 1271 a.
1744 1250 1761 1271 l.
1780 1256 1802 1278 (Ι.
1824 1251 1842 1272 1.
1861 1251 1881 1272 2.
1901 1250 1921 1272 3.

1069 1291 1090 1310 et
1108 1288 1162 1310 ibid.
1182 1288 1237 1310 dub.
1257 1288 1278 1317 li,
1296 1288 1318 1311 d.
1339 1289 1374 1310 ll.
1392 1295 1412 1311 a.
1432 1289 1452 1310 2.
1472 1296 1492 1317 (Ι.
1512 1289 1532 1311 3.
1551 1289 1580 1311 ad
1599 1289 1626 1316 6.
1647 1289 1668 1311 d.
1688 1288 1724 1311 40.
1743 1296 1762 1311 a.
1786 1290 1802 1311 l.
1821 1296 1842 1318 (Ι.
1866 1290 1882 1311 1.
1902 1291 1922 1317 23

1070 1328 1084 1350 l.
1102 1328 1162 1350 Sent.
1182 1328 1203 1350 d.
1227 1328 1243 1350 l.
1263 1328 1318 1350 dub.
1338 1328 1381 1356 Ἰ15;
1401 1328 1437 1350 tv.
1456 1329 1517 1351 Sciit.
1536 1328 1558 1351 d.
1577 1329 1598 1350 6.
1616 1335 1638 1356 p.
1657 1328 1680 1350 ll.
1699 1335 1719 1350 a.
1738 1329 1758 1350 2.
1778 1335 1799 1357 (Ι.
1818 1330 1839 1351 ’2.

1134 1366 1155 1387 ll.
1175 1367 1236 1388 Alex.
1262 1367 1327 1393 Hal..
1354 1368 1375 1389 S.
1402 1374 1424 1395 p.
1452 1367 1474 1389 ll.
1494 1374 1515 1396 q.
1535 1367 1554 1389 4.
1574 1374 1604 1389 m.
1627 1368 1644 1390 l.
1664 1369 1684 1389 2.
1704 1368 1723 1389 3.
1742 1380 1773 1384 —
1791 1368 1866 1393 5001..
1888 1369 1922 1390 tv.

1070 1406 1131 1427 Sent.
1151 1406 1172 1427 d.
1192 1405 1229 1427 49.
1248 1412 1270 1434 (Ι.
1289 1406 1309 1428 8.
1328 1413 1348 1428 n.
1367 1406 1389 1428 7.
1407 1406 1437 1429 ad
1454 1413 1504 1434 arg.
1522 1406 1551 1435 4;
1574 1407 1602 1429 de
1623 1407 1709 1429 Rerum
1731 1408 1804 1435 princ.
1823 1414 1845 1436 q.
1868 1408 1884 1429 1.
1903 1415 1923 1430 a.

1071 1445 1092 1466 3.
1110 1451 1131 1466 11.
1151 1445 1187 1466 25.
1205 1457 1236 1461 -
1254 1445 1276 1466 S.
1295 1445 1392 1471 Thoai..
1412 1447 1448 1468 1110
1466 1453 1488 1475 [Ι.
1507 1447 1528 1468 2.
1549 1453 1569 1468 a.
1592 1447 1608 1468 l.
1628 1447 1657 1474 2;
1676 1447 1697 1468 S.
1722 1447 1735 1468 l.
1760 1453 1781 1475 q.
1810 1446 1845 1469 441.
1864 1454 1883 1469 a.
1903 1447 1923 1475 5,

1071 1486 1092 1505 et
1110 1490 1132 1512 (Ι.
1155 1484 1204 1505 103,
1223 1490 1242 1506 a⁴
1262 1485 1290 1507 Q:
1309 1484 1330 1506 S.
1349 1491 1368 1507 c.
1387 1485 1450 1507 Gent.
1469 1485 1501 1507 111.
1520 1491 1538 1507 c.
1562 1485 1594 1507 17.
1618 1486 1650 1507 ts.
1663 1486 1730 1508 —B.
1749 1486 1841 1513 Athen..
1861 1487 1882 1508 S.
1901 1493 1924 1515 p.

1071 1523 1085 1545 l.
1104 1526 1130 1545 tr.
1150 1524 1186 1546 13.
1205 1530 1227 1552 (Ι.
1246 1523 1283 1545 5-5.
1302 1530 1332 1546 m.
1351 1524 1372 1546 3.
1393 1536 1425 1540 —
1446 1524 1503 1546 Petr.
1522 1531 1533 1547 a
1552 1525 1619 1552 Tun,
1638 1526 1674 1547 tue
1697 1532 1718 1554 (Ι,
1738 1525 1758 1547 3.
1777 1532 1797 1547 a.
1820 1526 1836 1547 1.
1856 1527 1875 1548 2,
1893 1538 1925 1542 -

1073 1562 1178 1584 metiar-u.
1198 1569 1208 1584 a
1228 1563 1300 1591 Med..
1320 1564 1355 1585 nic
1373 1569 1393 1585 a.
1412 1563 1432 1585 5.
1451 1570 1473 1592 (Ι.
1493 1564 1513 1585 2.
1531 1576 1562 1579 —
1586 1564 1660 1592 rEgid.
1686 1564 1725 1592 R„
1751 1565 1787 1586 liic
1810 1571 1832 1592 p.
1860 1564 1883 1586 ll.
1902 1571 1924 1593 (Ι.

1077 1602 1092 1623 l.
1111 1608 1130 1623 a.
1150 1602 1170 1624 2.
1190 1602 1210 1624 3.
1230 1601 1250 1624 4.
1268 1614 1299 1618 -
1316 1602 1418 1625 Durand.
1430 1621 1435 1629 ,
1454 1603 1490 1625 hic
1508 1610 1530 1632 (Ι.
1549 1604 1570 1624 (ἰ.
1588 1616 1619 1619 -
1635 1603 1729 1630 Dionys.
1743 1602 1834 1630 Carth.‚
1848 1604 1884 1625 1110
1901 1610 1923 1632 (Ι.

1073 1642 1093 1663 8.
1111 1654 1143 1658 —
1160 1642 1221 1666 Biel.
1240 1643 1277 1664 hic
1295 1649 1316 1671 q.
1335 1642 1356 1664 5.

934 1729 1097 1766 01110500
1120 1730 1147 1758 tt.

246 1817 350 1846 Utrum
370 1821 484 1845 ‘natura
504 1816 672 1853 spiritztctli's
694 1817 835 1855 cliyiiitctle
858 1821 984 1846 naturae
1002 1816 1165 1854 praecellat
1186 1817 1379 1854 coiitpost'tttm
1402 1826 1436 1845 ex
1457 1817 1614 1854 spirituali
1633 1822 1659 1847 et
1680 1819 1838 1856 corporali.

240 1903 367 1931 Secundo
389 1902 534 1939 quaeritur
551 1902 585 1931 de
601 1902 698 1931 ordine
720 1911 816 1931 rerum
833 1903 867 1931 ad
884 1903 1012 1932 invicem.

821 1954 917 1979 utrum
940 1951 1014 1980 vide-

163 1998 224 2027 lieet
246 2000 347 2026 natura
379 1997 533 2034 spiritualis
555 1997 689 2034 dignitate
717 2001 834 2026 naturae
863 1998 1013 2035 praecellat

162 2045 343 2082 compositam
367 2052 403 2073 ex
425 2044 561 2081 spirituali
584 2048 609 2073 et
632 2045 779 2081 corporali.
803 2045 915 2074 Certum
939 2046 1012 2074 enini

162 2096 215 2121 est.
231 2092 306 2129 quod
322 2095 442 2128 utraque
464 2091 607 2128 praecellit
629 2092 812 2129 corporalem.
829 2092 860 2120 Et
875 2093 948 2130 quod
966 2093 1013 2127 510,

162 2139 282 2168 videtur.

247 2187 270 2214 1.
292 2186 320 2214 10
343 2187 418 2214 00101
440 2193 541 2222 genere
561 2186 711 2215 «nobilius
732 2189 772 2214 est
802 2186 870 2214 illud
901 2190 1015 2224 propter

164 2234 239 2271 quod
254 2236 296 2262 est
310 2233 446 2263 alterum.
463 2233 534 2262 sicut
551 2233 612 2262 sinis
627 2241 659 2262 eo
674 2234 748 2270 quod
764 2237 805 2262 est
821 2234 856 2262 ad
871 2234 955 2262 finem
969 2234 1015 2268 ³»3

164 2281 213 2310 sed
236 2281 319 2308 homo
334 2283 375 2309 est
397 2284 511 2317 propter
526 2280 661 2317 Angelum
677 2297 714 2300 —
730 2288 809 2315 naui,
832 2281 904 2309 sicut
919 2281 1015 2310 dicunt

165 2327 271 2367 Sancti„
293 2331 320 2355 et
335 2327 464 2364 Magister
487 2327 584 2355 recitat
599 2327 626 2354 in
642 2327 733 2355 littera
743 2349 750 2361 ‚
772 2327 855 2355 horno
870 2327 960 2356 factus
974 2331 1016 2356 est

164 2374 200 2403 ad
223 2374 426 2411 reparationem
448 2374 589 2411 angelicae
612 2374 759 2402 ruinae—-
775 2382 842 2411 ergo
864 2378 915 2403 etc.

245 2423 271 2449 2.
292 2421 372 2454 item,
395 2421 555 2458 spirituale,
579 2421 742 2458 simpliciter
764 2421 918 2458 loquendo.
941 2422 1016 2450 nobi-

166 2469 220 2497 lius
241 2471 283 2497 est
305 2468 457 2505 corporali:
481 2476 547 2504 ergo
569 2468 691 2497 nobilius
713 2472 754 2496 est
769 2468 839 2496 illud
854 2468 928 2505 quod
945 2477 1016 2505 pure

166 2518 207 2544 est
229 2515 357 2552 spiritus.
379 2515 449 2543 nihil
471 2515 577 2543 habens
600 2515 634 2543 de
666 2522 797 2551 corpore.
828 2522 912 2551 quam
941 2515 1016 2552 quod

166 2565 208 2601 est
229 2561 374 2598 spirituale
397 2565 421 2590 et
446 2562 625 2590 coniunctum
649 2561 774 2598 corpori:
803 2570 869 2598 ergo
898 2561 1017 2590 nobilior

167 2608 288 2645 angelica
312 2612 412 2637 natura
434 2616 519 2645 quam
542 2608 674 2636 humana.

232 2742 238 2756 1
257 2742 362 2764 Subaudi
380 2748 433 2765 cum
451 2742 501 2765 cod.
521 2743 536 2764 N
556 2742 637 2765 Deum.

231 2780 240 2794 ‘2
258 2781 298 2803 Hic
319 2786 338 2802 0.
357 2781 377 2802 6.
396 2782 417 2803 in
436 2781 488 2803 fine.

231 2819 240 2833 ³
258 2820 348 2842 Aristot.
359 2838 364 2848 ⁷
382 2820 396 2842 l.
414 2820 505 2842 Rtietor.
524 2826 543 2842 c.
561 2819 588 2843 [Ie
607 2821 671 2843 Bono
688 2820 779 2844 maiore
801 2822 822 2844 el
839 2821 893 2844 vutili
908 2821 1018 2850 maiore,-

168 2859 200 2881 lll.
218 2859 299 2887 Topic.
317 2864 336 2881 c.
359 2859 375 2881 1.
393 2863 415 2881 et
433 2859 446 2880 l.
465 2859 538 2887 Magn.
558 2859 634 2881 titorat.
652 2866 671 2882 c.
690 2860 710 2881 3.
730 2860 758 2887 (0.
777 2860 816 2888 2.).
830 2860 906 2882 Verba
918 2861 1018 2889 Magistri

169 2903 221 2919 mox
240 2898 304 2920 citata
322 2897 376 2920 vide
394 2898 430 2919 1110
447 2904 466 2919 c.
484 2897 509 2925 5,
528 2898 567 2920 ubi
590 2899 658 2920 etiam
676 2899 698 2920 in
724 2902 775 2921 nota
802 2905 814 2921 a
840 2899 906 2921 nobis
931 2899 1018 2922 adiecta

170 2937 280 2964 allegatur
297 2937 439 2964 Augustinus
457 2943 499 2965 pro
518 2938 559 2959 hac
576 2938 699 2965 sententia⁷
718 2938 746 2960 de
765 2944 810 2967 qua
830 2939 898 2961 etiam
916 2940 956 2961 cfr.
975 2940 1020 2961 An-

169 2976 249 3003 selm„
269 2976 283 2998 l.
302 2975 349 2998 Cur
366 2976 428 2998 Deus
446 2977 531 3003 110010,
549 2984 568 2998 e.
591 2977 626 2998 18.

1150 1904 1175 1933 3.
1200 1905 1284 1933 Item.
1308 1905 1333 1933 in
1351 1905 1477 1942 quolibet
1498 1913 1600 1941 genere
1616 1906 1774 1934 innnortale
1797 1906 1925 1935 01111001·-

1072 1952 1204 1988 ruptibile
1226 1952 1349 1981 nobilius
1364 1955 1405 1981 est
1422 1953 1532 1981 mortali
1554 1956 1581 1981 et
1603 1953 1796 1990 corruptibili;
1812 1953 1860 1983 sed
1877 1955 1925 1982 An-

1071 1999 1150 2036 gelus
1171 2008 1221 2036 per
1243 2003 1372 2029 naturam
1395 2003 1437 2029 est
1459 2001 1625 2030 immortalis
1646 2005 1673 2029 et
1695 2001 1923 2038 incorruptibilis.

1070 2046 1154 2075 homo
1176 2054 1243 2075 vero
1264 2054 1279 2075 e
1301 2047 1451 2075 contrario:
1474 2055 1541 2084 ergo
1562 2050 1613 2077 eto.

1150 2093 1176 2121 li.
1200 2092 1283 2127 [teni.
1311 2093 1413 2130 «quod
1443 2093 1564 2122 similius
1596 2097 1637 2123 est
1663 2094 1771 2123 meliori
1801 2098 1843 2124 est
1871 2103 1925 2125 1110-

1072 2139 1141 2169 lius.
1163 2140 1185 2168 si
1208 2148 1262 2168 non
1285 2140 1320 2168 sit
1342 2140 1462 2169 similius
1477 2141 1504 2169 in
1526 2141 1782 2175 ridiculosioribus,
1798 2145 1829 2170 ut
1844 2143 1924 2171 simia

1072 2187 1178 2215 homini
1200 2195 1283 2224 quani
1301 2195 1392 2224 equus
1407 2188 1450 2222 4»;
1473 2188 1522 2217 sed
1544 2188 1664 2225 Angelus
1679 2192 1721 2217 est
1736 2189 1792 2217 Deo
1808 2189 1924 2218 similior

1072 2237 1099 2262 et
1120 2234 1282 2263 deiformior
1304 2242 1389 2271 quani
1412 2235 1509 2269 homo;
1530 2235 1584 2264 hoc
1610 2236 1787 2265 manifestum
1816 2240 1870 2270 est;
1899 2240 1924 2265 01

1073 2289 1127 2309 non
1150 2281 1176 2309 in
1198 2281 1371 2316 ridiculosis,
1393 2282 1441 2310 sed
1464 2282 1491 2310 in
1514 2283 1637 2319 optimis:
1666 2291 1733 2320 ergo
1761 2283 1925 2320 simpliciter

1073 2329 1171 2357 melior
1194 2332 1235 2357 est
1258 2332 1358 2358 natura
1380 2329 1534 2366 spiritualis
1555 2338 1638 2367 quam
1662 2331 1823 2367 composita.

1152 2376 1276 2404 Comus:
1302 2377 1326 2404 t.
1348 2377 1547 2413 Augustinus⁵z
1566 2378 1682 2406 «Mente
1703 2378 1827 2406 humana
1849 2379 1926 2408 solus
1939 2382 2058 2424 Adffilrosi-

1073 2422 1148 2450 Deus
1169 2426 1211 2450 est
1233 2423 1359 2450 maior».
1383 2423 1459 2452 Unde
1481 2423 1508 2451 in
1530 2423 1603 2451 libro
1623 2423 1657 2452 de
1679 2424 1812 2453 Trinitate
1840 2425 1926 2453 unde-

1074 2468 1146 2496 cimo
1167 2472 1194 2496 et
1215 2469 1242 2496 in
1265 2468 1336 2497 libro
1352 2469 1497 2506 Octoginta
1518 2470 1605 2498 trium
1627 2471 1828 2507 Quaestionum
1850 2472 1925 2506 dicit.

1080 2515 1182 2551 «quod
1206 2515 1366 2544 immediate
1389 2516 1448 2553 ipsa
1469 2524 1549 2545 niens
1577 2525 1593 2545 a
1613 2517 1705 2553 prima
1732 2518 1849 2547 veritate
1875 2518 1927 2547 for-

1075 2565 1169 2590 matur
1180 2574 1207 2596 »‚
1229 2566 1256 2590 et
1282 2574 1294 2587 «
1310 2563 1382 2591 inter
1404 2564 1493 2600 ipsam
1516 2566 1543 2593 et
1565 2564 1654 2593 Deum
1676 2565 1745 2593 nihil
1772 2566 1846 2594 cadit
1872 2574 1927 2595 me-

1075 2608 1153 2637 dium
1170 2619 1195 2636 »1
1218 2617 1285 2646 ergo
1307 2610 1426 2646 Angelus
1449 2619 1501 2639 non
1523 2614 1564 2640 est
1585 2620 1671 2649 supra
1694 2617 1815 2641 mentem
1830 2613 1927 2642 huma-

1139 2742 1147 2757 4
1165 2744 1268 2771 Aristot,
1288 2743 1319 2765 111.
1338 2743 1418 2772 Topic.
1436 2750 1455 2766 c.
1474 2745 1502 2766 2:
1521 2744 1546 2766 Et
1564 2744 1656 2773 [melius
1679 2745 1722 2773 est]
1749 2745 1813 2774 quod
1838 2746 1926 2768 meliori

1075 2789 1156 2805 eorum
1174 2787 1208 2805 est
1225 2783 1344 2805 similius...
1362 2782 1561 2806 Considerandum
1579 2787 1668 2813 autem,
1682 2786 1700 2807 si
1712 2788 1734 2808 et
1749 2786 1771 2807 in
1784 2785 1927 2808 ridiculosio-

1076 2822 1140 2844 ribus
1166 2823 1194 2844 sIt
1210 2822 1296 2849 simile⁷
1315 2825 1340 2844 ut
1356 2823 1422 2844 simia
1444 2823 1531 2845 homini
1557 2830 1627 2852 quam
1653 2831 1727 2853 equo,
1753 2831 1805 2847 cum
1832 2831 1876 2847 non
1899 2826 1927 2847 sit

1076 2861 1172 2887 similis;
1190 2866 1235 2882 non
1253 2861 1315 2882 enim
1333 2863 1367 2883 est
1383 2862 1449 2883 simia
1469 2862 1560 2890 melior,
1578 2863 1674 2885 similior
1692 2866 1767 2886 tamen
1787 2866 1821 2886 est
1832 2864 1927 2885 homini.

1140 2899 1149 2913 ⁵
1166 2899 1188 2921 ln
1206 2899 1284 2922 multis
1301 2899 1356 2922 locis
1373 2906 1396 2922 v.
1415 2906 1436 2928 g.
1456 2900 1469 2922 1.
1488 2900 1517 2923 (10
1534 2901 1583 2923 Lib.
1607 2901 1662 2924 Arb.
1686 2908 1705 2924 c.
1734 2902 1766 2924 10.
1785 2908 1805 2924 0.
1825 2903 1849 2924 9-1
1865 2909 1869 2930 ;
1888 2901 1926 2924 Xl.

1077 2939 1106 2961 de
1123 2938 1171 2961 Civ.
1190 2938 1243 2966 Dei,
1261 2944 1280 2961 c.
1299 2939 1327 2967 23
1346 2938 1396 2961 libr.
1415 2939 1443 2961 83
1470 2940 1513 2968 Qq.
1531 2946 1552 2968 q.
1572 2939 1616 2968 543
1635 2940 1694 2963 Xtv.
1713 2941 1741 2963 de
1763 2941 1826 2963 Trin.
1852 2947 1870 2963 c.
1893 2941 1926 2963 14.

1078 2984 1098 3000 n.
1118 2979 1154 3000 20.
1172 2990 1204 2994 —
1222 2977 1307 3000 Textus
1324 2984 1372 3007 seq.
1390 2981 1424 3001 est
1441 2979 1483 3001 loc.
1502 2980 1537 3002 cit.
1556 2985 1576 3001 0.
1594 2979 1616 3001 5.
1634 2986 1655 3002 n.
1675 2980 1706 3002 8:
1728 2988 1738 3000 α
1750 2980 1796 3002 Sed
1822 2980 1857 3002 itta
1879 2980 1926 3003 sola
