2243 3425
413 289 650 310 CONCLUSIO.

186 374 376 402 Probabilius
392 379 442 409 est,
458 375 535 413 quocl
552 379 706 411 peccatum
723 374 832 403 veniale
844 375 876 403 iu

286 421 400 449 ratione
420 421 571 458 superiori
588 421 682 458 possit
702 430 769 449 esse.

188 516 365 544 Ruspouuizo:
388 515 427 544 Ad
448 515 658 553 praedictorum
681 514 891 551 intelligentiam
914 518 955 543 est

8 568 58 592 pinio
77 568 93 585 ¹-
107 562 280 595 notandum,
301 561 377 598 quod
398 561 484 598 aliqui
517 561 610 590 dicere
641 561 808 595 voluerunt,
830 561 906 597 quod
927 561 955 589 in

108 608 245 646 superiori
268 608 395 655 portQie
417 607 532 636 rationis
547 615 601 636 non
623 610 714 644 potest
729 615 789 636 esse
811 607 863 635 nisi
884 615 956 635 inor-

109 655 163 685 tale
184 658 345 692 peccatum,
367 655 394 683 et
425 655 477 683 hoc
509 657 623 691 propter
649 654 852 691 elongationem
875 654 918 683 sui
940 662 956 682 a

108 710 192 732 carne
214 706 241 731 et
271 710 287 730 a
319 701 515 735 sensualitate,
547 701 574 729 in
604 709 660 738 qua
691 701 816 730 consistit
845 701 954 730 initium

109 749 293 786 suggestionis
314 748 413 782 malae,
435 751 462 777 et
484 756 520 776 ex
542 748 623 777 cuius
638 748 776 785 pronitate
798 748 881 776 habet
895 756 957 777 esse

108 799 253 834 peccatum
275 795 383 824 veniale
405 795 560 824 secundum
577 798 680 824 statum
695 795 703 810 ¹
720 798 837 824 naturae
852 795 955 832 lapsae.

109 843 140 871 Et
162 843 188 871 hi
211 842 355 876 dixerunt,
376 841 452 879 quod
474 849 539 870 cum
568 842 622 870 sint
655 845 711 870 tres
734 842 839 878 gradus
862 842 889 870 in
911 850 956 879 po-

108 889 202 918 tentiis
216 889 334 923 animae,
350 888 602 925 correspondentes
625 888 768 925 serpenti,
789 888 910 916 initlieri
930 892 957 917 et

108 936 190 969 viro,
213 935 342 964 videlicet
362 935 541 964 sensualitas
554 958 563 969 ‚
592 935 691 972 portio
714 934 841 972 inferior
863 939 889 964 et
910 944 956 964 su-

105 983 225 1020 perior,-
245 982 449 1011 sensualitatis
469 985 511 1011 est
532 985 640 1010 tantum
664 990 781 1019 peccare
803 982 957 1017 venialiter,

108 1029 272 1066 superioris
287 1029 375 1066 partis
390 1032 498 1057 tantum
514 1028 679 1062 mortaliter,
695 1028 849 1066 inferioris
858 1029 957 1066 partis

109 1080 230 1113 utroque
251 1076 343 1104 modo.
360 1076 429 1104 Cum
445 1076 518 1105 enim
534 1076 569 1104 sit
583 1076 676 1105 media
699 1076 771 1105 inter
793 1079 957 1114 utramque,

109 1126 239 1152 naturam
261 1122 334 1160 sapit
354 1123 512 1159 utriusque.

189 1169 241 1198 Sed
263 1170 328 1206 quia
349 1169 465 1206 planum
488 1172 544 1204 est,
567 1170 594 1198 in
616 1170 754 1206 superiori
776 1171 903 1207 portione
918 1179 959 1199 ra-

0 1221 98 1262 mugroba-
108 1217 190 1245 tionis
212 1224 293 1253 posse
314 1224 374 1245 esse
396 1216 490 1253 aliquo
512 1216 594 1245 modo
613 1221 706 1245 motus
728 1217 900 1247 inordinatos
921 1225 958 1246 ex

109 1262 286 1300 surreptione
298 1273 305 1296 3
326 1263 442 1299 planum
463 1266 505 1291 est
536 1263 636 1297 etiam,
669 1263 696 1291 in
729 1271 761 1292 ea
783 1271 844 1293 esse
865 1272 958 1293 corru-

109 1310 231 1348 ptionem
254 1309 376 1347 aliquam
393 1317 429 1338 ex
444 1309 587 1347 originalis
601 1310 803 1339 contractione:
820 1311 882 1340 ideo
897 1311 958 1340 aliis

0 1370 95 1388 :anausim
108 1357 221 1386 videtur
236 1356 410 1394 probabilius
424 1361 452 1385 et
466 1357 582 1391 melius,
598 1357 673 1394 quod
688 1360 833 1394 peccatum
850 1358 958 1387 veniale

108 1404 137 1433 in
158 1403 265 1432 ratione
293 1403 431 1440 superiori
452 1403 554 1432 habeat
575 1410 644 1432 esse.
667 1403 743 1432 Unde
764 1404 958 1433 concedendae

109 1455 174 1481 sunt
195 1451 316 1480 rationes
337 1451 390 1479 hoc
411 1450 597 1479 ostendentes.

192 1500 213 1527 l.
235 1498 274 1527 Ad
296 1497 367 1527 illud
389 1505 455 1535 ergo
476 1497 549 1534 quod
573 1497 718 1527 obiicitur.
741 1498 816 1535 quod
845 1499 957 1536 quando

0 1549 50 1568 flutio
64 1554 95 1573 oi]-
108 1545 238 1583 superior
263 1553 330 1582 pars
360 1545 476 1573 rationis
496 1543 652 1579 comedit2‚
675 1544 833 1574 damnabile
862 1548 904 1574 est
931 1549 958 1574 et

0 1575 88 1592 *mmm*
108 1593 225 1621 mortale
257 1595 422 1629 peccatum3
451 1591 618 1626 dicendum,
641 1592 714 1629 quod
739 1591 808 1620 illud
831 1592 958 1629 intelligi-

658 203 740 231 DIST.
764 203 852 232 XXIV.
873 203 900 231 P.
923 202 952 231 tl.
972 203 1045 231 ART.
1069 202 1096 231 ll.
1119 202 1254 239 QUAEST.
1276 203 1292 230 Ι.

1807 203 1862 230 577

1012 284 1059 309 tur
1081 281 1115 309 de
1134 281 1218 318 pleno
1250 289 1408 315 consensu,
1430 284 1457 309 et
1478 281 1531 309 hoc
1553 283 1682 317 respectu
1704 279 1780 309 illius
1802 287 1877 317 pec-2

1013 328 1081 361 cati.
1103 328 1184 356 cuius
1205 332 1284 356 actus
1305 331 1347 356 est
1368 328 1395 356 in
1422 327 1624 365 prohibitione,
1655 327 1727 356 sicut
1758 331 1801 356 est
1828 327 1863 356 de

1012 377 1125 411 peccato
1146 374 1343 403 fornicationis.

1092 423 1117 450 Q.
1141 421 1179 449 Ad
1202 421 1271 450 illud
1303 422 1377 459 quod
1410 422 1555 456 obiicitur,
1578 422 1651 459 quod
1678 429 1763 458 penes
1784 429 1864 458 supe-

1013 469 1116 497 riorem
1139 472 1247 505 partem
1270 469 1373 498 residet
1395 469 1492 506 regula
1507 469 1683 503 directionis3
1703 469 1864 504 dicendum,

1013 515 1088 552 quod
1111 515 1209 552 regula
1237 515 1397 545 directionis
1429 524 1481 544 non
1505 516 1612 544 tollitur
1633 524 1684 553 per
1704 516 1864 553 qualecum-

1013 569 1068 599 que
1090 565 1250 598 peccatum,
1272 562 1321 591 sed
1343 570 1394 599 per
1414 563 1484 591 illud
1506 564 1582 600 quod
1604 563 1711 593 inducit
1736 563 1863 592 divinum

1013 611 1204 645 contemptum
1236 612 1263 638 et
1288 610 1461 638 aversionem
1485 618 1501 638 a
1523 610 1598 645 Deog
1620 610 1672 639 hoc
1692 614 1787 639 autem
1808 619 1863 639 nou

1013 658 1055 684 est
1076 655 1103 683 in
1125 655 1250 692 quolibet
1271 659 1384 693 peccato
1406 656 1559 693 superioris
1580 657 1683 694 partis,
1712 660 1807 694 utpote
1837 658 1863 686 in

1013 701 1060 730 illo
1082 702 1156 738 quod
1179 710 1215 730 ex
1238 703 1414 739 surreptione
1435 704 1627 733 committitur.

1094 748 1119 777 3.
1143 749 1181 777 Ad
1204 749 1271 777 illud
1296 749 1370 786 quod
1390 749 1535 783 obiicitur,
1552 751 1626 788 quod
1643 752 1720 780 nulla
1735 757 1864 782 creatura

1014 798 1056 824 est
1077 795 1207 832 superior
1239 795 1333 824 anima
1354 797 1511 825 secundum
1532 800 1674 831 mentem,
1697 798 1863 834 dicendum,

1015 841 1088 878 quod
1112 841 1162 870 etsi
1186 841 1263 870 nulla
1285 842 1321 870 sit
1342 842 1470 879 superior
1492 843 1647 872 secundum
1670 844 1796 873 ordinem
1826 844 1864 882 ef-

1014 887 1139 924 ficientis
1160 892 1187 917 et
1207 887 1290 925 finis,
1313 892 1355 918 est
1376 892 1466 918 tamen
1489 890 1583 927 aliqua
1605 891 1720 920 maioris
1741 892 1866 929 (liquitu-

1015 935 1052 963 tis
1074 938 1100 963 et
1121 934 1285 964 excellentis
1313 938 1447 970 naturae,
1469 939 1495 965 et
1516 940 1631 974 propter
1653 937 1705 966 hoc
1728 938 1865 967 minorem

1014 981 1099 1010 habet
1113 982 1332 1011 excusationem.
1345 999 1383 1002 —
1396 983 1556 1017 Praeterea,
1571 984 1649 1012 nulla
1664 988 1765 1013 natura
1786 985 1866 1014 ratio-

1015 1028 1086 1057 nalis
1108 1028 1135 1056 in
1157 1032 1231 1057 statu
1260 1029 1433 1058 innocentiae
1454 1032 1545 1067 potest
1566 1038 1682 1068 peccare
1704 1032 1865 1067 venialiter,

1015 1078 1047 1103 ut
1067 1076 1174 1112 supra³
1195 1079 1339 1105 ostensum
1368 1080 1427 1111 est,
1449 1077 1527 1105 nulla
1547 1081 1639 1107 autem
1663 1082 1764 1107 natura
1786 1079 1865 1107 ratio-

1015 1122 1086 1151 nalis
1108 1122 1186 1159 lapsa
1207 1123 1242 1151 de
1274 1123 1358 1160 culpa
1388 1127 1479 1161 potest
1500 1125 1632 1162 consequi
1655 1125 1783 1160 veniam,
1812 1126 1864 1155 nisi

1015 1169 1099 1197 homo
1120 1173 1235 1206 propter
1256 1170 1435 1207 fragilitatem
1457 1172 1568 1205 carnis3
1590 1175 1617 1201 et
1638 1172 1700 1201 ideo
1722 1180 1775 1201 non
1791 1172 1865 1201 valet

1015 1216 1086 1245 illud
1108 1217 1188 1253 quod'
1205 1217 1300 1245 obiicit
1321 1217 1355 1246 de
1376 1218 1487 1255 Angelo.

1095 1265 1121 1292 lt.
1144 1264 1182 1292 Ad
1205 1264 1274 1293 illud
1297 1265 1372 1301 quod
1405 1265 1505 1293 ultimo
1530 1266 1674 1300 obiicitur,
1697 1266 1772 1303 quod
1794 1274 1866 1295 com-

1015 1311 1152 1349 placentia
1174 1311 1239 1340 facit
1260 1311 1294 1340 de
1316 1312 1417 1340 veniali
1439 1312 1557 1341 mortale
1569 1324 1576 1347 3
1598 1313 1768 1348 dicendum,
1790 1313 1865 1350 quod

1016 1358 1217 1395 complacentia
1248 1366 1303 1387 non
1335 1359 1401 1387 dicit
1426 1359 1463 1388 ibi
1485 1368 1693 1398 quamcumque
1716 1360 1866 1389 inclinatio-

1014 1412 1095 1439 nem,
1118 1405 1165 1434 sed
1191 1404 1311 1442 plenum
1343 1414 1514 1434 eonsensum
1536 1410 1563 1435 et
1585 1407 1770 1436 deliberatum
1800 1415 1865 1437 cum

1015 1452 1137 1489 quadam
1160 1452 1242 1489 plena
1269 1453 1457 1490 quietatione;
1484 1457 1510 1482 et
1532 1455 1569 1482 ita
1590 1462 1625 1483 ex
1648 1454 1701 1483 hoc
1721 1463 1774 1483 non
1805 1463 1866 1484 con-

1015 1499 1155 1534 cluditur,
1187 1499 1262 1536 quod
1294 1500 1384 1529 omnis
1406 1501 1580 1529 deordinatio
1602 1502 1756 1538 superioris
1777 1502 1865 1539 partis

1015 1546 1095 1575 cedat
1117 1546 1143 1574 in
1166 1554 1254 1583 genus
1265 1547 1273 1561 ‘¹
1294 1547 1397 1584 peccati
1421 1547 1554 1576 mortalis.

835 1691 1070 1725 ARTICULUS
1097 1692 1134 1725 II.

489 1785 621 1821 Qualiter
639 1789 793 1822 peccatum
816 1784 921 1814 haheat
940 1785 1008 1822 ficri
1029 1785 1058 1813 in
1081 1784 1222 1822 inferiori
1239 1790 1326 1823 parte
1348 1787 1483 1815 rationis.

187 1883 265 1912 Circa
287 1883 441 1912 secundum
475 1883 644 1920 principale,
674 1883 778 1912 scilicet
800 1891 855 1920 quo
876 1890 958 1921 quae-

107 1930 196 1963 ritur,
218 1930 359 1966 quomodo
381 1933 525 1967 peccatum
549 1929 650 1958 habeat
671 1929 731 1958 fieri
754 1932 780 1958 et
802 1937 862 1958 esse
878 1929 903 1958 in
920 1929 957 1957 in-

107 1976 201 2006 feriori
223 1980 302 2013 parte
324 1977 454 2011 rationis,
476 1981 652 2014 quaeruntur
673 1977 738 2005 duo.

188 2024 278 2052 Primo
306 2024 468 2061 quaeritur,
490 2028 585 2052 utrum
609 2023 721 2061 aliquod
745 2026 887 2060 peccatum
911 2023 956 2052 ha-

1015 1882 1079 1912 beat
1100 1890 1160 1911 esse
1182 1883 1210 1911 in
1232 1883 1355 1912 inferiori
1378 1885 1477 1921 parte⁵
1498 1884 1604 1922 absque
1626 1886 1814 1915 sensualitate.

1093 1929 1221 1958 Secundo
1249 1930 1411 1967 (utaentur,
1444 1934 1540 1959 utrum
1572 1934 1718 1968 peccatum
1747 1933 1864 1963 mortale

1013 1976 1100 2013 possit
1122 1984 1182 2005 esse
1204 1977 1231 2004 in
1254 1985 1286 2005 ea
1314 1981 1392 2013 parte
1414 1978 1542 2012 rationis,
1565 1979 1703 2016 superiori
1726 1988 1780 2008 non
1803 1988 1864 2017 pec-

1013 2026 1100 2052 cante.

885 2120 1048 2157 QUAESTIO
1071 2121 1088 2149 I.

265 2206 367 2235 Utrum
392 2206 513 2244 aliquorl
530 2211 684 2243 peceatum
707 2205 811 2235 liabeat
832 2216 891 2235 esse
914 2208 943 2235 iu
964 2206 1105 2244 inferiori
1123 2212 1209 2244 parte
1231 2208 1358 2235 rationis
1380 2207 1488 2246 ubsque
1508 2208 1705 2237 sensualitate.

189 2305 267 2333 Circa
288 2305 412 2342 primum
428 2305 466 2334 sic
482 2305 643 2342 proceditur
658 2308 685 2333 et
699 2305 865 2339 ostenditur,
880 2306 955 2343 quod

109 2351 218 2380 nullum
248 2354 392 2387 peccatum
425 2351 512 2387 possit
532 2358 592 2380 esse
614 2351 641 2379 in
664 2351 786 2380 inferiori
808 2356 887 2389 parte
916 2360 957 2380 ra-

110 2397 192 2426 tionis
212 2397 319 2434 absque
341 2397 535 2426 sensualitate:

194 2446 214 2472 l.
237 2444 329 2472 Primo
350 2452 400 2481 per
421 2444 613 2472 auctoritatem
635 2445 778 2481 Augustini
795 2448 891 2473 contra
907 2445 957 2473 Ma-

0 2491 279 2523 copposi-nich21e056‚
309 2491 357 2519 ubi
391 2491 428 2519 ait
460 2491 516 2519 sic:
554 2491 607 2518 «ln
638 2498 806 2528 unoquoque
828 2495 955 2519 nostrum

19 2521 62 2538 ‘um'
109 2538 179 2567 nihil
200 2538 277 2566 aliud
299 2538 391 2574 agitur
420 2545 510 2571 nunc,
533 2545 595 2566 cum
619 2537 653 2565 ad
676 2541 821 2574 peccatum
837 2538 956 2574 quisque

110 2584 260 2619 dilabitur,
281 2592 365 2621 quam
389 2588 454 2612 tunc
475 2587 569 2613 actum
591 2587 632 2612 est
654 2584 680 2612 in
703 2583 757 2612 illis
781 2584 884 2612 tribus:
900 2593 957 2612 ser-

106 2635 204 2668 pente,
236 2631 358 2659 muliere
390 2634 417 2659 et
446 2631 556 2659 wiron:
580 2638 646 2667 ergo
668 2631 690 2658 si
712 2634 855 2667 peccatum
886 2630 955 2659 illud

174 2763 179 2777 ¹
197 2762 252 2786 Cod.
271 2769 296 2785 cc
313 2767 334 2786 et
351 2763 387 2785 ed.
411 2764 415 2784 l
438 2764 474 2785 hic
491 2763 629 2785 interserunt
646 2764 731 2787 tumen.

170 2801 179 2815 ’Ζ
197 2801 251 2824 Cod.
270 2808 296 2823 aa
313 2801 376 2831 quod
393 2807 447 2824 cum
464 2801 574 2830 superior
588 2807 646 2830 pars
664 2802 784 2825 consentit.

171 2840 180 2855 3
199 2840 252 2863 Dist.
272 2841 307 2862 21.
325 2846 344 2862 a.
364 2840 384 2862 3.
403 2846 424 2868 q.
448 2841 464 2862 1.
482 2852 513 2856 -
538 2840 569 2862 De
595 2840 702 2868 praeced.
721 2842 808 2864 ratione
826 2842 866 2863 cfr.
885 2848 954 2869 supra

110 2880 131 2902 d.
154 2881 170 2902 l.
189 2887 211 2908 p.
230 2880 252 2902 ll.
270 2886 289 2901 a.
308 2880 328 2901 27..
347 2886 370 2908 q.
388 2880 408 2901 2.
426 2883 447 2902 et
466 2879 487 2901 d.
510 2880 542 2901 16,
561 2886 580 2901 a.
600 2880 619 2901 2.
634 2886 655 2908 q.
678 2881 694 2902 Ι.
714 2893 743 2895 -
760 2881 829 2903 Paulo
847 2882 954 2909 superius

108 2924 151 2946 pro
168 2917 302 2941 eoeccllentis
320 2918 368 2940 Vat.
387 2921 409 2940 et
425 2917 478 2939 edd.
497 2918 518 2945 3,
536 2917 549 2939 4
567 2917 747 2941 excellentioris.

172 2956 180 2971 ⁴
199 2957 226 2979 lta
245 2957 296 2979 cod.
314 2963 348 2984 aa,
365 2957 401 2978 alii
419 2962 464 2978 non
482 2956 541 2978 bene
558 2956 581 2979 in
598 2962 690 2986 (seuere,
707 2957 755 2979 Vat.
769 2964 822 2980 cum
835 2958 887 2980 edd.
901 2958 922 2982 3,
941 2958 953 2980 li

110 2995 180 3019 cadat
191 2996 215 3018 iu
232 3002 314 3025 penus.
327 2996 424 3018 ——vide
443 2996 543 3018 scholion
562 2996 590 3018 ad
608 2997 784 3024 praecedentem
802 3000 889 3026 quaest.

235 3046 259 3070 S.
278 3047 365 3070 Bonae.
383 3059 414 3063 —
432 3047 498 3069 Tom,
517 3047 539 3069 11.

1014 2305 1116 2342 incepit
1143 2313 1159 2333 a
1191 2309 1332 2342 serpente,
1354 2309 1381 2334 et
1402 2306 1568 2335 sensualitas
1599 2310 1640 2335 est
1672 2314 1802 2344 serpens,
1831 2311 1862 2336 ut

1013 2352 1073 2388 ipse
1094 2352 1175 2386 dicit,
1197 2360 1278 2381 omne
1299 2355 1445 2389 peccatum
1468 2353 1563 2390 incipit
1583 2362 1599 2382 a
1621 2354 1808 2383 sensualitate.

1093 2400 1118 2426 Q.
1141 2398 1224 2431 Item.
1247 2399 1318 2427 sicut
1338 2407 1448 2427 omnem
1472 2407 1639 2429 consensum
1661 2401 1803 2437 praecedit
1818 2401 1861 2429 cle-

1014 2444 1145 2479 tectatio,
1168 2445 1204 2473 ita
1225 2453 1336 2473 ornnem
1359 2445 1569 2475 delectationem
1602 2447 1744 2483 praecedit
1765 2447 1860 2485 aliqua

1012 2492 1177 2529 suygyestio;
1199 2492 1247 2521 sed
1270 2492 1379 2521 nullum
1401 2496 1545 2529 peccatum
1569 2494 1682 2523 rationis
1698 2498 1739 2523 est
1754 2495 1860 2532 absque

1013 2538 1108 2575 aliqua
1129 2538 1332 2567 delectatione:
1354 2547 1420 2576 ergo
1441 2547 1492 2568 nec
1514 2540 1659 2569 delectatio
1680 2542 1739 2571 sine
1759 2551 1860 2580 δυρρε-

1013 2584 1124 2617 stioue;
1145 2585 1291 2622 suyyestio
1312 2589 1406 2614 autem
1428 2594 1482 2614 non
1504 2590 1545 2615 est
1567 2587 1618 2616 nisi
1635 2589 1721 2624 partis
1742 2589 1860 2617 sensibi-

1014 2630 1070 2659 lis⁷
1092 2631 1135 2660 vel
1158 2632 1312 2669 serpentis:
1335 2640 1402 2669 ergo
1423 2633 1532 2662 nullum
1556 2638 1700 2670 peccatum
1724 2639 1765 2664 est
1780 2636 1805 2664 in
1823 2636 1859 2664 in-

1074 2765 1084 2779 5
1099 2765 1198 2793 Nempey
1218 2768 1242 2787 ut
1259 2765 1309 2787 cod.
1327 2764 1358 2787 bh
1376 2766 1474 2794 supplet,
1492 2763 1607 2790 rationis>

1074 2803 1083 2817 ⁶
1100 2803 1160 2826 Libr.
1179 2804 1202 2825 [Ι.
1221 2809 1240 2825 c.
1263 2803 1295 2826 14,
1318 2810 1338 2826 η,
1366 2805 1401 2827 2¹.
1422 2805 1478 2827 Vide
1496 2806 1532 2828 liic
1549 2806 1578 2828 lit.
1598 2806 1710 2835 Magistri,
1729 2812 1749 2829 c.
1772 2808 1805 2829 12.
1828 2820 1857 2824 —

1011 2841 1033 2863 ln
1052 2844 1112 2864 textu
1129 2842 1225 2870 allegato
1242 2842 1306 2864 multi
1324 2843 1390 2865 codd.
1409 2849 1462 2865 cuni
1480 2844 1561 2872 primis
1586 2844 1639 2867 edd.
1657 2846 1763 2868 omittunt
1780 2845 1856 2869 aliud.

1012 2880 1080 2903 Paulo
1098 2884 1149 2908 post
1167 2887 1208 2908 pro
1226 2880 1369 2904 sensualitas
1386 2882 1464 2910 plures
1481 2883 1560 2911 codd.‚
1578 2887 1602 2906 ut
1621 2884 1638 2905 Κ
1650 2884 1668 2906 T
1680 2884 1699 2905 V
1710 2884 1738 2906 W
1749 2890 1782 2913 aa,
1801 2891 1855 2907 cum

1011 2919 1047 2941 ed.
1066 2920 1079 2941 2
1096 2925 1219 2947 perperam
1237 2919 1377 2943 substituunt
1392 2923 1521 2950 peccatum.

1075 2958 1084 2973 ⁷
1101 2959 1152 2981 Vat.
1176 2962 1198 2981 et
1222 2960 1279 2981 aliae
1304 2960 1356 2983 edd.
1379 2960 1497 2984 sensualis
1523 2965 1599 2985 contra
1626 2964 1766 2992 antiquiores
1789 2965 1855 2988 codd.

1012 2999 1112 3027 Utraque
1129 2999 1194 3022 lectio
1212 2999 1303 3022 defendi
1320 3003 1406 3029 potest;
1424 3001 1463 3023 cfr.
1482 3007 1535 3029 pag.
1553 3008 1609 3031 seq.⁷
1629 3007 1680 3026 nota
1699 3004 1719 3026 5.

1700 3055 1729 3077 73

1878 852 1992 870 Notandum.
