<?xml version="1.0" encoding="UTF-8"?>
<!DOCTYPE html PUBLIC "-//W3C//DTD XHTML 1.0 Transitional//EN"
    "http://www.w3.org/TR/xhtml1/DTD/xhtml1-transitional.dtd">
<html xmlns="http://www.w3.org/1999/xhtml" xml:lang="en" lang="en">
 <head>
  <title>
</title>
<meta http-equiv="Content-Type" content="text/html;charset=utf-8" />
  <meta name='ocr-system' content='tesseract 3.04.00' />
  <meta name='ocr-capabilities' content='ocr_page ocr_carea ocr_par ocr_line ocrx_word'/>
</head>
<body>
  <div class='ocr_page' id='page_1' title='image "./doctorisseraphic02bona/doctorisseraphic02bona_0877.png"; bbox 0 0 2243 3425; ppageno 0'>
   <div class='ocr_carea' id='block_1_1' title="bbox 23 1303 120 1349">
    <p class='ocr_par' dir='ltr' id='par_1_1' title="bbox 23 1303 120 1349">
     <span class='ocr_line' id='line_1_1' title="bbox 37 1303 120 1330; baseline 0 -6"><span class='ocrx_word' id='word_1_1' title='bbox 37 1303 83 1330; x_wconf 66' lang='lat' dir='ltr'>Qiim</span> <span class='ocrx_word' id='word_1_2' title='bbox 96 1307 120 1325; x_wconf 70' lang='lat' dir='ltr'>sit</span> 
     </span>
     <span class='ocr_line' id='line_1_2' title="bbox 23 1335 80 1349; baseline -0.035 0"><span class='ocrx_word' id='word_1_3' title='bbox 23 1335 80 1349; x_wconf 66' lang='lat' dir='ltr'><strong>¹)08D3.</strong></span> 
     </span>
    </p>
   </div>
   <div class='ocr_carea' id='block_1_2' title="bbox 19 1589 122 1654">
    <p class='ocr_par' dir='ltr' id='par_1_2' title="bbox 19 1589 122 1654">
     <span class='ocr_line' id='line_1_3' title="bbox 19 1589 122 1616; baseline -0.01 -8"><span class='ocrx_word' id='word_1_4' title='bbox 19 1594 55 1616; x_wconf 51' lang='lat' dir='ltr'>:ena</span> <span class='ocrx_word' id='word_1_5' title='bbox 64 1589 122 1615; x_wconf 79' lang='lat' dir='ltr'>tripli-</span> 
     </span>
     <span class='ocr_line' id='line_1_4' title="bbox 26 1615 120 1639; baseline 0 -8"><span class='ocrx_word' id='word_1_6' title='bbox 26 1615 59 1639; x_wconf 67' lang='lat' dir='ltr'>iter</span> <span class='ocrx_word' id='word_1_7' title='bbox 73 1618 120 1631; x_wconf 78' lang='lat' dir='ltr'>aeci-</span> 
     </span>
     <span class='ocr_line' id='line_1_5' title="bbox 24 1638 69 1654; baseline 0 0"><span class='ocrx_word' id='word_1_8' title='bbox 24 1638 69 1654; x_wconf 78' lang='lat' dir='ltr'>ntur.</span> 
     </span>
    </p>
   </div>
   <div class='ocr_carea' id='block_1_3' title="bbox 25 2256 117 2274">
    <p class='ocr_par' dir='ltr' id='par_1_3' title="bbox 25 2256 117 2274">
     <span class='ocr_line' id='line_1_6' title="bbox 25 2256 117 2274; baseline -0.011 0"><span class='ocrx_word' id='word_1_9' title='bbox 25 2256 92 2274; x_wconf 69' lang='lat' dir='ltr'>nclufflo</span> <span class='ocrx_word' id='word_1_10' title='bbox 103 2256 117 2273; x_wconf 88' lang='lat' dir='ltr'>l.</span> 
     </span>
    </p>
   </div>
   <div class='ocr_carea' id='block_1_4' title="bbox 725 192 1306 231">
    <p class='ocr_par' dir='ltr' id='par_1_4' title="bbox 725 192 1306 231">
     <span class='ocr_line' id='line_1_7' title="bbox 725 192 1306 231; baseline 0.005 -11"><span class='ocrx_word' id='word_1_11' title='bbox 725 192 806 221; x_wconf 89' lang='lat' dir='ltr'>DIST.</span> <span class='ocrx_word' id='word_1_12' title='bbox 829 193 941 222; x_wconf 82' lang='lat' dir='ltr'>XXXVI.</span> <span class='ocrx_word' id='word_1_13' title='bbox 963 193 1035 222; x_wconf 77' lang='lat' dir='ltr'>ART.</span> <span class='ocrx_word' id='word_1_14' title='bbox 1058 194 1097 222; x_wconf 84' lang='lat'><em>111.</em></span> <span class='ocrx_word' id='word_1_15' title='bbox 1119 195 1254 231; x_wconf 75' lang='lat' dir='ltr'>QUAEST.</span> <span class='ocrx_word' id='word_1_16' title='bbox 1278 195 1306 223; x_wconf 78' lang='grc' dir='ltr'>ΙΙ.</span> 
     </span>
    </p>
   </div>
   <div class='ocr_carea' id='block_1_5' title="bbox 132 269 986 871">
    <p class='ocr_par' dir='ltr' id='par_1_5' title="bbox 136 269 986 446">
     <span class='ocr_line' id='line_1_8' title="bbox 139 269 986 307; baseline 0.002 -10"><span class='ocrx_word' id='word_1_17' title='bbox 139 269 187 298; x_wconf 88' lang='lat' dir='ltr'>sed</span> <span class='ocrx_word' id='word_1_18' title='bbox 208 269 283 298; x_wconf 89' lang='lat' dir='ltr'>Deus</span> <span class='ocrx_word' id='word_1_19' title='bbox 304 269 411 298; x_wconf 88' lang='lat' dir='ltr'>nullius</span> <span class='ocrx_word' id='word_1_20' title='bbox 432 273 473 298; x_wconf 88' lang='lat' dir='ltr'>est</span> <span class='ocrx_word' id='word_1_21' title='bbox 494 278 579 298; x_wconf 84' lang='lat' dir='ltr'>causa</span> <span class='ocrx_word' id='word_1_22' title='bbox 600 270 986 307; x_wconf 68' lang='lat' dir='ltr'>deficiens1.Minor-proba-</span> 
     </span>
     <span class='ocr_line' id='line_1_9' title="bbox 138 316 985 354; baseline 0.002 -10"><span class='ocrx_word' id='word_1_23' title='bbox 138 319 197 350; x_wconf 87' lang='lat' dir='ltr'>tur,</span> <span class='ocrx_word' id='word_1_24' title='bbox 220 316 286 353; x_wconf 86' lang='lat' dir='ltr'>quia</span> <span class='ocrx_word' id='word_1_25' title='bbox 306 316 463 353; x_wconf 74' lang='lat' dir='ltr'>ignorantia</span> <span class='ocrx_word' id='word_1_26' title='bbox 484 317 553 345; x_wconf 85' lang='lat' dir='ltr'>nihil</span> <span class='ocrx_word' id='word_1_27' title='bbox 575 317 652 345; x_wconf 89' lang='lat' dir='ltr'>aliud</span> <span class='ocrx_word' id='word_1_28' title='bbox 674 320 716 345; x_wconf 89' lang='lat' dir='ltr'>est</span> <span class='ocrx_word' id='word_1_29' title='bbox 730 325 814 353; x_wconf 87' lang='lat' dir='ltr'>quam</span> <span class='ocrx_word' id='word_1_30' title='bbox 831 318 985 354; x_wconf 82' lang='lat' dir='ltr'>spiritualis</span> 
     </span>
     <span class='ocr_line' id='line_1_10' title="bbox 137 362 985 400; baseline 0.002 -10"><span class='ocrx_word' id='word_1_31' title='bbox 137 362 263 391; x_wconf 77' lang='lat' dir='ltr'>tenebra:</span> <span class='ocrx_word' id='word_1_32' title='bbox 290 370 357 399; x_wconf 79' lang='lat' dir='ltr'>ergo</span> <span class='ocrx_word' id='word_1_33' title='bbox 383 367 424 391; x_wconf 88' lang='lat' dir='ltr'>est</span> <span class='ocrx_word' id='word_1_34' title='bbox 455 363 574 400; x_wconf 79' lang='lat' dir='ltr'>privatio</span> <span class='ocrx_word' id='word_1_35' title='bbox 606 371 689 399; x_wconf 76' lang='lat' dir='ltr'>pura,</span> <span class='ocrx_word' id='word_1_36' title='bbox 719 366 745 391; x_wconf 89' lang='lat' dir='ltr'>et</span> <span class='ocrx_word' id='word_1_37' title='bbox 768 363 923 399; x_wconf 79' lang='lat' dir='ltr'>ignorantia</span> <span class='ocrx_word' id='word_1_38' title='bbox 944 367 985 392; x_wconf 88' lang='lat' dir='ltr'>est</span> 
     </span>
     <span class='ocr_line' id='line_1_11' title="bbox 136 413 398 446; baseline 0.004 -9"><span class='ocrx_word' id='word_1_39' title='bbox 136 417 236 446; x_wconf 89' lang='lat' dir='ltr'>poena:</span> <span class='ocrx_word' id='word_1_40' title='bbox 259 417 325 446; x_wconf 87' lang='lat' dir='ltr'>ergo</span> <span class='ocrx_word' id='word_1_41' title='bbox 347 413 398 438; x_wconf 86' lang='lat' dir='ltr'>etc.</span> 
     </span>
    </p>

    <p class='ocr_par' dir='ltr' id='par_1_6' title="bbox 134 456 985 635">
     <span class='ocr_line' id='line_1_12' title="bbox 217 456 984 493; baseline 0.001 -9"><span class='ocrx_word' id='word_1_42' title='bbox 217 457 241 484; x_wconf 91' lang='lat'>5.</span> <span class='ocrx_word' id='word_1_43' title='bbox 264 457 344 491; x_wconf 79' lang='lat' dir='ltr'>Item,</span> <span class='ocrx_word' id='word_1_44' title='bbox 367 457 477 485; x_wconf 89' lang='lat' dir='ltr'>nullum</span> <span class='ocrx_word' id='word_1_45' title='bbox 501 457 598 484; x_wconf 86' lang='lat' dir='ltr'>vitium</span> <span class='ocrx_word' id='word_1_46' title='bbox 615 460 657 485; x_wconf 91' lang='lat' dir='ltr'>est</span> <span class='ocrx_word' id='word_1_47' title='bbox 672 465 688 484; x_wconf 88' lang='lat' dir='ltr'>a</span> <span class='ocrx_word' id='word_1_48' title='bbox 701 456 770 490; x_wconf 84' lang='lat' dir='ltr'>Deo;</span> <span class='ocrx_word' id='word_1_49' title='bbox 786 456 880 493; x_wconf 89' lang='lat' dir='ltr'>aliqua</span> <span class='ocrx_word' id='word_1_50' title='bbox 895 465 984 493; x_wconf 90' lang='lat' dir='ltr'>poena</span> 
     </span>
     <span class='ocr_line' id='line_1_13' title="bbox 136 503 984 540; baseline -0.001 -8"><span class='ocrx_word' id='word_1_51' title='bbox 136 507 178 533; x_wconf 86' lang='lat' dir='ltr'>est</span> <span class='ocrx_word' id='word_1_52' title='bbox 199 504 311 538; x_wconf 85' lang='lat' dir='ltr'>vitium,</span> <span class='ocrx_word' id='word_1_53' title='bbox 338 507 434 540; x_wconf 85' lang='lat' dir='ltr'>utpote</span> <span class='ocrx_word' id='word_1_54' title='bbox 463 503 569 532; x_wconf 87' lang='lat' dir='ltr'>malitia</span> <span class='ocrx_word' id='word_1_55' title='bbox 593 507 620 531; x_wconf 88' lang='lat' dir='ltr'>et</span> <span class='ocrx_word' id='word_1_56' title='bbox 648 503 884 540; x_wconf 87' lang='lat' dir='ltr'>concupiscentia:</span> <span class='ocrx_word' id='word_1_57' title='bbox 918 512 984 540; x_wconf 85' lang='lat' dir='ltr'>ergo</span> 
     </span>
     <span class='ocr_line' id='line_1_14' title="bbox 135 550 985 588; baseline -0.001 -9"><span class='ocrx_word' id='word_1_58' title='bbox 135 551 229 588; x_wconf 86' lang='lat' dir='ltr'>aliqua</span> <span class='ocrx_word' id='word_1_59' title='bbox 251 559 339 588; x_wconf 86' lang='lat' dir='ltr'>poena</span> <span class='ocrx_word' id='word_1_60' title='bbox 360 553 409 584; x_wconf 80' lang='lat' dir='ltr'>est,</span> <span class='ocrx_word' id='word_1_61' title='bbox 431 558 503 588; x_wconf 83' lang='lat' dir='ltr'>quae</span> <span class='ocrx_word' id='word_1_62' title='bbox 525 559 578 578; x_wconf 90' lang='lat' dir='ltr'>non</span> <span class='ocrx_word' id='word_1_63' title='bbox 601 555 642 579; x_wconf 87' lang='lat' dir='ltr'>est</span> <span class='ocrx_word' id='word_1_64' title='bbox 657 559 673 578; x_wconf 83' lang='lat' dir='ltr'>a</span> <span class='ocrx_word' id='word_1_65' title='bbox 694 550 759 579; x_wconf 82' lang='lat' dir='ltr'>Deo.</span> <span class='ocrx_word' id='word_1_66' title='bbox 775 551 871 579; x_wconf 60' lang='grc' dir='ltr'>Μαίον’</span> <span class='ocrx_word' id='word_1_67' title='bbox 893 553 919 579; x_wconf 90' lang='grc' dir='ltr'>θῖ</span> <span class='ocrx_word' id='word_1_68' title='bbox 934 551 985 579; x_wconf 80' lang='lat' dir='ltr'>mi-</span> 
     </span>
     <span class='ocr_line' id='line_1_15' title="bbox 134 598 590 635; baseline -0.002 -9"><span class='ocrx_word' id='word_1_69' title='bbox 134 607 189 626; x_wconf 72' lang='lat' dir='ltr'>nor</span> <span class='ocrx_word' id='word_1_70' title='bbox 210 606 261 635; x_wconf 89' lang='lat' dir='ltr'>per</span> <span class='ocrx_word' id='word_1_71' title='bbox 283 606 312 627; x_wconf 89' lang='lat' dir='ltr'>se</span> <span class='ocrx_word' id='word_1_72' title='bbox 334 598 495 627; x_wconf 72' lang='lat' dir='ltr'>manifestae</span> <span class='ocrx_word' id='word_1_73' title='bbox 518 601 590 626; x_wconf 88' lang='lat' dir='ltr'>sunt.</span> 
     </span>
    </p>

    <p class='ocr_par' dir='ltr' id='par_1_7' title="bbox 132 645 984 871">
     <span class='ocr_line' id='line_1_16' title="bbox 215 645 984 682; baseline -0.001 -9"><span class='ocrx_word' id='word_1_74' title='bbox 215 647 240 674; x_wconf 84' lang='lat'>6.</span> <span class='ocrx_word' id='word_1_75' title='bbox 263 646 344 680; x_wconf 83' lang='lat' dir='ltr'>Item,</span> <span class='ocrx_word' id='word_1_76' title='bbox 366 645 476 674; x_wconf 89' lang='lat' dir='ltr'>nullum</span> <span class='ocrx_word' id='word_1_77' title='bbox 504 648 649 682; x_wconf 86' lang='lat' dir='ltr'>peccatum</span> <span class='ocrx_word' id='word_1_78' title='bbox 672 648 713 673; x_wconf 87' lang='lat' dir='ltr'>est</span> <span class='ocrx_word' id='word_1_79' title='bbox 735 653 751 673; x_wconf 90' lang='lat' dir='ltr'>a</span> <span class='ocrx_word' id='word_1_80' title='bbox 772 645 844 679; x_wconf 65' lang='lat' dir='ltr'>Deo,</span> <span class='ocrx_word' id='word_1_81' title='bbox 867 645 913 673; x_wconf 89' lang='lat' dir='ltr'>sed</span> <span class='ocrx_word' id='word_1_82' title='bbox 938 645 984 672; x_wconf 91' lang='lat' dir='ltr'>ali-</span> 
     </span>
     <span class='ocr_line' id='line_1_17' title="bbox 134 691 983 730; baseline -0.001 -9"><span class='ocrx_word' id='word_1_83' title='bbox 134 693 206 730; x_wconf 83' lang='lat' dir='ltr'>quod</span> <span class='ocrx_word' id='word_1_84' title='bbox 230 696 374 730; x_wconf 84' lang='lat' dir='ltr'>peccatum</span> <span class='ocrx_word' id='word_1_85' title='bbox 397 696 439 721; x_wconf 80' lang='lat' dir='ltr'>est</span> <span class='ocrx_word' id='word_1_86' title='bbox 454 700 550 729; x_wconf 84' lang='lat' dir='ltr'>poena,</span> <span class='ocrx_word' id='word_1_87' title='bbox 567 693 639 721; x_wconf 86' lang='lat' dir='ltr'>sicut</span> <span class='ocrx_word' id='word_1_88' title='bbox 653 696 796 721; x_wconf 88' lang='lat' dir='ltr'>ostensum</span> <span class='ocrx_word' id='word_1_89' title='bbox 812 695 853 720; x_wconf 88' lang='lat' dir='ltr'>est</span> <span class='ocrx_word' id='word_1_90' title='bbox 868 691 983 728; x_wconf 69' lang='lat' dir='ltr'>supra2,</span> 
     </span>
     <span class='ocr_line' id='line_1_18' title="bbox 133 739 984 777; baseline -0.004 -8"><span class='ocrx_word' id='word_1_91' title='bbox 133 743 160 769; x_wconf 88' lang='lat' dir='ltr'>et</span> <span class='ocrx_word' id='word_1_92' title='bbox 182 740 326 768; x_wconf 82' lang='lat' dir='ltr'>manifeste</span> <span class='ocrx_word' id='word_1_93' title='bbox 348 743 465 777; x_wconf 85' lang='lat' dir='ltr'>apparet</span> <span class='ocrx_word' id='word_1_94' title='bbox 486 740 513 767; x_wconf 91' lang='lat' dir='ltr'>in</span> <span class='ocrx_word' id='word_1_95' title='bbox 536 739 582 767; x_wconf 84' lang='lat' dir='ltr'>illa</span> <span class='ocrx_word' id='word_1_96' title='bbox 605 739 793 773; x_wconf 72' lang='lat' dir='ltr'>deformitate,</span> <span class='ocrx_word' id='word_1_97' title='bbox 809 747 881 776; x_wconf 84' lang='lat' dir='ltr'>quae</span> <span class='ocrx_word' id='word_1_98' title='bbox 897 747 984 767; x_wconf 88' lang='lat' dir='ltr'>rema-</span> 
     </span>
     <span class='ocr_line' id='line_1_19' title="bbox 132 786 984 824; baseline -0.002 -9"><span class='ocrx_word' id='word_1_99' title='bbox 132 790 179 815; x_wconf 89' lang='lat' dir='ltr'>net</span> <span class='ocrx_word' id='word_1_100' title='bbox 200 787 227 815; x_wconf 90' lang='lat' dir='ltr'>in</span> <span class='ocrx_word' id='word_1_101' title='bbox 249 787 341 815; x_wconf 88' lang='lat' dir='ltr'>anima</span> <span class='ocrx_word' id='word_1_102' title='bbox 363 790 424 824; x_wconf 84' lang='lat' dir='ltr'>post</span> <span class='ocrx_word' id='word_1_103' title='bbox 446 786 556 823; x_wconf 87' lang='lat' dir='ltr'>culpam</span> <span class='ocrx_word' id='word_1_104' title='bbox 580 790 785 823; x_wconf 73' lang='lat' dir='ltr'>perpetratam:</span> <span class='ocrx_word' id='word_1_105' title='bbox 808 794 875 822; x_wconf 78' lang='lat' dir='ltr'>ergo</span> <span class='ocrx_word' id='word_1_106' title='bbox 889 786 984 822; x_wconf 88' lang='lat' dir='ltr'>aliqua</span> 
     </span>
     <span class='ocr_line' id='line_1_20' title="bbox 134 834 652 871; baseline -0.004 -8"><span class='ocrx_word' id='word_1_107' title='bbox 134 842 222 871; x_wconf 83' lang='lat' dir='ltr'>poena</span> <span class='ocrx_word' id='word_1_108' title='bbox 244 837 294 868; x_wconf 85' lang='lat' dir='ltr'>est,</span> <span class='ocrx_word' id='word_1_109' title='bbox 317 842 389 871; x_wconf 88' lang='lat' dir='ltr'>quae</span> <span class='ocrx_word' id='word_1_110' title='bbox 410 842 464 862; x_wconf 92' lang='lat' dir='ltr'>non</span> <span class='ocrx_word' id='word_1_111' title='bbox 487 837 529 863; x_wconf 87' lang='lat' dir='ltr'>est</span> <span class='ocrx_word' id='word_1_112' title='bbox 550 842 566 862; x_wconf 91' lang='lat' dir='ltr'>a</span> <span class='ocrx_word' id='word_1_113' title='bbox 587 834 652 862; x_wconf 88' lang='lat' dir='ltr'>Deo.</span> 
     </span>
    </p>
   </div>
   <div class='ocr_carea' id='block_1_6' title="bbox 439 935 677 956">
    <p class='ocr_par' dir='ltr' id='par_1_8' title="bbox 439 935 677 956">
     <span class='ocr_line' id='line_1_21' title="bbox 439 935 677 956; baseline -0.004 0"><span class='ocrx_word' id='word_1_114' title='bbox 439 935 677 956; x_wconf 84' lang='lat' dir='ltr'>CONCLUSIO.</span> 
     </span>
    </p>
   </div>
   <div class='ocr_carea' id='block_1_7' title="bbox 138 1022 982 1202">
    <p class='ocr_par' dir='ltr' id='par_1_9' title="bbox 138 1022 982 1202">
     <span class='ocr_line' id='line_1_22' title="bbox 138 1022 981 1060; baseline -0.002 -9"><span class='ocrx_word' id='word_1_115' title='bbox 138 1023 240 1051; x_wconf 68' lang='lat' dir='ltr'>Omnis</span> <span class='ocrx_word' id='word_1_116' title='bbox 264 1031 375 1059; x_wconf 73' lang='lat' dir='ltr'>poeria,</span> <span class='ocrx_word' id='word_1_117' title='bbox 403 1026 548 1060; x_wconf 73' lang='lat' dir='ltr'>quatenus</span> <span class='ocrx_word' id='word_1_118' title='bbox 578 1026 649 1050; x_wconf 71' lang='lat' dir='ltr'>tenet</span> <span class='ocrx_word' id='word_1_119' title='bbox 681 1022 826 1050; x_wconf 69' lang='lat' dir='ltr'>rationem</span> <span class='ocrx_word' id='word_1_120' title='bbox 857 1030 981 1058; x_wconf 66' lang='lat' dir='ltr'>poenae,</span> 
     </span>
     <span class='ocr_line' id='line_1_23' title="bbox 212 1069 981 1107; baseline -0.003 -9"><span class='ocrx_word' id='word_1_121' title='bbox 212 1074 254 1098; x_wconf 78' lang='lat' dir='ltr'>est</span> <span class='ocrx_word' id='word_1_122' title='bbox 274 1079 294 1098; x_wconf 85' lang='lat' dir='ltr'>a</span> <span class='ocrx_word' id='word_1_123' title='bbox 318 1070 383 1103; x_wconf 80' lang='lat' dir='ltr'>Deo,</span> <span class='ocrx_word' id='word_1_124' title='bbox 406 1078 464 1098; x_wconf 68' lang='lat' dir='ltr'>iton</span> <span class='ocrx_word' id='word_1_125' title='bbox 480 1073 577 1098; x_wconf 73' lang='lat' dir='ltr'>tamen</span> <span class='ocrx_word' id='word_1_126' title='bbox 592 1069 623 1097; x_wconf 79' lang='lat' dir='ltr'>id</span> <span class='ocrx_word' id='word_1_127' title='bbox 642 1069 720 1107; x_wconf 77' lang='lat' dir='ltr'>qaod</span> <span class='ocrx_word' id='word_1_128' title='bbox 740 1069 851 1097; x_wconf 72' lang='lat' dir='ltr'>dieitur</span> <span class='ocrx_word' id='word_1_129' title='bbox 869 1077 981 1105; x_wconf 72' lang='lat' dir='ltr'>poena,</span> 
     </span>
     <span class='ocr_line' id='line_1_24' title="bbox 213 1115 982 1153; baseline -0.004 -7"><span class='ocrx_word' id='word_1_130' title='bbox 213 1126 232 1146; x_wconf 82' lang='lat' dir='ltr'>a</span> <span class='ocrx_word' id='word_1_131' title='bbox 257 1118 312 1145; x_wconf 77' lang='lat' dir='ltr'>Deo</span> <span class='ocrx_word' id='word_1_132' title='bbox 337 1121 386 1150; x_wconf 76' lang='lat' dir='ltr'>est,</span> <span class='ocrx_word' id='word_1_133' title='bbox 407 1117 436 1145; x_wconf 73' lang='lat' dir='ltr'>si</span> <span class='ocrx_word' id='word_1_134' title='bbox 457 1117 597 1153; x_wconf 74' lang='lat' dir='ltr'>importat</span> <span class='ocrx_word' id='word_1_135' title='bbox 625 1115 768 1153; x_wconf 72' lang='lat' dir='ltr'>defectam</span> <span class='ocrx_word' id='word_1_136' title='bbox 794 1115 982 1153; x_wconf 68' lang='lat' dir='ltr'>Simpliciter,</span> 
     </span>
     <span class='ocr_line' id='line_1_25' title="bbox 211 1163 941 1202; baseline -0.001 -10"><span class='ocrx_word' id='word_1_137' title='bbox 211 1164 255 1193; x_wconf 80' lang='lat' dir='ltr'>vel</span> <span class='ocrx_word' id='word_1_138' title='bbox 274 1164 409 1202; x_wconf 75' lang='lat' dir='ltr'>aliquam</span> <span class='ocrx_word' id='word_1_139' title='bbox 429 1164 601 1201; x_wconf 74' lang='lat' dir='ltr'>positionem</span> <span class='ocrx_word' id='word_1_140' title='bbox 623 1172 691 1191; x_wconf 80' lang='lat' dir='ltr'>cam</span> <span class='ocrx_word' id='word_1_141' title='bbox 713 1163 941 1192; x_wconf 55' lang='lat' dir='ltr'>(hominatione.</span> 
     </span>
    </p>
   </div>
   <div class='ocr_carea' id='block_1_8' title="bbox 131 1257 984 2569">
    <p class='ocr_par' dir='ltr' id='par_1_10' title="bbox 131 1257 984 2004">
     <span class='ocr_line' id='line_1_26' title="bbox 212 1257 983 1295; baseline -0.001 -9"><span class='ocrx_word' id='word_1_142' title='bbox 212 1259 388 1287; x_wconf 68' lang='lat' dir='ltr'>Responnsso:</span> <span class='ocrx_word' id='word_1_143' title='bbox 413 1258 449 1286; x_wconf 70' lang='lat' dir='ltr'>Ad</span> <span class='ocrx_word' id='word_1_144' title='bbox 471 1258 678 1295; x_wconf 80' lang='lat' dir='ltr'>praedictorum</span> <span class='ocrx_word' id='word_1_145' title='bbox 707 1257 917 1294; x_wconf 76' lang='lat' dir='ltr'>intelligentiam</span> <span class='ocrx_word' id='word_1_146' title='bbox 941 1260 983 1285; x_wconf 88' lang='lat' dir='ltr'>est</span> 
     </span>
     <span class='ocr_line' id='line_1_27' title="bbox 134 1304 983 1342; baseline -0.002 -8"><span class='ocrx_word' id='word_1_147' title='bbox 134 1306 304 1340; x_wconf 81' lang='lat' dir='ltr'>notandum,</span> <span class='ocrx_word' id='word_1_148' title='bbox 327 1306 401 1342; x_wconf 89' lang='lat' dir='ltr'>quod</span> <span class='ocrx_word' id='word_1_149' title='bbox 427 1314 523 1342; x_wconf 79' lang='lat' dir='ltr'>poena</span> <span class='ocrx_word' id='word_1_150' title='bbox 552 1305 586 1333; x_wconf 89' lang='lat' dir='ltr'>de</span> <span class='ocrx_word' id='word_1_151' title='bbox 608 1305 651 1333; x_wconf 86' lang='lat' dir='ltr'>sui</span> <span class='ocrx_word' id='word_1_152' title='bbox 678 1305 800 1341; x_wconf 80' lang='lat' dir='ltr'>generali</span> <span class='ocrx_word' id='word_1_153' title='bbox 823 1304 983 1341; x_wconf 74' lang='lat' dir='ltr'>acceptione</span> 
     </span>
     <span class='ocr_line' id='line_1_28' title="bbox 132 1352 981 1382; baseline -0.002 -1"><span class='ocrx_word' id='word_1_154' title='bbox 132 1353 199 1382; x_wconf 88' lang='lat' dir='ltr'>dicit</span> <span class='ocrx_word' id='word_1_155' title='bbox 221 1357 419 1381; x_wconf 81' lang='lat' dir='ltr'>nocumentum</span> <span class='ocrx_word' id='word_1_156' title='bbox 444 1352 604 1381; x_wconf 88' lang='lat' dir='ltr'>ordinatum</span> <span class='ocrx_word' id='word_1_157' title='bbox 619 1352 637 1379; x_wconf 76' lang='lat'>³.</span> <span class='ocrx_word' id='word_1_158' title='bbox 661 1352 864 1380; x_wconf 82' lang='lat' dir='ltr'>Nocumentum</span> <span class='ocrx_word' id='word_1_159' title='bbox 888 1354 981 1379; x_wconf 89' lang='lat' dir='ltr'>autem</span> 
     </span>
     <span class='ocr_line' id='line_1_29' title="bbox 131 1398 980 1437; baseline -0.004 -8"><span class='ocrx_word' id='word_1_160' title='bbox 131 1400 367 1437; x_wconf 76' lang='lat' dir='ltr'>comparationem</span> <span class='ocrx_word' id='word_1_161' title='bbox 395 1400 479 1428; x_wconf 87' lang='lat' dir='ltr'>habet</span> <span class='ocrx_word' id='word_1_162' title='bbox 500 1403 526 1428; x_wconf 86' lang='lat' dir='ltr'>et</span> <span class='ocrx_word' id='word_1_163' title='bbox 548 1399 581 1427; x_wconf 88' lang='lat' dir='ltr'>ad</span> <span class='ocrx_word' id='word_1_164' title='bbox 607 1399 703 1436; x_wconf 70' lang='lat' dir='ltr'>ipsum</span> <span class='ocrx_word' id='word_1_165' title='bbox 725 1399 876 1432; x_wconf 64' lang='lat' dir='ltr'>nocivam,</span> <span class='ocrx_word' id='word_1_166' title='bbox 899 1401 925 1427; x_wconf 88' lang='lat' dir='ltr'>et</span> <span class='ocrx_word' id='word_1_167' title='bbox 947 1398 980 1426; x_wconf 90' lang='lat' dir='ltr'>ad</span> 
     </span>
     <span class='ocr_line' id='line_1_30' title="bbox 132 1445 983 1484; baseline -0.004 -8"><span class='ocrx_word' id='word_1_168' title='bbox 132 1448 202 1476; x_wconf 90' lang='lat' dir='ltr'>illud</span> <span class='ocrx_word' id='word_1_169' title='bbox 224 1447 297 1484; x_wconf 88' lang='lat' dir='ltr'>quod</span> <span class='ocrx_word' id='word_1_170' title='bbox 318 1447 434 1483; x_wconf 68' lang='lat' dir='ltr'>patitur</span> <span class='ocrx_word' id='word_1_171' title='bbox 451 1450 672 1480; x_wconf 64' lang='lat' dir='ltr'>nocumentum,</span> <span class='ocrx_word' id='word_1_172' title='bbox 695 1449 722 1474; x_wconf 88' lang='lat' dir='ltr'>et</span> <span class='ocrx_word' id='word_1_173' title='bbox 737 1446 771 1474; x_wconf 83' lang='lat' dir='ltr'>ad</span> <span class='ocrx_word' id='word_1_174' title='bbox 790 1445 871 1479; x_wconf 79' lang='lat' dir='ltr'>illud,</span> <span class='ocrx_word' id='word_1_175' title='bbox 888 1453 983 1473; x_wconf 79' lang='lat' dir='ltr'>secun-</span> 
     </span>
     <span class='ocr_line' id='line_1_31' title="bbox 132 1492 983 1531; baseline -0.004 -8"><span class='ocrx_word' id='word_1_176' title='bbox 132 1495 200 1524; x_wconf 87' lang='lat' dir='ltr'>dum</span> <span class='ocrx_word' id='word_1_177' title='bbox 223 1494 304 1523; x_wconf 84' lang='lat' dir='ltr'>cuius</span> <span class='ocrx_word' id='word_1_178' title='bbox 323 1493 519 1531; x_wconf 73' lang='lat' dir='ltr'>privationem</span> <span class='ocrx_word' id='word_1_179' title='bbox 542 1497 747 1521; x_wconf 66' lang='lat' dir='ltr'>itoewuentzcm</span> <span class='ocrx_word' id='word_1_180' title='bbox 765 1492 839 1520; x_wconf 77' lang='lat' dir='ltr'>iilud</span> <span class='ocrx_word' id='word_1_181' title='bbox 860 1492 983 1520; x_wconf 64' lang='lat' dir='ltr'>artemii-</span> 
     </span>
     <span class='ocr_line' id='line_1_32' title="bbox 133 1540 981 1577; baseline -0.004 -7"><span class='ocrx_word' id='word_1_182' title='bbox 133 1546 190 1570; x_wconf 80' lang='lat' dir='ltr'>tur.</span> <span class='ocrx_word' id='word_1_183' title='bbox 224 1542 254 1570; x_wconf 84' lang='lat' dir='ltr'>Et</span> <span class='ocrx_word' id='word_1_184' title='bbox 277 1541 431 1570; x_wconf 84' lang='lat' dir='ltr'>secundum</span> <span class='ocrx_word' id='word_1_185' title='bbox 464 1541 543 1569; x_wconf 87' lang='lat' dir='ltr'>istam</span> <span class='ocrx_word' id='word_1_186' title='bbox 578 1540 715 1577; x_wconf 71' lang='lat' dir='ltr'>triplicem</span> <span class='ocrx_word' id='word_1_187' title='bbox 745 1540 981 1576; x_wconf 78' lang='lat' dir='ltr'>comparationem</span> 
     </span>
     <span class='ocr_line' id='line_1_33' title="bbox 134 1586 983 1626; baseline -0.005 -8"><span class='ocrx_word' id='word_1_188' title='bbox 134 1597 233 1618; x_wconf 89' lang='lat' dir='ltr'>nomen</span> <span class='ocrx_word' id='word_1_189' title='bbox 254 1597 364 1626; x_wconf 67' lang='lat' dir='ltr'>poeitae</span> <span class='ocrx_word' id='word_1_190' title='bbox 379 1588 461 1617; x_wconf 85' lang='lat' dir='ltr'>babet</span> <span class='ocrx_word' id='word_1_191' title='bbox 485 1588 621 1624; x_wconf 87' lang='lat' dir='ltr'>triplicem</span> <span class='ocrx_word' id='word_1_192' title='bbox 639 1587 836 1624; x_wconf 80' lang='lat' dir='ltr'>acceptionem.</span> <span class='ocrx_word' id='word_1_193' title='bbox 854 1586 929 1615; x_wconf 89' lang='lat' dir='ltr'>Unde</span> <span class='ocrx_word' id='word_1_194' title='bbox 945 1586 983 1614; x_wconf 90' lang='lat' dir='ltr'>di-</span> 
     </span>
     <span class='ocr_line' id='line_1_34' title="bbox 133 1633 981 1673; baseline -0.006 -8"><span class='ocrx_word' id='word_1_195' title='bbox 133 1637 205 1665; x_wconf 83' lang='lat' dir='ltr'>citur</span> <span class='ocrx_word' id='word_1_196' title='bbox 227 1644 316 1673; x_wconf 90' lang='lat' dir='ltr'>poena</span> <span class='ocrx_word' id='word_1_197' title='bbox 337 1635 488 1672; x_wconf 89' lang='lat' dir='ltr'>aliquando</span> <span class='ocrx_word' id='word_1_198' title='bbox 504 1634 580 1662; x_wconf 77' lang='lat' dir='ltr'>aetio</span> <span class='ocrx_word' id='word_1_199' title='bbox 604 1634 641 1662; x_wconf 87' lang='lat' dir='ltr'>rei</span> <span class='ocrx_word' id='word_1_200' title='bbox 659 1633 803 1667; x_wconf 78' lang='lat' dir='ltr'>laedentis,</span> <span class='ocrx_word' id='word_1_201' title='bbox 825 1633 981 1661; x_wconf 82' lang='lat' dir='ltr'>secundum</span> 
     </span>
     <span class='ocr_line' id='line_1_35' title="bbox 132 1681 981 1720; baseline -0.007 -8"><span class='ocrx_word' id='word_1_202' title='bbox 132 1683 207 1720; x_wconf 87' lang='lat' dir='ltr'>quod</span> <span class='ocrx_word' id='word_1_203' title='bbox 229 1683 339 1712; x_wconf 86' lang='lat' dir='ltr'>adustio</span> <span class='ocrx_word' id='word_1_204' title='bbox 362 1683 432 1719; x_wconf 86' lang='lat' dir='ltr'>ignis</span> <span class='ocrx_word' id='word_1_205' title='bbox 462 1681 604 1710; x_wconf 81' lang='lat' dir='ltr'>infernalis</span> <span class='ocrx_word' id='word_1_206' title='bbox 626 1681 728 1709; x_wconf 85' lang='lat' dir='ltr'>dicitur</span> <span class='ocrx_word' id='word_1_207' title='bbox 749 1688 811 1709; x_wconf 88' lang='lat' dir='ltr'>esse</span> <span class='ocrx_word' id='word_1_208' title='bbox 832 1688 921 1716; x_wconf 87' lang='lat' dir='ltr'>poena</span> <span class='ocrx_word' id='word_1_209' title='bbox 943 1687 981 1707; x_wconf 91' lang='lat' dir='ltr'>re-</span> 
     </span>
     <span class='ocr_line' id='line_1_36' title="bbox 132 1727 982 1768; baseline -0.006 -9"><span class='ocrx_word' id='word_1_210' title='bbox 132 1731 295 1768; x_wconf 84' lang='lat' dir='ltr'>proborum.</span> <span class='ocrx_word' id='word_1_211' title='bbox 318 1730 425 1758; x_wconf 81' lang='lat' dir='ltr'>Dicitur</span> <span class='ocrx_word' id='word_1_212' title='bbox 440 1729 523 1758; x_wconf 82' lang='lat' dir='ltr'>etiam</span> <span class='ocrx_word' id='word_1_213' title='bbox 540 1736 628 1765; x_wconf 88' lang='lat' dir='ltr'>poena</span> <span class='ocrx_word' id='word_1_214' title='bbox 642 1727 742 1765; x_wconf 75' lang='lat' dir='ltr'>passio</span> <span class='ocrx_word' id='word_1_215' title='bbox 758 1728 797 1755; x_wconf 87' lang='lat' dir='ltr'>rei</span> <span class='ocrx_word' id='word_1_216' title='bbox 815 1727 905 1755; x_wconf 84' lang='lat' dir='ltr'>laesae</span> <span class='ocrx_word' id='word_1_217' title='bbox 924 1727 982 1755; x_wconf 84' lang='lat' dir='ltr'>sive</span> 
     </span>
     <span class='ocr_line' id='line_1_37' title="bbox 132 1774 983 1815; baseline -0.007 -8"><span class='ocrx_word' id='word_1_218' title='bbox 132 1778 259 1815; x_wconf 81' lang='lat' dir='ltr'>punitae,</span> <span class='ocrx_word' id='word_1_219' title='bbox 285 1777 440 1806; x_wconf 85' lang='lat' dir='ltr'>secuudum</span> <span class='ocrx_word' id='word_1_220' title='bbox 468 1776 543 1813; x_wconf 90' lang='lat' dir='ltr'>quod</span> <span class='ocrx_word' id='word_1_221' title='bbox 570 1775 684 1803; x_wconf 86' lang='lat' dir='ltr'>dicitur:</span> <span class='ocrx_word' id='word_1_222' title='bbox 707 1774 820 1803; x_wconf 87' lang='lat' dir='ltr'>afflictio</span> <span class='ocrx_word' id='word_1_223' title='bbox 852 1774 983 1810; x_wconf 85' lang='lat' dir='ltr'>reprobo-</span> 
     </span>
     <span class='ocr_line' id='line_1_38' title="bbox 134 1819 983 1860; baseline -0.006 -7"><span class='ocrx_word' id='word_1_224' title='bbox 134 1833 195 1853; x_wconf 87' lang='lat' dir='ltr'>rum</span> <span class='ocrx_word' id='word_1_225' title='bbox 226 1828 267 1853; x_wconf 85' lang='lat' dir='ltr'>est</span> <span class='ocrx_word' id='word_1_226' title='bbox 296 1832 393 1852; x_wconf 85' lang='lat' dir='ltr'>eorum</span> <span class='ocrx_word' id='word_1_227' title='bbox 416 1831 506 1860; x_wconf 84' lang='lat' dir='ltr'>poena</span> <span class='ocrx_word' id='word_1_228' title='bbox 527 1827 648 1851; x_wconf 87' lang='lat' dir='ltr'>aeterna.</span> <span class='ocrx_word' id='word_1_229' title='bbox 671 1822 778 1851; x_wconf 78' lang='lat' dir='ltr'>Dicitur</span> <span class='ocrx_word' id='word_1_230' title='bbox 801 1821 882 1850; x_wconf 88' lang='lat' dir='ltr'>etiam</span> <span class='ocrx_word' id='word_1_231' title='bbox 911 1819 983 1857; x_wconf 78' lang='lat' dir='ltr'>defe-</span> 
     </span>
     <span class='ocr_line' id='line_1_39' title="bbox 132 1868 983 1907; baseline -0.005 -7"><span class='ocrx_word' id='word_1_232' title='bbox 132 1876 196 1900; x_wconf 74' lang='lat' dir='ltr'>ctas</span> <span class='ocrx_word' id='word_1_233' title='bbox 217 1871 347 1900; x_wconf 72' lang='lat' dir='ltr'>alicuius</span> <span class='ocrx_word' id='word_1_234' title='bbox 370 1870 446 1904; x_wconf 79' lang='lat' dir='ltr'>boni,</span> <span class='ocrx_word' id='word_1_235' title='bbox 470 1870 496 1898; x_wconf 94' lang='lat' dir='ltr'>in</span> <span class='ocrx_word' id='word_1_236' title='bbox 519 1878 603 1907; x_wconf 89' lang='lat' dir='ltr'>quem</span> <span class='ocrx_word' id='word_1_237' title='bbox 628 1870 783 1898; x_wconf 85' lang='lat' dir='ltr'>incurritur</span> <span class='ocrx_word' id='word_1_238' title='bbox 802 1877 837 1897; x_wconf 86' lang='lat' dir='ltr'>ex</span> <span class='ocrx_word' id='word_1_239' title='bbox 861 1868 907 1896; x_wconf 84' lang='lat' dir='ltr'>illa</span> <span class='ocrx_word' id='word_1_240' title='bbox 924 1876 983 1905; x_wconf 81' lang='lat' dir='ltr'>pas-</span> 
     </span>
     <span class='ocr_line' id='line_1_40' title="bbox 132 1916 984 1955; baseline -0.005 -7"><span class='ocrx_word' id='word_1_241' title='bbox 132 1919 221 1953; x_wconf 78' lang='lat' dir='ltr'>sione,</span> <span class='ocrx_word' id='word_1_242' title='bbox 244 1919 314 1947; x_wconf 87' lang='lat' dir='ltr'>sicut</span> <span class='ocrx_word' id='word_1_243' title='bbox 337 1918 462 1947; x_wconf 86' lang='lat' dir='ltr'>defectus</span> <span class='ocrx_word' id='word_1_244' title='bbox 495 1917 613 1955; x_wconf 87' lang='lat' dir='ltr'>quietis,</span> <span class='ocrx_word' id='word_1_245' title='bbox 646 1916 745 1945; x_wconf 88' lang='lat' dir='ltr'>salutis</span> <span class='ocrx_word' id='word_1_246' title='bbox 777 1920 804 1945; x_wconf 90' lang='lat' dir='ltr'>et</span> <span class='ocrx_word' id='word_1_247' title='bbox 836 1916 911 1953; x_wconf 85' lang='lat' dir='ltr'>pacis</span> <span class='ocrx_word' id='word_1_248' title='bbox 943 1919 984 1944; x_wconf 87' lang='lat' dir='ltr'>est</span> 
     </span>
     <span class='ocr_line' id='line_1_41' title="bbox 132 1966 437 2004; baseline -0.007 -9"><span class='ocrx_word' id='word_1_249' title='bbox 132 1975 220 2004; x_wconf 87' lang='lat' dir='ltr'>poena</span> <span class='ocrx_word' id='word_1_250' title='bbox 241 1966 437 2003; x_wconf 87' lang='lat' dir='ltr'>reproborum.</span> 
     </span>
    </p>

    <p class='ocr_par' dir='ltr' id='par_1_11' title="bbox 131 2010 983 2471">
     <span class='ocr_line' id='line_1_42' title="bbox 212 2010 982 2050; baseline -0.004 -9"><span class='ocrx_word' id='word_1_251' title='bbox 212 2014 395 2050; x_wconf 84' lang='lat' dir='ltr'>Quocumque</span> <span class='ocrx_word' id='word_1_252' title='bbox 428 2015 521 2040; x_wconf 87' lang='lat' dir='ltr'>autem</span> <span class='ocrx_word' id='word_1_253' title='bbox 548 2011 666 2039; x_wconf 78' lang='lat' dir='ltr'>istorum</span> <span class='ocrx_word' id='word_1_254' title='bbox 693 2010 842 2039; x_wconf 89' lang='lat' dir='ltr'>modorum</span> <span class='ocrx_word' id='word_1_255' title='bbox 872 2010 982 2038; x_wconf 85' lang='lat' dir='ltr'>dicatur</span> 
     </span>
     <span class='ocr_line' id='line_1_43' title="bbox 131 2056 983 2098; baseline -0.006 -9"><span class='ocrx_word' id='word_1_256' title='bbox 131 2070 234 2098; x_wconf 78' lang='lat' dir='ltr'>poena,</span> <span class='ocrx_word' id='word_1_257' title='bbox 257 2060 315 2088; x_wconf 87' lang='lat' dir='ltr'>sive</span> <span class='ocrx_word' id='word_1_258' title='bbox 337 2059 428 2093; x_wconf 80' lang='lat' dir='ltr'>actio,</span> <span class='ocrx_word' id='word_1_259' title='bbox 451 2059 509 2087; x_wconf 81' lang='lat' dir='ltr'>sive</span> <span class='ocrx_word' id='word_1_260' title='bbox 529 2058 645 2095; x_wconf 74' lang='lat' dir='ltr'>passio,</span> <span class='ocrx_word' id='word_1_261' title='bbox 668 2058 726 2087; x_wconf 79' lang='lat' dir='ltr'>sive</span> <span class='ocrx_word' id='word_1_262' title='bbox 749 2056 891 2094; x_wconf 73' lang='lat' dir='ltr'>defectas,</span> <span class='ocrx_word' id='word_1_263' title='bbox 914 2065 983 2085; x_wconf 88' lang='lat' dir='ltr'>sem-</span> 
     </span>
     <span class='ocr_line' id='line_1_44' title="bbox 133 2103 982 2146; baseline -0.006 -10"><span class='ocrx_word' id='word_1_264' title='bbox 133 2117 182 2146; x_wconf 87' lang='lat' dir='ltr'>per</span> <span class='ocrx_word' id='word_1_265' title='bbox 204 2116 304 2136; x_wconf 91' lang='lat' dir='ltr'>nomen</span> <span class='ocrx_word' id='word_1_266' title='bbox 326 2115 453 2143; x_wconf 76' lang='lat' dir='ltr'>poeitae,</span> <span class='ocrx_word' id='word_1_267' title='bbox 476 2110 507 2134; x_wconf 86' lang='lat' dir='ltr'>ut</span> <span class='ocrx_word' id='word_1_268' title='bbox 539 2106 577 2134; x_wconf 82' lang='lat' dir='ltr'>sic</span> <span class='ocrx_word' id='word_1_269' title='bbox 607 2108 660 2139; x_wconf 83' lang='lat' dir='ltr'>est,</span> <span class='ocrx_word' id='word_1_270' title='bbox 692 2104 854 2141; x_wconf 86' lang='lat' dir='ltr'>impositum</span> <span class='ocrx_word' id='word_1_271' title='bbox 884 2107 926 2132; x_wconf 88' lang='grc' dir='ltr'>θεῖ</span> <span class='ocrx_word' id='word_1_272' title='bbox 947 2103 982 2132; x_wconf 88' lang='lat' dir='ltr'>ab</span> 
     </span>
     <span class='ocr_line' id='line_1_45' title="bbox 132 2151 983 2191; baseline -0.006 -8"><span class='ocrx_word' id='word_1_273' title='bbox 132 2155 248 2187; x_wconf 76' lang='lat' dir='ltr'>ordine,-</span> <span class='ocrx_word' id='word_1_274' title='bbox 264 2158 290 2183; x_wconf 89' lang='lat' dir='ltr'>et</span> <span class='ocrx_word' id='word_1_275' title='bbox 312 2154 386 2191; x_wconf 88' lang='lat' dir='ltr'>quod</span> <span class='ocrx_word' id='word_1_276' title='bbox 409 2153 475 2182; x_wconf 85' lang='lat' dir='ltr'>dicit</span> <span class='ocrx_word' id='word_1_277' title='bbox 489 2152 614 2181; x_wconf 89' lang='lat' dir='ltr'>nominat</span> <span class='ocrx_word' id='word_1_278' title='bbox 629 2155 660 2181; x_wconf 90' lang='lat' dir='ltr'>ut</span> <span class='ocrx_word' id='word_1_279' title='bbox 675 2152 844 2180; x_wconf 81' lang='lat' dir='ltr'>ordinatum.</span> <span class='ocrx_word' id='word_1_280' title='bbox 869 2151 899 2178; x_wconf 89' lang='lat' dir='ltr'>Et</span> <span class='ocrx_word' id='word_1_281' title='bbox 918 2158 983 2187; x_wconf 88' lang='lat' dir='ltr'>quo-</span> 
     </span>
     <span class='ocr_line' id='line_1_46' title="bbox 132 2198 983 2235; baseline -0.006 -5"><span class='ocrx_word' id='word_1_282' title='bbox 132 2203 205 2231; x_wconf 90' lang='lat' dir='ltr'>niam</span> <span class='ocrx_word' id='word_1_283' title='bbox 229 2209 311 2229; x_wconf 89' lang='lat' dir='ltr'>omne</span> <span class='ocrx_word' id='word_1_284' title='bbox 329 2200 500 2234; x_wconf 86' lang='lat' dir='ltr'>ordinatum,</span> <span class='ocrx_word' id='word_1_285' title='bbox 517 2203 547 2228; x_wconf 90' lang='lat' dir='ltr'>ut</span> <span class='ocrx_word' id='word_1_286' title='bbox 563 2199 616 2227; x_wconf 84' lang='lat' dir='ltr'>tale</span> <span class='ocrx_word' id='word_1_287' title='bbox 631 2202 681 2233; x_wconf 69' lang='grc' dir='ltr'>θεῖ,</span> <span class='ocrx_word' id='word_1_288' title='bbox 698 2198 823 2235; x_wconf 76' lang='lat' dir='ltr'>procedit</span> <span class='ocrx_word' id='word_1_289' title='bbox 844 2206 860 2226; x_wconf 87' lang='lat' dir='ltr'>a</span> <span class='ocrx_word' id='word_1_290' title='bbox 882 2198 951 2231; x_wconf 84' lang='lat' dir='ltr'>Deo⁷</span> <span class='ocrx_word' id='word_1_291' title='bbox 967 2206 983 2225; x_wconf 91' lang='lat' dir='ltr'>a</span> 
     </span>
     <span class='ocr_line' id='line_1_47' title="bbox 133 2245 983 2286; baseline -0.006 -9"><span class='ocrx_word' id='word_1_292' title='bbox 133 2257 189 2286; x_wconf 92' lang='lat' dir='ltr'>quo</span> <span class='ocrx_word' id='word_1_293' title='bbox 211 2251 252 2277; x_wconf 87' lang='grc' dir='ltr'>θεῖ</span> <span class='ocrx_word' id='word_1_294' title='bbox 274 2248 364 2276; x_wconf 86' lang='lat' dir='ltr'>omnis</span> <span class='ocrx_word' id='word_1_295' title='bbox 392 2247 474 2280; x_wconf 87' lang='lat' dir='ltr'>ordo;</span> <span class='ocrx_word' id='word_1_296' title='bbox 496 2254 676 2283; x_wconf 86' lang='lat' dir='ltr'>quocumque</span> <span class='ocrx_word' id='word_1_297' title='bbox 691 2245 774 2274; x_wconf 89' lang='lat' dir='ltr'>modo</span> <span class='ocrx_word' id='word_1_298' title='bbox 796 2245 906 2273; x_wconf 85' lang='lat' dir='ltr'>dicatur</span> <span class='ocrx_word' id='word_1_299' title='bbox 922 2252 983 2281; x_wconf 89' lang='lat' dir='ltr'>poe-</span> 
     </span>
     <span class='ocr_line' id='line_1_48' title="bbox 133 2293 983 2332; baseline -0.007 -8"><span class='ocrx_word' id='word_1_300' title='bbox 133 2304 176 2330; x_wconf 74' lang='lat' dir='ltr'>na,</span> <span class='ocrx_word' id='word_1_301' title='bbox 198 2299 226 2324; x_wconf 85' lang='lat' dir='ltr'>et</span> <span class='ocrx_word' id='word_1_302' title='bbox 247 2294 382 2332; x_wconf 88' lang='lat' dir='ltr'>quidquid</span> <span class='ocrx_word' id='word_1_303' title='bbox 405 2294 508 2322; x_wconf 89' lang='lat' dir='ltr'>dicitur</span> <span class='ocrx_word' id='word_1_304' title='bbox 522 2301 623 2330; x_wconf 77' lang='lat' dir='ltr'>poena,</span> <span class='ocrx_word' id='word_1_305' title='bbox 646 2293 672 2320; x_wconf 91' lang='lat' dir='ltr'>in</span> <span class='ocrx_word' id='word_1_306' title='bbox 688 2296 824 2329; x_wconf 81' lang='lat' dir='ltr'>quantum</span> <span class='ocrx_word' id='word_1_307' title='bbox 842 2299 945 2328; x_wconf 81' lang='lat' dir='ltr'>poena,</span> <span class='ocrx_word' id='word_1_308' title='bbox 967 2299 983 2318; x_wconf 92' lang='lat' dir='ltr'>a</span> 
     </span>
     <span class='ocr_line' id='line_1_49' title="bbox 133 2338 983 2379; baseline -0.008 -7"><span class='ocrx_word' id='word_1_309' title='bbox 133 2344 190 2372; x_wconf 91' lang='lat' dir='ltr'>Deo</span> <span class='ocrx_word' id='word_1_310' title='bbox 212 2346 262 2377; x_wconf 81' lang='lat' dir='ltr'>est,</span> <span class='ocrx_word' id='word_1_311' title='bbox 284 2342 415 2379; x_wconf 88' lang='lat' dir='ltr'>quoniam</span> <span class='ocrx_word' id='word_1_312' title='bbox 432 2348 514 2369; x_wconf 87' lang='lat' dir='ltr'>omne</span> <span class='ocrx_word' id='word_1_313' title='bbox 536 2340 697 2368; x_wconf 82' lang='lat' dir='ltr'>ordinatum</span> <span class='ocrx_word' id='word_1_314' title='bbox 714 2348 729 2367; x_wconf 85' lang='lat' dir='ltr'>a</span> <span class='ocrx_word' id='word_1_315' title='bbox 743 2339 800 2367; x_wconf 87' lang='lat' dir='ltr'>Deo</span> <span class='ocrx_word' id='word_1_316' title='bbox 816 2343 866 2367; x_wconf 76' lang='lat' dir='ltr'>esi.</span> <span class='ocrx_word' id='word_1_317' title='bbox 886 2339 904 2365; x_wconf 65' lang='lat' dir='ltr'>A</span> <span class='ocrx_word' id='word_1_318' title='bbox 926 2338 983 2366; x_wconf 87' lang='lat' dir='ltr'>Deo</span> 
     </span>
     <span class='ocr_line' id='line_1_50' title="bbox 134 2385 983 2426; baseline -0.008 -7"><span class='ocrx_word' id='word_1_319' title='bbox 134 2391 206 2420; x_wconf 91' lang='lat' dir='ltr'>enim</span> <span class='ocrx_word' id='word_1_320' title='bbox 229 2390 322 2423; x_wconf 85' lang='lat' dir='ltr'>habet,</span> <span class='ocrx_word' id='word_1_321' title='bbox 344 2388 417 2426; x_wconf 90' lang='lat' dir='ltr'>quod</span> <span class='ocrx_word' id='word_1_322' title='bbox 435 2388 469 2417; x_wconf 86' lang='lat' dir='ltr'>sit</span> <span class='ocrx_word' id='word_1_323' title='bbox 484 2387 653 2419; x_wconf 67' lang='lat' dir='ltr'>ordinatum„</span> <span class='ocrx_word' id='word_1_324' title='bbox 670 2390 696 2415; x_wconf 79' lang='lat' dir='ltr'>et</span> <span class='ocrx_word' id='word_1_325' title='bbox 711 2386 767 2414; x_wconf 85' lang='lat' dir='ltr'>Deo</span> <span class='ocrx_word' id='word_1_326' title='bbox 782 2386 872 2422; x_wconf 83' lang='lat' dir='ltr'>placet</span> <span class='ocrx_word' id='word_1_327' title='bbox 893 2385 983 2413; x_wconf 88' lang='lat' dir='ltr'>omnis</span> 
     </span>
     <span class='ocr_line' id='line_1_51' title="bbox 135 2431 983 2471; baseline -0.008 -5"><span class='ocrx_word' id='word_1_328' title='bbox 135 2438 213 2471; x_wconf 82' lang='lat' dir='ltr'>ordo,</span> <span class='ocrx_word' id='word_1_329' title='bbox 235 2441 261 2465; x_wconf 90' lang='lat' dir='ltr'>et</span> <span class='ocrx_word' id='word_1_330' title='bbox 283 2436 355 2465; x_wconf 86' lang='lat' dir='ltr'>idem</span> <span class='ocrx_word' id='word_1_331' title='bbox 379 2438 420 2464; x_wconf 86' lang='grc' dir='ltr'>θεῖ</span> <span class='ocrx_word' id='word_1_332' title='bbox 444 2434 502 2463; x_wconf 82' lang='lat' dir='ltr'>fieri</span> <span class='ocrx_word' id='word_1_333' title='bbox 524 2434 581 2462; x_wconf 86' lang='lat' dir='ltr'>Deo</span> <span class='ocrx_word' id='word_1_334' title='bbox 602 2436 717 2461; x_wconf 82' lang='lat' dir='ltr'>auctore</span> <span class='ocrx_word' id='word_1_335' title='bbox 732 2436 759 2461; x_wconf 82' lang='lat' dir='ltr'>et</span> <span class='ocrx_word' id='word_1_336' title='bbox 773 2432 829 2460; x_wconf 91' lang='lat' dir='ltr'>Deo</span> <span class='ocrx_word' id='word_1_337' title='bbox 846 2431 954 2459; x_wconf 85' lang='lat' dir='ltr'>volente</span> <span class='ocrx_word' id='word_1_338' title='bbox 966 2431 983 2458; x_wconf 80' lang='lat'>⁴.</span> 
     </span>
    </p>

    <p class='ocr_par' dir='ltr' id='par_1_12' title="bbox 135 2477 984 2569">
     <span class='ocr_line' id='line_1_52' title="bbox 214 2477 983 2519; baseline -0.009 -7"><span class='ocrx_word' id='word_1_339' title='bbox 214 2484 239 2512; x_wconf 83' lang='lat' dir='ltr'>Si</span> <span class='ocrx_word' id='word_1_340' title='bbox 262 2487 355 2512; x_wconf 86' lang='lat' dir='ltr'>autem</span> <span class='ocrx_word' id='word_1_341' title='bbox 383 2482 533 2519; x_wconf 84' lang='lat' dir='ltr'>loquamur</span> <span class='ocrx_word' id='word_1_342' title='bbox 562 2480 596 2509; x_wconf 89' lang='lat' dir='ltr'>de</span> <span class='ocrx_word' id='word_1_343' title='bbox 625 2488 714 2516; x_wconf 85' lang='lat' dir='ltr'>poena</span> <span class='ocrx_word' id='word_1_344' title='bbox 735 2478 891 2508; x_wconf 77' lang='lat' dir='ltr'>secundum</span> <span class='ocrx_word' id='word_1_345' title='bbox 914 2477 983 2506; x_wconf 92' lang='lat' dir='ltr'>illud</span> 
     </span>
     <span class='ocr_line' id='line_1_53' title="bbox 135 2526 984 2569; baseline -0.008 -10"><span class='ocrx_word' id='word_1_346' title='bbox 135 2531 210 2569; x_wconf 88' lang='lat' dir='ltr'>quod</span> <span class='ocrx_word' id='word_1_347' title='bbox 231 2530 328 2559; x_wconf 74' lang='lat' dir='ltr'>subest</span> <span class='ocrx_word' id='word_1_348' title='bbox 349 2529 417 2557; x_wconf 74' lang='lat' dir='ltr'>liiiio</span> <span class='ocrx_word' id='word_1_349' title='bbox 439 2527 552 2560; x_wconf 77' lang='lat' dir='ltr'>ordini,</span> <span class='ocrx_word' id='word_1_350' title='bbox 579 2536 594 2555; x_wconf 92' lang='lat' dir='ltr'>a</span> <span class='ocrx_word' id='word_1_351' title='bbox 623 2535 679 2563; x_wconf 87' lang='lat' dir='ltr'>quo</span> <span class='ocrx_word' id='word_1_352' title='bbox 708 2526 861 2563; x_wconf 86' lang='lat' dir='ltr'>imponitur</span> <span class='ocrx_word' id='word_1_353' title='bbox 883 2532 984 2553; x_wconf 90' lang='lat' dir='ltr'>nomen</span> 
     </span>
    </p>
   </div>
   <div class='ocr_carea' id='block_1_9' title="bbox 137 2683 987 3027">
    <p class='ocr_par' dir='ltr' id='par_1_13' title="bbox 137 2683 985 2833">
     <span class='ocr_line' id='line_1_54' title="bbox 200 2683 983 2715; baseline -0.008 -5"><span class='ocrx_word' id='word_1_354' title='bbox 200 2687 207 2701; x_wconf 86' lang='lat'>¹</span> <span class='ocrx_word' id='word_1_355' title='bbox 224 2687 268 2710; x_wconf 87' lang='lat' dir='ltr'>Csr.</span> <span class='ocrx_word' id='word_1_356' title='bbox 286 2688 389 2715; x_wconf 62' lang='lat' dir='ltr'>August,</span> <span class='ocrx_word' id='word_1_357' title='bbox 409 2686 454 2708; x_wconf 77' lang='lat' dir='ltr'>xil.</span> <span class='ocrx_word' id='word_1_358' title='bbox 473 2685 501 2708; x_wconf 84' lang='lat' dir='ltr'>de</span> <span class='ocrx_word' id='word_1_359' title='bbox 519 2684 567 2707; x_wconf 71' lang='lat' dir='ltr'>Civ.</span> <span class='ocrx_word' id='word_1_360' title='bbox 586 2685 637 2711; x_wconf 64' lang='lat' dir='ltr'>Dei,</span> <span class='ocrx_word' id='word_1_361' title='bbox 656 2690 675 2706; x_wconf 84' lang='lat' dir='ltr'>c.</span> <span class='ocrx_word' id='word_1_362' title='bbox 694 2684 714 2706; x_wconf 79' lang='lat'>8.</span> <span class='ocrx_word' id='word_1_363' title='bbox 734 2683 794 2705; x_wconf 82' lang='lat' dir='ltr'>idem</span> <span class='ocrx_word' id='word_1_364' title='bbox 808 2684 829 2705; x_wconf 90' lang='lat' dir='ltr'>in</span> <span class='ocrx_word' id='word_1_365' title='bbox 848 2683 949 2705; x_wconf 75' lang='lat' dir='ltr'>Enarrai.</span> <span class='ocrx_word' id='word_1_366' title='bbox 962 2683 983 2704; x_wconf 91' lang='lat' dir='ltr'>in</span> 
     </span>
     <span class='ocr_line' id='line_1_55' title="bbox 137 2721 985 2752; baseline -0.008 -3"><span class='ocrx_word' id='word_1_367' title='bbox 137 2727 172 2749; x_wconf 82' lang='grc' dir='ltr'>Ρε.</span> <span class='ocrx_word' id='word_1_368' title='bbox 191 2726 227 2748; x_wconf 74' lang='grc'>34,</span> <span class='ocrx_word' id='word_1_369' title='bbox 245 2732 313 2748; x_wconf 82' lang='lat' dir='ltr'>serm.</span> <span class='ocrx_word' id='word_1_370' title='bbox 336 2726 352 2747; x_wconf 97' lang='grc'>1.</span> <span class='ocrx_word' id='word_1_371' title='bbox 371 2732 392 2747; x_wconf 77' lang='grc' dir='ltr'>η,</span> <span class='ocrx_word' id='word_1_372' title='bbox 411 2726 431 2747; x_wconf 76' lang='grc'>9.</span> <span class='ocrx_word' id='word_1_373' title='bbox 450 2725 603 2752; x_wconf 78' lang='lat' dir='ltr'>ignorantiam</span> <span class='ocrx_word' id='word_1_374' title='bbox 620 2726 688 2745; x_wconf 75' lang='lat' dir='ltr'>vocat</span> <span class='ocrx_word' id='word_1_375' title='bbox 705 2721 831 2745; x_wconf 71' lang='lat' dir='ltr'>tenebram.</span> <span class='ocrx_word' id='word_1_376' title='bbox 845 2734 875 2737; x_wconf 97' lang='lat'><strong>—</strong></span> <span class='ocrx_word' id='word_1_377' title='bbox 888 2722 909 2743; x_wconf 89' lang='lat' dir='ltr'>ln</span> <span class='ocrx_word' id='word_1_378' title='bbox 923 2722 985 2743; x_wconf 87' lang='lat' dir='ltr'>initio</span> 
     </span>
     <span class='ocr_line' id='line_1_56' title="bbox 138 2760 984 2794; baseline -0.008 -6"><span class='ocrx_word' id='word_1_379' title='bbox 138 2772 186 2794; x_wconf 79' lang='lat' dir='ltr'>arg.</span> <span class='ocrx_word' id='word_1_380' title='bbox 204 2768 256 2793; x_wconf 84' lang='lat' dir='ltr'>post</span> <span class='ocrx_word' id='word_1_381' title='bbox 273 2766 330 2787; x_wconf 69' lang='lat' dir='ltr'>[iem</span> <span class='ocrx_word' id='word_1_382' title='bbox 349 2765 397 2786; x_wconf 78' lang='lat' dir='ltr'>Vat.</span> <span class='ocrx_word' id='word_1_383' title='bbox 416 2770 469 2786; x_wconf 81' lang='lat' dir='ltr'>curn</span> <span class='ocrx_word' id='word_1_384' title='bbox 482 2763 534 2785; x_wconf 79' lang='lat' dir='ltr'>cdd.</span> <span class='ocrx_word' id='word_1_385' title='bbox 554 2763 574 2789; x_wconf 78' lang='lat'>3,</span> <span class='ocrx_word' id='word_1_386' title='bbox 594 2761 605 2784; x_wconf 70' lang='lat'><strong>4</strong></span> <span class='ocrx_word' id='word_1_387' title='bbox 624 2762 737 2783; x_wconf 67' lang='lat' dir='ltr'>intel-sora</span> <span class='ocrx_word' id='word_1_388' title='bbox 753 2760 784 2789; x_wconf 69' lang='lat' dir='ltr'>si,</span> <span class='ocrx_word' id='word_1_389' title='bbox 804 2763 826 2783; x_wconf 86' lang='lat' dir='ltr'>et</span> <span class='ocrx_word' id='word_1_390' title='bbox 838 2760 921 2782; x_wconf 79' lang='lat' dir='ltr'>deinde</span> <span class='ocrx_word' id='word_1_391' title='bbox 937 2760 984 2782; x_wconf 81' lang='lat' dir='ltr'>sola</span> 
     </span>
     <span class='ocr_line' id='line_1_57' title="bbox 138 2802 621 2833; baseline -0.012 -5"><span class='ocrx_word' id='word_1_392' title='bbox 138 2807 190 2833; x_wconf 88' lang='lat' dir='ltr'>post</span> <span class='ocrx_word' id='word_1_393' title='bbox 206 2803 308 2833; x_wconf 70' lang='lat' dir='ltr'>defectos</span> <span class='ocrx_word' id='word_1_394' title='bbox 326 2805 358 2826; x_wconf 73' lang='lat' dir='ltr'>est</span> <span class='ocrx_word' id='word_1_395' title='bbox 376 2810 389 2825; x_wconf 83' lang='grc' dir='ltr'>[ι</span> <span class='ocrx_word' id='word_1_396' title='bbox 408 2803 455 2825; x_wconf 77' lang='lat' dir='ltr'>Deo</span> <span class='ocrx_word' id='word_1_397' title='bbox 473 2802 577 2824; x_wconf 68' lang='lat' dir='ltr'>interiicit</span> <span class='ocrx_word' id='word_1_398' title='bbox 594 2802 621 2823; x_wconf 76' lang='lat' dir='ltr'>ei.</span> 
     </span>
    </p>

    <p class='ocr_par' dir='ltr' id='par_1_14' title="bbox 201 2840 685 2871">
     <span class='ocr_line' id='line_1_58' title="bbox 201 2840 685 2871; baseline -0.008 -6"><span class='ocrx_word' id='word_1_399' title='bbox 201 2843 210 2857; x_wconf 78' lang='lat'><strong>2</strong></span> <span class='ocrx_word' id='word_1_400' title='bbox 228 2845 273 2865; x_wconf 66' lang='lat' dir='ltr'>Art.</span> <span class='ocrx_word' id='word_1_401' title='bbox 296 2843 313 2865; x_wconf 83' lang='lat' dir='ltr'>l.</span> <span class='ocrx_word' id='word_1_402' title='bbox 331 2849 352 2871; x_wconf 86' lang='lat' dir='ltr'>q.</span> <span class='ocrx_word' id='word_1_403' title='bbox 376 2843 392 2863; x_wconf 87' lang='lat' dir='ltr'>l.</span> <span class='ocrx_word' id='word_1_404' title='bbox 411 2845 432 2863; x_wconf 75' lang='lat' dir='ltr'>ct</span> <span class='ocrx_word' id='word_1_405' title='bbox 450 2841 471 2863; x_wconf 89' lang='lat' dir='ltr'>d.</span> <span class='ocrx_word' id='word_1_406' title='bbox 491 2841 526 2862; x_wconf 26' lang='lat'>35*</span> <span class='ocrx_word' id='word_1_407' title='bbox 545 2846 565 2861; x_wconf 81' lang='lat' dir='ltr'>a.</span> <span class='ocrx_word' id='word_1_408' title='bbox 588 2841 604 2862; x_wconf 88' lang='lat' dir='ltr'>l.</span> <span class='ocrx_word' id='word_1_409' title='bbox 624 2847 646 2868; x_wconf 85' lang='lat' dir='ltr'>q.</span> <span class='ocrx_word' id='word_1_410' title='bbox 665 2840 685 2861; x_wconf 69' lang='lat'>2.</span> 
     </span>
    </p>

    <p class='ocr_par' dir='ltr' id='par_1_15' title="bbox 139 2877 987 2983">
     <span class='ocr_line' id='line_1_59' title="bbox 201 2877 986 2909; baseline -0.008 -5"><span class='ocrx_word' id='word_1_411' title='bbox 201 2882 211 2896; x_wconf 69' lang='grc'><strong>3</strong></span> <span class='ocrx_word' id='word_1_412' title='bbox 230 2882 316 2909; x_wconf 82' lang='lat' dir='ltr'>lsidor.,</span> <span class='ocrx_word' id='word_1_413' title='bbox 341 2882 366 2903; x_wconf 68' lang='lat' dir='ltr'>V.</span> <span class='ocrx_word' id='word_1_414' title='bbox 391 2881 518 2908; x_wconf 75' lang='lat' dir='ltr'>Etymolog.</span> <span class='ocrx_word' id='word_1_415' title='bbox 542 2886 560 2901; x_wconf 89' lang='lat' dir='ltr'>c.</span> <span class='ocrx_word' id='word_1_416' title='bbox 584 2878 620 2900; x_wconf 71' lang='lat'>²27.</span> <span class='ocrx_word' id='word_1_417' title='bbox 645 2885 665 2900; x_wconf 90' lang='lat' dir='ltr'>n.</span> <span class='ocrx_word' id='word_1_418' title='bbox 684 2879 708 2900; x_wconf 74' lang='lat'>2:</span> <span class='ocrx_word' id='word_1_419' title='bbox 732 2879 804 2900; x_wconf 67' lang='lat' dir='ltr'>Poeno</span> <span class='ocrx_word' id='word_1_420' title='bbox 828 2877 900 2904; x_wconf 73' lang='lat' dir='ltr'>dicta,</span> <span class='ocrx_word' id='word_1_421' title='bbox 923 2877 986 2905; x_wconf 88' lang='lat' dir='ltr'>quod</span> 
     </span>
     <span class='ocr_line' id='line_1_60' title="bbox 139 2916 987 2950; baseline -0.008 -6"><span class='ocrx_word' id='word_1_422' title='bbox 139 2923 225 2950; x_wconf 84' lang='lat' dir='ltr'>puniat.</span> <span class='ocrx_word' id='word_1_423' title='bbox 243 2934 273 2938; x_wconf 92' lang='lat'>—-</span> <span class='ocrx_word' id='word_1_424' title='bbox 291 2921 338 2942; x_wconf 69' lang='lat' dir='ltr'>Mox</span> <span class='ocrx_word' id='word_1_425' title='bbox 358 2926 400 2948; x_wconf 88' lang='lat' dir='ltr'>pro</span> <span class='ocrx_word' id='word_1_426' title='bbox 419 2919 528 2942; x_wconf 68' lang='lat' dir='ltr'>noricum</span> <span class='ocrx_word' id='word_1_427' title='bbox 546 2918 613 2940; x_wconf 85' lang='lat' dir='ltr'>codd.</span> <span class='ocrx_word' id='word_1_428' title='bbox 633 2918 650 2939; x_wconf 76' lang='lat' dir='ltr'>K</span> <span class='ocrx_word' id='word_1_429' title='bbox 667 2918 685 2939; x_wconf 78' lang='lat' dir='ltr'><strong>M</strong></span> <span class='ocrx_word' id='word_1_430' title='bbox 703 2917 721 2939; x_wconf 93' lang='lat' dir='ltr'><strong>T</strong></span> <span class='ocrx_word' id='word_1_431' title='bbox 739 2917 757 2938; x_wconf 70' lang='lat' dir='ltr'>V</span> <span class='ocrx_word' id='word_1_432' title='bbox 774 2916 806 2939; x_wconf 85' lang='lat' dir='ltr'>bb</span> <span class='ocrx_word' id='word_1_433' title='bbox 819 2923 844 2938; x_wconf 81' lang='lat' dir='ltr'>ce</span> <span class='ocrx_word' id='word_1_434' title='bbox 857 2919 899 2938; x_wconf 72' lang='lat' dir='ltr'>etc.</span> <span class='ocrx_word' id='word_1_435' title='bbox 917 2921 987 2938; x_wconf 73' lang='lat' dir='ltr'>uoca-</span> 
     </span>
     <span class='ocr_line' id='line_1_61' title="bbox 139 2961 252 2983; baseline -0.009 0"><span class='ocrx_word' id='word_1_436' title='bbox 139 2961 252 2983; x_wconf 75' lang='lat' dir='ltr'>mentam.</span> 
     </span>
    </p>

    <p class='ocr_par' dir='ltr' id='par_1_16' title="bbox 202 2994 986 3027">
     <span class='ocr_line' id='line_1_62' title="bbox 202 2994 986 3027; baseline -0.008 -6"><span class='ocrx_word' id='word_1_437' title='bbox 202 2999 210 3014; x_wconf 75' lang='lat'><strong>⁴</strong></span> <span class='ocrx_word' id='word_1_438' title='bbox 228 3001 332 3027; x_wconf 68' lang='lat' dir='ltr'>August,</span> <span class='ocrx_word' id='word_1_439' title='bbox 355 2999 383 3021; x_wconf 63' lang='lat'>83</span> <span class='ocrx_word' id='word_1_440' title='bbox 406 2999 447 3027; x_wconf 85' lang='lat' dir='ltr'>Qq.</span> <span class='ocrx_word' id='word_1_441' title='bbox 466 3005 488 3026; x_wconf 86' lang='lat' dir='ltr'>q.</span> <span class='ocrx_word' id='word_1_442' title='bbox 507 2997 533 3020; x_wconf 83' lang='lat'>3:</span> <span class='ocrx_word' id='word_1_443' title='bbox 558 2997 595 3019; x_wconf 84' lang='lat' dir='ltr'>llio</span> <span class='ocrx_word' id='word_1_444' title='bbox 613 2999 689 3018; x_wconf 80' lang='lat' dir='ltr'>autem</span> <span class='ocrx_word' id='word_1_445' title='bbox 711 2999 803 3018; x_wconf 81' lang='lat' dir='ltr'>auctore</span> <span class='ocrx_word' id='word_1_446' title='bbox 826 3001 878 3017; x_wconf 87' lang='lat' dir='ltr'>cum</span> <span class='ocrx_word' id='word_1_447' title='bbox 897 2994 986 3022; x_wconf 72' lang='lat' dir='ltr'>dicitur⁷</span> 
     </span>
    </p>
   </div>
   <div class='ocr_carea' id='block_1_10' title="bbox 1010 277 1020 3022">
    <p class='ocr_par' dir='ltr' id='par_1_17' title="bbox 1010 277 1020 3022">
     <span class='ocr_line' id='line_1_63' title="bbox 1010 277 1020 3022; baseline 0 0"><span class='ocrx_word' id='word_1_448' title='bbox 1010 277 1020 3022; x_wconf 95' lang='lat' dir='ltr'> </span> 
     </span>
    </p>
   </div>
   <div class='ocr_carea' id='block_1_11' title="bbox 1835 200 1891 228">
    <p class='ocr_par' dir='ltr' id='par_1_18' title="bbox 1835 200 1891 228">
     <span class='ocr_line' id='line_1_64' title="bbox 1835 200 1891 228; baseline 0.018 -1"><span class='ocrx_word' id='word_1_449' title='bbox 1835 200 1891 228; x_wconf 76' lang='lat'>855</span> 
     </span>
    </p>
   </div>
   <div class='ocr_carea' id='block_1_12' title="bbox 1036 273 2033 2562">
    <p class='ocr_par' dir='ltr' id='par_1_19' title="bbox 1036 273 2033 1670">
     <span class='ocr_line' id='line_1_65' title="bbox 1043 273 2032 312; baseline 0.005 -12"><span class='ocrx_word' id='word_1_450' title='bbox 1043 280 1164 309; x_wconf 82' lang='lat' dir='ltr'>poenae;</span> <span class='ocrx_word' id='word_1_451' title='bbox 1186 275 1253 301; x_wconf 87' lang='lat' dir='ltr'>tunc</span> <span class='ocrx_word' id='word_1_452' title='bbox 1274 273 1424 302; x_wconf 89' lang='lat' dir='ltr'>dicendum</span> <span class='ocrx_word' id='word_1_453' title='bbox 1448 277 1502 308; x_wconf 82' lang='lat' dir='ltr'>est,</span> <span class='ocrx_word' id='word_1_454' title='bbox 1524 275 1597 312; x_wconf 90' lang='lat' dir='ltr'>quod</span> <span class='ocrx_word' id='word_1_455' title='bbox 1622 275 1644 304; x_wconf 89' lang='lat' dir='ltr'>si</span> <span class='ocrx_word' id='word_1_456' title='bbox 1672 283 1760 312; x_wconf 85' lang='lat' dir='ltr'>poena</span> <span class='ocrx_word' id='word_1_457' title='bbox 1781 276 1891 305; x_wconf 89' lang='lat' dir='ltr'>dicatur</span> <span class='ocrx_word' id='word_1_458' title='bbox 1905 283 2003 303; x_wconf 70' lang='lat' dir='ltr'>Conclusio</span> <span class='ocrx_word' id='word_1_459' title='bbox 2014 285 2032 303; x_wconf 69' lang='lat' dir='ltr'>a.</span> 
     </span>
     <span class='ocr_line' id='line_1_66' title="bbox 1042 317 1891 356; baseline 0.006 -10"><span class='ocrx_word' id='word_1_460' title='bbox 1042 317 1170 355; x_wconf 75' lang='lat' dir='ltr'>defectas</span> <span class='ocrx_word' id='word_1_461' title='bbox 1192 320 1249 348; x_wconf 89' lang='lat' dir='ltr'>sive</span> <span class='ocrx_word' id='word_1_462' title='bbox 1271 321 1394 349; x_wconf 87' lang='lat' dir='ltr'>carentia</span> <span class='ocrx_word' id='word_1_463' title='bbox 1425 321 1545 350; x_wconf 86' lang='lat' dir='ltr'>alicuius</span> <span class='ocrx_word' id='word_1_464' title='bbox 1567 322 1644 356; x_wconf 88' lang='lat' dir='ltr'>boni,</span> <span class='ocrx_word' id='word_1_465' title='bbox 1671 322 1709 351; x_wconf 88' lang='lat' dir='ltr'>sic</span> <span class='ocrx_word' id='word_1_466' title='bbox 1741 322 1891 351; x_wconf 83' lang='lat' dir='ltr'>dicendum</span> 
     </span>
     <span class='ocr_line' id='line_1_67' title="bbox 1042 366 1891 403; baseline 0.006 -10"><span class='ocrx_word' id='word_1_467' title='bbox 1042 369 1096 399; x_wconf 83' lang='lat' dir='ltr'>est,</span> <span class='ocrx_word' id='word_1_468' title='bbox 1118 366 1193 402; x_wconf 89' lang='lat' dir='ltr'>quod</span> <span class='ocrx_word' id='word_1_469' title='bbox 1220 366 1282 395; x_wconf 89' lang='lat' dir='ltr'>talis</span> <span class='ocrx_word' id='word_1_470' title='bbox 1303 367 1428 396; x_wconf 86' lang='lat' dir='ltr'>defectus</span> <span class='ocrx_word' id='word_1_471' title='bbox 1461 376 1476 395; x_wconf 91' lang='lat' dir='ltr'>a</span> <span class='ocrx_word' id='word_1_472' title='bbox 1503 368 1558 396; x_wconf 90' lang='lat' dir='ltr'>Deo</span> <span class='ocrx_word' id='word_1_473' title='bbox 1584 376 1639 396; x_wconf 90' lang='lat' dir='ltr'>non</span> <span class='ocrx_word' id='word_1_474' title='bbox 1661 372 1718 403; x_wconf 83' lang='lat' dir='ltr'>est;</span> <span class='ocrx_word' id='word_1_475' title='bbox 1740 377 1794 397; x_wconf 88' lang='lat' dir='ltr'>non</span> <span class='ocrx_word' id='word_1_476' title='bbox 1817 370 1891 398; x_wconf 85' lang='lat' dir='ltr'>enirn</span> 
     </span>
     <span class='ocr_line' id='line_1_68' title="bbox 1042 412 1891 453; baseline 0.007 -14"><span class='ocrx_word' id='word_1_477' title='bbox 1042 412 1124 440; x_wconf 82' lang='lat' dir='ltr'>babet</span> <span class='ocrx_word' id='word_1_478' title='bbox 1141 420 1254 441; x_wconf 89' lang='lat' dir='ltr'>cansam</span> <span class='ocrx_word' id='word_1_479' title='bbox 1270 413 1444 448; x_wconf 82' lang='lat' dir='ltr'>efficientem,</span> <span class='ocrx_word' id='word_1_480' title='bbox 1460 415 1508 443; x_wconf 87' lang='lat' dir='ltr'>sed</span> <span class='ocrx_word' id='word_1_481' title='bbox 1524 414 1713 450; x_wconf 84' lang='lat' dir='ltr'>deficientem,</span> <span class='ocrx_word' id='word_1_482' title='bbox 1729 424 1778 444; x_wconf 86' lang='lat' dir='ltr'>nec</span> <span class='ocrx_word' id='word_1_483' title='bbox 1795 424 1891 453; x_wconf 83' lang='lat' dir='ltr'>poena,</span> 
     </span>
     <span class='ocr_line' id='line_1_69' title="bbox 1041 460 1892 495; baseline 0.008 -9"><span class='ocrx_word' id='word_1_484' title='bbox 1041 466 1113 495; x_wconf 89' lang='lat' dir='ltr'>quae</span> <span class='ocrx_word' id='word_1_485' title='bbox 1135 460 1218 488; x_wconf 88' lang='lat' dir='ltr'>talem</span> <span class='ocrx_word' id='word_1_486' title='bbox 1241 460 1379 489; x_wconf 85' lang='lat' dir='ltr'>defectum</span> <span class='ocrx_word' id='word_1_487' title='bbox 1403 462 1535 495; x_wconf 88' lang='lat' dir='ltr'>nominat,</span> <span class='ocrx_word' id='word_1_488' title='bbox 1556 466 1598 491; x_wconf 85' lang='lat' dir='ltr'>est</span> <span class='ocrx_word' id='word_1_489' title='bbox 1619 471 1634 491; x_wconf 88' lang='lat' dir='ltr'>a</span> <span class='ocrx_word' id='word_1_490' title='bbox 1649 463 1715 491; x_wconf 84' lang='lat' dir='ltr'>Deo.</span> <span class='ocrx_word' id='word_1_491' title='bbox 1737 480 1775 484; x_wconf 93' lang='lat'>—-</span> <span class='ocrx_word' id='word_1_492' title='bbox 1796 464 1822 492; x_wconf 88' lang='lat' dir='ltr'>Si</span> <span class='ocrx_word' id='word_1_493' title='bbox 1845 472 1892 492; x_wconf 90' lang='lat' dir='ltr'>au-</span> 
     </span>
     <span class='ocr_line' id='line_1_70' title="bbox 1042 508 1892 548; baseline 0.007 -14"><span class='ocrx_word' id='word_1_494' title='bbox 1042 509 1096 534; x_wconf 87' lang='lat' dir='ltr'>tem</span> <span class='ocrx_word' id='word_1_495' title='bbox 1119 515 1208 543; x_wconf 85' lang='lat' dir='ltr'>poena</span> <span class='ocrx_word' id='word_1_496' title='bbox 1230 508 1340 536; x_wconf 87' lang='lat' dir='ltr'>dicatur</span> <span class='ocrx_word' id='word_1_497' title='bbox 1362 508 1422 545; x_wconf 88' lang='lat' dir='ltr'>ipsa</span> <span class='ocrx_word' id='word_1_498' title='bbox 1439 510 1541 545; x_wconf 75' lang='lat' dir='ltr'>passio</span> <span class='ocrx_word' id='word_1_499' title='bbox 1557 510 1595 538; x_wconf 92' lang='lat' dir='ltr'>rei</span> <span class='ocrx_word' id='word_1_500' title='bbox 1618 511 1740 547; x_wconf 88' lang='lat' dir='ltr'>punitae,</span> <span class='ocrx_word' id='word_1_501' title='bbox 1763 519 1835 548; x_wconf 88' lang='lat' dir='ltr'>quae</span> <span class='ocrx_word' id='word_1_502' title='bbox 1850 514 1892 540; x_wconf 86' lang='grc' dir='ltr'>θεῖ</span> 
     </span>
     <span class='ocr_line' id='line_1_71' title="bbox 1041 553 2021 595; baseline 0.006 -14"><span class='ocrx_word' id='word_1_503' title='bbox 1041 553 1086 581; x_wconf 84' lang='lat' dir='ltr'>via</span> <span class='ocrx_word' id='word_1_504' title='bbox 1107 554 1141 582; x_wconf 87' lang='lat' dir='ltr'>ad</span> <span class='ocrx_word' id='word_1_505' title='bbox 1165 554 1303 583; x_wconf 87' lang='lat' dir='ltr'>desectum</span> <span class='ocrx_word' id='word_1_506' title='bbox 1326 555 1445 584; x_wconf 87' lang='lat' dir='ltr'>alicuius</span> <span class='ocrx_word' id='word_1_507' title='bbox 1467 557 1546 591; x_wconf 89' lang='lat' dir='ltr'>boni,</span> <span class='ocrx_word' id='word_1_508' title='bbox 1570 562 1635 586; x_wconf 89' lang='lat' dir='ltr'>tunc</span> <span class='ocrx_word' id='word_1_509' title='bbox 1658 557 1889 595; x_wconf 80' lang='lat' dir='ltr'>distinguendum</span> <span class='ocrx_word' id='word_1_510' title='bbox 1910 565 1974 591; x_wconf 57' lang='lat' dir='ltr'>Passio</span> <span class='ocrx_word' id='word_1_511' title='bbox 1989 565 2021 583; x_wconf 72' lang='lat' dir='ltr'>tri-</span> 
     </span>
     <span class='ocr_line' id='line_1_72' title="bbox 1041 589 2022 641; baseline 0.006 -13"><span class='ocrx_word' id='word_1_512' title='bbox 1041 603 1095 628; x_wconf 85' lang='lat' dir='ltr'>est:</span> <span class='ocrx_word' id='word_1_513' title='bbox 1129 601 1194 637; x_wconf 84' lang='lat' dir='ltr'>quia</span> <span class='ocrx_word' id='word_1_514' title='bbox 1226 602 1363 638; x_wconf 80' lang='lat' dir='ltr'>quaedam</span> <span class='ocrx_word' id='word_1_515' title='bbox 1393 605 1434 631; x_wconf 88' lang='grc' dir='ltr'>θεῖ</span> <span class='ocrx_word' id='word_1_516' title='bbox 1456 604 1564 639; x_wconf 78' lang='lat' dir='ltr'>passio,</span> <span class='ocrx_word' id='word_1_517' title='bbox 1586 612 1658 641; x_wconf 87' lang='lat' dir='ltr'>quae</span> <span class='ocrx_word' id='word_1_518' title='bbox 1679 608 1720 633; x_wconf 85' lang='grc' dir='ltr'>θεῖ</span> <span class='ocrx_word' id='word_1_519' title='bbox 1749 605 1890 634; x_wconf 76' lang='lat' dir='ltr'>ordinata</span> <span class='ocrx_word' id='word_1_520' title='bbox 1903 589 2022 630; x_wconf 41' lang='lat' dir='ltr'>maggior-</span> 
     </span>
     <span class='ocr_line' id='line_1_73' title="bbox 1040 647 1892 688; baseline 0.008 -14"><span class='ocrx_word' id='word_1_521' title='bbox 1040 647 1250 684; x_wconf 75' lang='lat' dir='ltr'>simpiiciter⁵;</span> <span class='ocrx_word' id='word_1_522' title='bbox 1270 650 1408 686; x_wconf 78' lang='lat' dir='ltr'>quaedam</span> <span class='ocrx_word' id='word_1_523' title='bbox 1432 658 1511 684; x_wconf 85' lang='lat' dir='ltr'>vero,</span> <span class='ocrx_word' id='word_1_524' title='bbox 1538 659 1618 688; x_wconf 87' lang='lat' dir='ltr'>quae,</span> <span class='ocrx_word' id='word_1_525' title='bbox 1640 652 1769 688; x_wconf 76' lang='lat' dir='ltr'>quamvis</span> <span class='ocrx_word' id='word_1_526' title='bbox 1791 653 1825 681; x_wconf 88' lang='lat' dir='ltr'>sit</span> <span class='ocrx_word' id='word_1_527' title='bbox 1847 662 1892 681; x_wconf 81' lang='lat' dir='ltr'>or-</span> 
     </span>
     <span class='ocr_line' id='line_1_74' title="bbox 1041 694 1891 733; baseline 0.007 -12"><span class='ocrx_word' id='word_1_528' title='bbox 1041 694 1146 722; x_wconf 75' lang='lat' dir='ltr'>dinata</span> <span class='ocrx_word' id='word_1_529' title='bbox 1166 695 1328 723; x_wconf 63' lang='lat' dir='ltr'>secundiori</span> <span class='ocrx_word' id='word_1_530' title='bbox 1350 696 1434 733; x_wconf 72' lang='lat' dir='ltr'>(said,</span> <span class='ocrx_word' id='word_1_531' title='bbox 1456 701 1498 725; x_wconf 89' lang='lat' dir='ltr'>est</span> <span class='ocrx_word' id='word_1_532' title='bbox 1521 700 1610 726; x_wconf 86' lang='lat' dir='ltr'>tamen</span> <span class='ocrx_word' id='word_1_533' title='bbox 1628 698 1803 727; x_wconf 74' lang='lat' dir='ltr'>deordinata</span> <span class='ocrx_word' id='word_1_534' title='bbox 1823 699 1891 727; x_wconf 72' lang='lat' dir='ltr'>sim-</span> 
     </span>
     <span class='ocr_line' id='line_1_75' title="bbox 1038 740 1891 778; baseline 0.007 -10"><span class='ocrx_word' id='word_1_535' title='bbox 1038 740 1172 777; x_wconf 55' lang='lat' dir='ltr'>plicatam</span> <span class='ocrx_word' id='word_1_536' title='bbox 1193 742 1332 778; x_wconf 82' lang='lat' dir='ltr'>quaedam</span> <span class='ocrx_word' id='word_1_537' title='bbox 1355 750 1421 771; x_wconf 89' lang='lat' dir='ltr'>vero</span> <span class='ocrx_word' id='word_1_538' title='bbox 1436 744 1530 771; x_wconf 68' lang='lat' dir='ltr'>mettio</span> <span class='ocrx_word' id='word_1_539' title='bbox 1545 744 1630 772; x_wconf 73' lang='lat' dir='ltr'>mocio</span> <span class='ocrx_word' id='word_1_540' title='bbox 1648 753 1678 772; x_wconf 78' lang='lat' dir='ltr'>se</span> <span class='ocrx_word' id='word_1_541' title='bbox 1699 744 1814 773; x_wconf 69' lang='lat' dir='ltr'>liabens.</span> <span class='ocrx_word' id='word_1_542' title='bbox 1830 746 1891 775; x_wconf 83' lang='lat' dir='ltr'>Pas-</span> 
     </span>
     <span class='ocr_line' id='line_1_76' title="bbox 1041 787 2033 829; baseline 0.006 -14"><span class='ocrx_word' id='word_1_543' title='bbox 1041 787 1081 815; x_wconf 86' lang='lat' dir='ltr'>sio</span> <span class='ocrx_word' id='word_1_544' title='bbox 1098 787 1157 819; x_wconf 82' lang='lat' dir='ltr'>illa,</span> <span class='ocrx_word' id='word_1_545' title='bbox 1173 796 1245 824; x_wconf 85' lang='lat' dir='ltr'>quae</span> <span class='ocrx_word' id='word_1_546' title='bbox 1260 792 1302 817; x_wconf 82' lang='lat' dir='ltr'>est</span> <span class='ocrx_word' id='word_1_547' title='bbox 1317 789 1458 817; x_wconf 73' lang='lat' dir='ltr'>ordinata</span> <span class='ocrx_word' id='word_1_548' title='bbox 1473 790 1655 826; x_wconf 75' lang='lat' dir='ltr'>simpliciter,</span> <span class='ocrx_word' id='word_1_549' title='bbox 1672 791 1718 819; x_wconf 88' lang='lat' dir='ltr'>illa</span> <span class='ocrx_word' id='word_1_550' title='bbox 1733 795 1774 820; x_wconf 88' lang='lat' dir='ltr'>est</span> <span class='ocrx_word' id='word_1_551' title='bbox 1789 793 1889 829; x_wconf 80' lang='lat' dir='ltr'>passio,</span> <span class='ocrx_word' id='word_1_552' title='bbox 1903 798 2002 817; x_wconf 72' lang='lat' dir='ltr'>Conclusio</span> <span class='ocrx_word' id='word_1_553' title='bbox 2016 799 2033 817; x_wconf 84' lang='grc'>3-</span> 
     </span>
     <span class='ocr_line' id='line_1_77' title="bbox 1041 836 1890 874; baseline 0.006 -12"><span class='ocrx_word' id='word_1_554' title='bbox 1041 842 1113 871; x_wconf 86' lang='lat' dir='ltr'>quae</span> <span class='ocrx_word' id='word_1_555' title='bbox 1134 838 1176 863; x_wconf 88' lang='lat' dir='ltr'>est</span> <span class='ocrx_word' id='word_1_556' title='bbox 1193 844 1270 872; x_wconf 74' lang='lat' dir='ltr'>pure</span> <span class='ocrx_word' id='word_1_557' title='bbox 1288 836 1435 872; x_wconf 74' lang='lat' dir='ltr'>poenalis,</span> <span class='ocrx_word' id='word_1_558' title='bbox 1458 837 1530 865; x_wconf 88' lang='lat' dir='ltr'>sicut</span> <span class='ocrx_word' id='word_1_559' title='bbox 1551 838 1644 874; x_wconf 84' lang='lat' dir='ltr'>passio</span> <span class='ocrx_word' id='word_1_560' title='bbox 1666 838 1747 866; x_wconf 87' lang='lat' dir='ltr'>famis</span> <span class='ocrx_word' id='word_1_561' title='bbox 1769 842 1795 866; x_wconf 92' lang='lat' dir='ltr'>et</span> <span class='ocrx_word' id='word_1_562' title='bbox 1817 839 1890 872; x_wconf 88' lang='lat' dir='ltr'>sitis,</span> 
     </span>
     <span class='ocr_line' id='line_1_78' title="bbox 1040 881 1891 918; baseline 0.005 -9"><span class='ocrx_word' id='word_1_563' title='bbox 1040 884 1067 909; x_wconf 88' lang='lat' dir='ltr'>et</span> <span class='ocrx_word' id='word_1_564' title='bbox 1088 881 1151 910; x_wconf 87' lang='lat' dir='ltr'>talis</span> <span class='ocrx_word' id='word_1_565' title='bbox 1173 882 1265 918; x_wconf 86' lang='lat' dir='ltr'>passio</span> <span class='ocrx_word' id='word_1_566' title='bbox 1286 890 1302 910; x_wconf 88' lang='lat' dir='ltr'>a</span> <span class='ocrx_word' id='word_1_567' title='bbox 1324 882 1380 911; x_wconf 89' lang='lat' dir='ltr'>Deo</span> <span class='ocrx_word' id='word_1_568' title='bbox 1402 887 1456 914; x_wconf 80' lang='lat' dir='ltr'>est:</span> <span class='ocrx_word' id='word_1_569' title='bbox 1478 883 1553 912; x_wconf 90' lang='lat' dir='ltr'>unde</span> <span class='ocrx_word' id='word_1_570' title='bbox 1574 884 1662 912; x_wconf 85' lang='lat' dir='ltr'>sames</span> <span class='ocrx_word' id='word_1_571' title='bbox 1677 888 1704 912; x_wconf 88' lang='lat' dir='ltr'>et</span> <span class='ocrx_word' id='word_1_572' title='bbox 1719 885 1778 913; x_wconf 80' lang='lat' dir='ltr'>sitis</span> <span class='ocrx_word' id='word_1_573' title='bbox 1799 893 1815 913; x_wconf 93' lang='lat' dir='ltr'>a</span> <span class='ocrx_word' id='word_1_574' title='bbox 1835 886 1891 914; x_wconf 88' lang='lat' dir='ltr'>Deo</span> 
     </span>
     <span class='ocr_line' id='line_1_79' title="bbox 1040 928 2033 967; baseline 0.003 -10"><span class='ocrx_word' id='word_1_575' title='bbox 1040 928 1143 957; x_wconf 90' lang='lat' dir='ltr'>dicitur</span> <span class='ocrx_word' id='word_1_576' title='bbox 1158 937 1227 957; x_wconf 85' lang='lat' dir='ltr'>esse.</span> <span class='ocrx_word' id='word_1_577' title='bbox 1237 929 1377 958; x_wconf 78' lang='lat' dir='ltr'>—Passio</span> <span class='ocrx_word' id='word_1_578' title='bbox 1392 937 1474 963; x_wconf 72' lang='lat' dir='ltr'>vero⁷</span> <span class='ocrx_word' id='word_1_579' title='bbox 1491 938 1562 967; x_wconf 85' lang='lat' dir='ltr'>quae</span> <span class='ocrx_word' id='word_1_580' title='bbox 1578 934 1619 959; x_wconf 84' lang='grc' dir='ltr'>θεῖ</span> <span class='ocrx_word' id='word_1_581' title='bbox 1635 931 1810 959; x_wconf 75' lang='lat' dir='ltr'>deordinata</span> <span class='ocrx_word' id='word_1_582' title='bbox 1825 932 1892 960; x_wconf 69' lang='lat' dir='ltr'>sim-</span> <span class='ocrx_word' id='word_1_583' title='bbox 1905 938 2003 957; x_wconf 74' lang='lat' dir='ltr'>Conclusio</span> <span class='ocrx_word' id='word_1_584' title='bbox 2014 939 2033 957; x_wconf 66' lang='lat'>4.</span> 
     </span>
     <span class='ocr_line' id='line_1_80' title="bbox 1036 975 1891 1016; baseline 0.005 -13"><span class='ocrx_word' id='word_1_585' title='bbox 1036 975 1167 1012; x_wconf 75' lang='lat' dir='ltr'>pliciter,</span> <span class='ocrx_word' id='word_1_586' title='bbox 1191 976 1237 1004; x_wconf 79' lang='lat' dir='ltr'>sed</span> <span class='ocrx_word' id='word_1_587' title='bbox 1261 977 1402 1005; x_wconf 75' lang='lat' dir='ltr'>ordinata</span> <span class='ocrx_word' id='word_1_588' title='bbox 1417 978 1578 1006; x_wconf 63' lang='lat' dir='ltr'>securatam</span> <span class='ocrx_word' id='word_1_589' title='bbox 1594 978 1678 1016; x_wconf 76' lang='lat' dir='ltr'>qaid,</span> <span class='ocrx_word' id='word_1_590' title='bbox 1691 982 1735 1007; x_wconf 87' lang='grc' dir='ltr'>θεῖ</span> <span class='ocrx_word' id='word_1_591' title='bbox 1758 978 1804 1006; x_wconf 89' lang='lat' dir='ltr'>illa</span> <span class='ocrx_word' id='word_1_592' title='bbox 1818 987 1891 1015; x_wconf 84' lang='lat' dir='ltr'>quae</span> 
     </span>
     <span class='ocr_line' id='line_1_81' title="bbox 1039 1022 1892 1061; baseline 0.004 -11"><span class='ocrx_word' id='word_1_593' title='bbox 1039 1026 1081 1051; x_wconf 88' lang='grc' dir='ltr'>θεῖ</span> <span class='ocrx_word' id='word_1_594' title='bbox 1103 1022 1259 1059; x_wconf 65' lang='lat' dir='ltr'>culpabilis,</span> <span class='ocrx_word' id='word_1_595' title='bbox 1282 1023 1354 1052; x_wconf 88' lang='lat' dir='ltr'>sicut</span> <span class='ocrx_word' id='word_1_596' title='bbox 1375 1027 1417 1052; x_wconf 88' lang='grc' dir='ltr'>θεῖ</span> <span class='ocrx_word' id='word_1_597' title='bbox 1448 1024 1614 1052; x_wconf 78' lang='lat' dir='ltr'>deformatio</span> <span class='ocrx_word' id='word_1_598' title='bbox 1635 1024 1764 1061; x_wconf 79' lang='lat' dir='ltr'>imaginis</span> <span class='ocrx_word' id='word_1_599' title='bbox 1786 1028 1812 1053; x_wconf 86' lang='lat' dir='ltr'>et</span> <span class='ocrx_word' id='word_1_600' title='bbox 1834 1033 1892 1053; x_wconf 90' lang='lat' dir='ltr'>cor-</span> 
     </span>
     <span class='ocr_line' id='line_1_82' title="bbox 1040 1070 1892 1106; baseline 0.004 -9"><span class='ocrx_word' id='word_1_601' title='bbox 1040 1070 1133 1106; x_wconf 89' lang='lat' dir='ltr'>ruptio</span> <span class='ocrx_word' id='word_1_602' title='bbox 1154 1070 1307 1098; x_wconf 80' lang='lat' dir='ltr'>habilitatis</span> <span class='ocrx_word' id='word_1_603' title='bbox 1329 1070 1362 1098; x_wconf 88' lang='lat' dir='ltr'>ad</span> <span class='ocrx_word' id='word_1_604' title='bbox 1387 1070 1504 1104; x_wconf 71' lang='lat' dir='ltr'>bonum:</span> <span class='ocrx_word' id='word_1_605' title='bbox 1526 1074 1553 1099; x_wconf 91' lang='lat' dir='ltr'>et</span> <span class='ocrx_word' id='word_1_606' title='bbox 1574 1071 1636 1099; x_wconf 90' lang='lat' dir='ltr'>talis</span> <span class='ocrx_word' id='word_1_607' title='bbox 1659 1079 1713 1099; x_wconf 90' lang='lat' dir='ltr'>non</span> <span class='ocrx_word' id='word_1_608' title='bbox 1735 1074 1777 1099; x_wconf 90' lang='grc' dir='ltr'>θεῖ</span> <span class='ocrx_word' id='word_1_609' title='bbox 1798 1079 1892 1100; x_wconf 89' lang='lat' dir='ltr'>conce-</span> 
     </span>
     <span class='ocr_line' id='line_1_83' title="bbox 1040 1117 2032 1156; baseline -0.001 -11"><span class='ocrx_word' id='word_1_610' title='bbox 1040 1117 1131 1146; x_wconf 86' lang='lat' dir='ltr'>denda</span> <span class='ocrx_word' id='word_1_611' title='bbox 1147 1125 1207 1146; x_wconf 87' lang='lat' dir='ltr'>esse</span> <span class='ocrx_word' id='word_1_612' title='bbox 1222 1126 1236 1145; x_wconf 84' lang='lat' dir='ltr'>a</span> <span class='ocrx_word' id='word_1_613' title='bbox 1253 1118 1318 1146; x_wconf 81' lang='lat' dir='ltr'>Deo.</span> <span class='ocrx_word' id='word_1_614' title='bbox 1334 1135 1371 1138; x_wconf 86' lang='lat'>-—</span> <span class='ocrx_word' id='word_1_615' title='bbox 1387 1118 1480 1146; x_wconf 80' lang='lat' dir='ltr'>Passio</span> <span class='ocrx_word' id='word_1_616' title='bbox 1495 1126 1562 1146; x_wconf 84' lang='lat' dir='ltr'>vero</span> <span class='ocrx_word' id='word_1_617' title='bbox 1577 1118 1675 1146; x_wconf 73' lang='lat' dir='ltr'>media</span> <span class='ocrx_word' id='word_1_618' title='bbox 1690 1121 1730 1147; x_wconf 88' lang='lat' dir='ltr'>est</span> <span class='ocrx_word' id='word_1_619' title='bbox 1747 1118 1802 1151; x_wconf 70' lang='lat' dir='ltr'>illa,</span> <span class='ocrx_word' id='word_1_620' title='bbox 1818 1127 1890 1156; x_wconf 88' lang='lat' dir='ltr'>quae</span> <span class='ocrx_word' id='word_1_621' title='bbox 1903 1126 2002 1145; x_wconf 75' lang='lat' dir='ltr'>Conclusio</span> <span class='ocrx_word' id='word_1_622' title='bbox 2014 1127 2032 1145; x_wconf 83' lang='lat'>5.</span> 
     </span>
     <span class='ocr_line' id='line_1_84' title="bbox 1039 1164 1891 1202; baseline 0.001 -9"><span class='ocrx_word' id='word_1_623' title='bbox 1039 1168 1081 1193; x_wconf 83' lang='lat' dir='ltr'>est</span> <span class='ocrx_word' id='word_1_624' title='bbox 1102 1165 1193 1201; x_wconf 82' lang='lat' dir='ltr'>passio</span> <span class='ocrx_word' id='word_1_625' title='bbox 1215 1164 1328 1199; x_wconf 81' lang='lat' dir='ltr'>vitiosa,</span> <span class='ocrx_word' id='word_1_626' title='bbox 1345 1168 1440 1202; x_wconf 83' lang='lat' dir='ltr'>utpote</span> <span class='ocrx_word' id='word_1_627' title='bbox 1462 1165 1509 1193; x_wconf 87' lang='lat' dir='ltr'>illa</span> <span class='ocrx_word' id='word_1_628' title='bbox 1525 1173 1596 1202; x_wconf 85' lang='lat' dir='ltr'>quae</span> <span class='ocrx_word' id='word_1_629' title='bbox 1618 1168 1659 1194; x_wconf 87' lang='grc' dir='ltr'>θεῖ</span> <span class='ocrx_word' id='word_1_630' title='bbox 1680 1173 1716 1194; x_wconf 85' lang='lat' dir='ltr'>ex</span> <span class='ocrx_word' id='word_1_631' title='bbox 1739 1165 1891 1194; x_wconf 84' lang='lat' dir='ltr'>rebellione</span> 
     </span>
     <span class='ocr_line' id='line_1_85' title="bbox 1039 1211 1890 1250; baseline 0.002 -11"><span class='ocrx_word' id='word_1_632' title='bbox 1039 1211 1131 1240; x_wconf 86' lang='lat' dir='ltr'>carnis</span> <span class='ocrx_word' id='word_1_633' title='bbox 1153 1211 1186 1239; x_wconf 86' lang='lat' dir='ltr'>ad</span> <span class='ocrx_word' id='word_1_634' title='bbox 1217 1211 1361 1248; x_wconf 79' lang='lat' dir='ltr'>spiritum,</span> <span class='ocrx_word' id='word_1_635' title='bbox 1384 1220 1455 1249; x_wconf 85' lang='lat' dir='ltr'>quae</span> <span class='ocrx_word' id='word_1_636' title='bbox 1485 1212 1614 1250; x_wconf 73' lang='lat' dir='ltr'>quodam</span> <span class='ocrx_word' id='word_1_637' title='bbox 1635 1212 1719 1240; x_wconf 81' lang='lat' dir='ltr'>modo</span> <span class='ocrx_word' id='word_1_638' title='bbox 1749 1213 1890 1241; x_wconf 74' lang='lat' dir='ltr'>ordinata</span> 
     </span>
     <span class='ocr_line' id='line_1_86' title="bbox 1039 1258 1890 1296; baseline 0.001 -10"><span class='ocrx_word' id='word_1_639' title='bbox 1039 1262 1080 1287; x_wconf 86' lang='lat' dir='ltr'>est</span> <span class='ocrx_word' id='word_1_640' title='bbox 1095 1258 1130 1286; x_wconf 86' lang='lat' dir='ltr'>ad</span> <span class='ocrx_word' id='word_1_641' title='bbox 1146 1259 1258 1295; x_wconf 84' lang='lat' dir='ltr'>culpam</span> <span class='ocrx_word' id='word_1_642' title='bbox 1281 1259 1507 1295; x_wconf 79' lang='lat' dir='ltr'>praecedentem,</span> <span class='ocrx_word' id='word_1_643' title='bbox 1530 1259 1657 1296; x_wconf 63' lang='lat' dir='ltr'>quodam</span> <span class='ocrx_word' id='word_1_644' title='bbox 1673 1259 1757 1287; x_wconf 70' lang='lat' dir='ltr'>mocio</span> <span class='ocrx_word' id='word_1_645' title='bbox 1779 1259 1890 1288; x_wconf 79' lang='lat' dir='ltr'>deordi-</span> 
     </span>
     <span class='ocr_line' id='line_1_87' title="bbox 1041 1305 1889 1343; baseline 0.001 -10"><span class='ocrx_word' id='word_1_646' title='bbox 1041 1309 1112 1333; x_wconf 80' lang='lat' dir='ltr'>nata.</span> <span class='ocrx_word' id='word_1_647' title='bbox 1134 1309 1184 1339; x_wconf 82' lang='lat' dir='ltr'>est,</span> <span class='ocrx_word' id='word_1_648' title='bbox 1206 1305 1272 1341; x_wconf 90' lang='lat' dir='ltr'>quia</span> <span class='ocrx_word' id='word_1_649' title='bbox 1293 1308 1334 1334; x_wconf 86' lang='grc' dir='ltr'>θεῖ</span> <span class='ocrx_word' id='word_1_650' title='bbox 1349 1305 1509 1333; x_wconf 83' lang='lat' dir='ltr'>inclinativa</span> <span class='ocrx_word' id='word_1_651' title='bbox 1524 1306 1559 1334; x_wconf 91' lang='lat' dir='ltr'>ad</span> <span class='ocrx_word' id='word_1_652' title='bbox 1575 1305 1685 1342; x_wconf 84' lang='lat' dir='ltr'>culpam</span> <span class='ocrx_word' id='word_1_653' title='bbox 1709 1310 1889 1343; x_wconf 80' lang='lat' dir='ltr'>sequentem3</span> 
     </span>
     <span class='ocr_line' id='line_1_88' title="bbox 1039 1352 1890 1389; baseline 0.002 -10"><span class='ocrx_word' id='word_1_654' title='bbox 1039 1356 1066 1380; x_wconf 87' lang='lat' dir='ltr'>et</span> <span class='ocrx_word' id='word_1_655' title='bbox 1089 1352 1156 1380; x_wconf 86' lang='lat' dir='ltr'>haec</span> <span class='ocrx_word' id='word_1_656' title='bbox 1179 1359 1231 1379; x_wconf 87' lang='lat' dir='ltr'>non</span> <span class='ocrx_word' id='word_1_657' title='bbox 1254 1352 1417 1381; x_wconf 82' lang='lat' dir='ltr'>conceditur</span> <span class='ocrx_word' id='word_1_658' title='bbox 1438 1360 1499 1381; x_wconf 86' lang='lat' dir='ltr'>esse</span> <span class='ocrx_word' id='word_1_659' title='bbox 1521 1361 1536 1380; x_wconf 93' lang='lat' dir='ltr'>a</span> <span class='ocrx_word' id='word_1_660' title='bbox 1557 1352 1624 1381; x_wconf 87' lang='lat' dir='ltr'>Deo.</span> <span class='ocrx_word' id='word_1_661' title='bbox 1647 1353 1679 1381; x_wconf 90' lang='lat' dir='ltr'>Et</span> <span class='ocrx_word' id='word_1_662' title='bbox 1700 1353 1829 1389; x_wconf 76' lang='lat' dir='ltr'>Magister</span> <span class='ocrx_word' id='word_1_663' title='bbox 1851 1353 1890 1381; x_wconf 92' lang='lat' dir='ltr'>di-</span> 
     </span>
     <span class='ocr_line' id='line_1_89' title="bbox 1039 1398 1890 1436; baseline 0.002 -10"><span class='ocrx_word' id='word_1_664' title='bbox 1039 1399 1082 1427; x_wconf 81' lang='lat' dir='ltr'>xit</span> <span class='ocrx_word' id='word_1_665' title='bbox 1104 1407 1190 1435; x_wconf 85' lang='lat' dir='ltr'>supra</span> <span class='ocrx_word' id='word_1_666' title='bbox 1205 1398 1381 1427; x_wconf 85' lang='lat' dir='ltr'>distinctione</span> <span class='ocrx_word' id='word_1_667' title='bbox 1398 1399 1541 1435; x_wconf 80' lang='lat' dir='ltr'>trigesima</span> <span class='ocrx_word' id='word_1_668' title='bbox 1556 1400 1679 1428; x_wconf 86' lang='lat' dir='ltr'>secunda</span> <span class='ocrx_word' id='word_1_669' title='bbox 1692 1400 1710 1433; x_wconf 64' lang='lat'>⁰„</span> <span class='ocrx_word' id='word_1_670' title='bbox 1727 1401 1802 1436; x_wconf 89' lang='lat' dir='ltr'>quod</span> <span class='ocrx_word' id='word_1_671' title='bbox 1829 1411 1842 1425; x_wconf 86' lang='lat'>&lt;‹</span> <span class='ocrx_word' id='word_1_672' title='bbox 1854 1400 1890 1429; x_wconf 87' lang='lat' dir='ltr'>fo-</span> 
     </span>
     <span class='ocr_line' id='line_1_90' title="bbox 1039 1446 1890 1482; baseline 0.002 -9"><span class='ocrx_word' id='word_1_673' title='bbox 1039 1453 1098 1474; x_wconf 90' lang='lat' dir='ltr'>mes</span> <span class='ocrx_word' id='word_1_674' title='bbox 1119 1449 1145 1473; x_wconf 86' lang='lat' dir='ltr'>et</span> <span class='ocrx_word' id='word_1_675' title='bbox 1166 1446 1390 1482; x_wconf 81' lang='lat' dir='ltr'>concupiscentia</span> <span class='ocrx_word' id='word_1_676' title='bbox 1412 1454 1465 1474; x_wconf 88' lang='lat' dir='ltr'>non</span> <span class='ocrx_word' id='word_1_677' title='bbox 1488 1446 1591 1475; x_wconf 82' lang='lat' dir='ltr'>liabent</span> <span class='ocrx_word' id='word_1_678' title='bbox 1612 1447 1701 1475; x_wconf 88' lang='lat' dir='ltr'>Deum</span> <span class='ocrx_word' id='word_1_679' title='bbox 1729 1450 1890 1481; x_wconf 79' lang='lat' dir='ltr'>auctorem,</span> 
     </span>
     <span class='ocr_line' id='line_1_91' title="bbox 1039 1493 2032 1522; baseline 0.001 -1"><span class='ocrx_word' id='word_1_680' title='bbox 1039 1493 1087 1521; x_wconf 88' lang='lat' dir='ltr'>sed</span> <span class='ocrx_word' id='word_1_681' title='bbox 1110 1493 1252 1521; x_wconf 88' lang='lat' dir='ltr'>diabolum</span> <span class='ocrx_word' id='word_1_682' title='bbox 1276 1496 1325 1521; x_wconf 87' lang='lat' dir='ltr'>aut</span> <span class='ocrx_word' id='word_1_683' title='bbox 1340 1493 1480 1521; x_wconf 80' lang='lat' dir='ltr'>hominem</span> <span class='ocrx_word' id='word_1_684' title='bbox 1494 1504 1519 1520; x_wconf 87' lang='lat'>».</span> <span class='ocrx_word' id='word_1_685' title='bbox 1536 1510 1574 1514; x_wconf 79' lang='lat'>—</span> <span class='ocrx_word' id='word_1_686' title='bbox 1590 1494 1620 1521; x_wconf 86' lang='lat' dir='ltr'>Et</span> <span class='ocrx_word' id='word_1_687' title='bbox 1635 1493 1707 1522; x_wconf 86' lang='lat' dir='ltr'>sicut</span> <span class='ocrx_word' id='word_1_688' title='bbox 1726 1494 1889 1522; x_wconf 85' lang='lat' dir='ltr'>distinctum</span> <span class='ocrx_word' id='word_1_689' title='bbox 1900 1501 2032 1519; x_wconf 75' lang='lat' dir='ltr'>coronarium.</span> 
     </span>
     <span class='ocr_line' id='line_1_92' title="bbox 1039 1539 1892 1577; baseline 0.002 -10"><span class='ocrx_word' id='word_1_690' title='bbox 1039 1543 1081 1568; x_wconf 87' lang='lat' dir='ltr'>est</span> <span class='ocrx_word' id='word_1_691' title='bbox 1105 1539 1138 1567; x_wconf 91' lang='lat' dir='ltr'>de</span> <span class='ocrx_word' id='word_1_692' title='bbox 1162 1547 1259 1576; x_wconf 74' lang='lat' dir='ltr'>poena,</span> <span class='ocrx_word' id='word_1_693' title='bbox 1281 1543 1366 1576; x_wconf 88' lang='lat' dir='ltr'>prout</span> <span class='ocrx_word' id='word_1_694' title='bbox 1388 1540 1491 1568; x_wconf 84' lang='lat' dir='ltr'>dicitur</span> <span class='ocrx_word' id='word_1_695' title='bbox 1511 1541 1612 1577; x_wconf 69' lang='lat' dir='ltr'>passio</span> <span class='ocrx_word' id='word_1_696' title='bbox 1634 1541 1673 1569; x_wconf 90' lang='lat' dir='ltr'>rei</span> <span class='ocrx_word' id='word_1_697' title='bbox 1696 1541 1823 1577; x_wconf 83' lang='lat' dir='ltr'>punitae,</span> <span class='ocrx_word' id='word_1_698' title='bbox 1853 1541 1892 1569; x_wconf 85' lang='lat' dir='ltr'>sic</span> 
     </span>
     <span class='ocr_line' id='line_1_93' title="bbox 1040 1587 1890 1624; baseline 0 -9"><span class='ocrx_word' id='word_1_699' title='bbox 1040 1587 1270 1623; x_wconf 77' lang='lat' dir='ltr'>distinguendum</span> <span class='ocrx_word' id='word_1_700' title='bbox 1292 1590 1334 1615; x_wconf 87' lang='lat' dir='ltr'>est</span> <span class='ocrx_word' id='word_1_701' title='bbox 1355 1587 1390 1615; x_wconf 87' lang='lat' dir='ltr'>de</span> <span class='ocrx_word' id='word_1_702' title='bbox 1406 1595 1503 1624; x_wconf 80' lang='lat' dir='ltr'>poena,</span> <span class='ocrx_word' id='word_1_703' title='bbox 1526 1591 1610 1624; x_wconf 87' lang='lat' dir='ltr'>prout</span> <span class='ocrx_word' id='word_1_704' title='bbox 1632 1587 1735 1616; x_wconf 82' lang='lat' dir='ltr'>dicitur</span> <span class='ocrx_word' id='word_1_705' title='bbox 1750 1588 1827 1615; x_wconf 83' lang='lat' dir='ltr'>actio</span> <span class='ocrx_word' id='word_1_706' title='bbox 1850 1588 1890 1616; x_wconf 90' lang='lat' dir='ltr'>rei</span> 
     </span>
     <span class='ocr_line' id='line_1_94' title="bbox 1039 1634 1190 1670; baseline -0.007 -9"><span class='ocrx_word' id='word_1_707' title='bbox 1039 1634 1190 1670; x_wconf 84' lang='lat' dir='ltr'>punitivae.</span> 
     </span>
    </p>

    <p class='ocr_par' dir='ltr' id='par_1_20' title="bbox 1038 1680 2000 2420">
     <span class='ocr_line' id='line_1_95' title="bbox 1121 1680 2000 1717; baseline -0.001 -10"><span class='ocrx_word' id='word_1_708' title='bbox 1121 1680 1158 1707; x_wconf 85' lang='lat' dir='ltr'>Ex</span> <span class='ocrx_word' id='word_1_709' title='bbox 1176 1680 1326 1716; x_wconf 85' lang='lat' dir='ltr'>praedictis</span> <span class='ocrx_word' id='word_1_710' title='bbox 1340 1680 1426 1716; x_wconf 80' lang='lat' dir='ltr'>igitur</span> <span class='ocrx_word' id='word_1_711' title='bbox 1441 1683 1524 1717; x_wconf 75' lang='lat' dir='ltr'>patet,</span> <span class='ocrx_word' id='word_1_712' title='bbox 1540 1681 1614 1717; x_wconf 89' lang='lat' dir='ltr'>quod</span> <span class='ocrx_word' id='word_1_713' title='bbox 1631 1681 1681 1709; x_wconf 82' lang='lat' dir='ltr'>etsi</span> <span class='ocrx_word' id='word_1_714' title='bbox 1698 1681 1788 1709; x_wconf 86' lang='lat' dir='ltr'>omnis</span> <span class='ocrx_word' id='word_1_715' title='bbox 1804 1689 1892 1717; x_wconf 88' lang='lat' dir='ltr'>poena</span> <span class='ocrx_word' id='word_1_716' title='bbox 1905 1689 2000 1712; x_wconf 69' lang='lat' dir='ltr'>Epilogus,</span> 
     </span>
     <span class='ocr_line' id='line_1_96' title="bbox 1039 1727 1891 1765; baseline 0.004 -11"><span class='ocrx_word' id='word_1_717' title='bbox 1039 1727 1074 1755; x_wconf 82' lang='lat' dir='ltr'>sit</span> <span class='ocrx_word' id='word_1_718' title='bbox 1095 1735 1111 1755; x_wconf 87' lang='lat' dir='ltr'>a</span> <span class='ocrx_word' id='word_1_719' title='bbox 1132 1727 1204 1761; x_wconf 84' lang='lat' dir='ltr'>Deo,</span> <span class='ocrx_word' id='word_1_720' title='bbox 1228 1728 1253 1755; x_wconf 92' lang='lat' dir='ltr'>in</span> <span class='ocrx_word' id='word_1_721' title='bbox 1277 1731 1414 1764; x_wconf 85' lang='lat' dir='ltr'>qnantum</span> <span class='ocrx_word' id='word_1_722' title='bbox 1439 1731 1513 1756; x_wconf 85' lang='lat' dir='ltr'>tenet</span> <span class='ocrx_word' id='word_1_723' title='bbox 1535 1728 1671 1756; x_wconf 86' lang='lat' dir='ltr'>rationem</span> <span class='ocrx_word' id='word_1_724' title='bbox 1695 1736 1814 1765; x_wconf 75' lang='lat' dir='ltr'>poenae,</span> <span class='ocrx_word' id='word_1_725' title='bbox 1836 1737 1891 1757; x_wconf 89' lang='lat' dir='ltr'>non</span> 
     </span>
     <span class='ocr_line' id='line_1_97' title="bbox 1039 1775 1891 1812; baseline 0.002 -10"><span class='ocrx_word' id='word_1_726' title='bbox 1039 1782 1121 1803; x_wconf 90' lang='lat' dir='ltr'>omne</span> <span class='ocrx_word' id='word_1_727' title='bbox 1142 1778 1245 1807; x_wconf 78' lang='lat' dir='ltr'>tamen,</span> <span class='ocrx_word' id='word_1_728' title='bbox 1267 1775 1340 1812; x_wconf 85' lang='lat' dir='ltr'>quod</span> <span class='ocrx_word' id='word_1_729' title='bbox 1365 1775 1468 1803; x_wconf 85' lang='lat' dir='ltr'>dicitur</span> <span class='ocrx_word' id='word_1_730' title='bbox 1491 1783 1592 1812; x_wconf 82' lang='lat' dir='ltr'>poena⁷</span> <span class='ocrx_word' id='word_1_731' title='bbox 1614 1784 1630 1803; x_wconf 90' lang='lat' dir='ltr'>a</span> <span class='ocrx_word' id='word_1_732' title='bbox 1652 1775 1708 1804; x_wconf 87' lang='lat' dir='ltr'>Deo</span> <span class='ocrx_word' id='word_1_733' title='bbox 1729 1779 1784 1806; x_wconf 79' lang='lat' dir='ltr'>est:</span> <span class='ocrx_word' id='word_1_734' title='bbox 1806 1775 1891 1804; x_wconf 89' lang='lat' dir='ltr'>immo</span> 
     </span>
     <span class='ocr_line' id='line_1_98' title="bbox 1039 1821 1891 1859; baseline 0.002 -10"><span class='ocrx_word' id='word_1_735' title='bbox 1039 1821 1177 1858; x_wconf 86' lang='lat' dir='ltr'>quaedam</span> <span class='ocrx_word' id='word_1_736' title='bbox 1201 1826 1241 1850; x_wconf 86' lang='lat' dir='ltr'>est</span> <span class='ocrx_word' id='word_1_737' title='bbox 1264 1830 1279 1850; x_wconf 89' lang='lat' dir='ltr'>a</span> <span class='ocrx_word' id='word_1_738' title='bbox 1302 1822 1367 1856; x_wconf 91' lang='lat' dir='ltr'>Deo,</span> <span class='ocrx_word' id='word_1_739' title='bbox 1397 1823 1535 1859; x_wconf 87' lang='lat' dir='ltr'>quaedam</span> <span class='ocrx_word' id='word_1_740' title='bbox 1563 1831 1626 1850; x_wconf 91' lang='lat' dir='ltr'>non.</span> <span class='ocrx_word' id='word_1_741' title='bbox 1650 1823 1698 1851; x_wconf 89' lang='lat' dir='ltr'>llla</span> <span class='ocrx_word' id='word_1_742' title='bbox 1720 1826 1761 1850; x_wconf 91' lang='lat' dir='ltr'>est</span> <span class='ocrx_word' id='word_1_743' title='bbox 1782 1831 1797 1850; x_wconf 93' lang='lat' dir='ltr'>a</span> <span class='ocrx_word' id='word_1_744' title='bbox 1820 1823 1891 1857; x_wconf 85' lang='lat' dir='ltr'>Deo,</span> 
     </span>
     <span class='ocr_line' id='line_1_99' title="bbox 1039 1868 1893 1906; baseline 0 -9"><span class='ocrx_word' id='word_1_745' title='bbox 1039 1876 1111 1905; x_wconf 62' lang='lat' dir='ltr'>quite</span> <span class='ocrx_word' id='word_1_746' title='bbox 1133 1868 1200 1897; x_wconf 85' lang='lat' dir='ltr'>dicit</span> <span class='ocrx_word' id='word_1_747' title='bbox 1219 1869 1393 1905; x_wconf 75' lang='lat' dir='ltr'>positionem</span> <span class='ocrx_word' id='word_1_748' title='bbox 1414 1869 1548 1906; x_wconf 83' lang='lat' dir='ltr'>aliquam,</span> <span class='ocrx_word' id='word_1_749' title='bbox 1570 1869 1607 1897; x_wconf 89' lang='lat' dir='ltr'>ita</span> <span class='ocrx_word' id='word_1_750' title='bbox 1629 1869 1705 1906; x_wconf 90' lang='lat' dir='ltr'>quod</span> <span class='ocrx_word' id='word_1_751' title='bbox 1727 1877 1781 1897; x_wconf 85' lang='lat' dir='ltr'>non</span> <span class='ocrx_word' id='word_1_752' title='bbox 1807 1869 1893 1897; x_wconf 84' lang='lat' dir='ltr'>nomi-</span> 
     </span>
     <span class='ocr_line' id='line_1_100' title="bbox 1039 1914 1889 1952; baseline 0 -9"><span class='ocrx_word' id='word_1_753' title='bbox 1039 1919 1086 1943; x_wconf 90' lang='lat' dir='ltr'>nat</span> <span class='ocrx_word' id='word_1_754' title='bbox 1114 1914 1369 1950; x_wconf 57' lang='lat' dir='ltr'>deordinationem</span> <span class='ocrx_word' id='word_1_755' title='bbox 1395 1919 1421 1944; x_wconf 88' lang='lat' dir='ltr'>et</span> <span class='ocrx_word' id='word_1_756' title='bbox 1449 1916 1518 1944; x_wconf 84' lang='lat' dir='ltr'>baec</span> <span class='ocrx_word' id='word_1_757' title='bbox 1539 1919 1581 1944; x_wconf 89' lang='lat' dir='ltr'>est</span> <span class='ocrx_word' id='word_1_758' title='bbox 1603 1916 1768 1952; x_wconf 85' lang='lat' dir='ltr'>simpliciter</span> <span class='ocrx_word' id='word_1_759' title='bbox 1790 1924 1889 1952; x_wconf 88' lang='lat' dir='ltr'>poena.</span> 
     </span>
     <span class='ocr_line' id='line_1_101' title="bbox 1039 1962 1892 2000; baseline 0.002 -11"><span class='ocrx_word' id='word_1_760' title='bbox 1039 1962 1088 1990; x_wconf 85' lang='lat' dir='ltr'>Illa</span> <span class='ocrx_word' id='word_1_761' title='bbox 1110 1970 1176 1990; x_wconf 88' lang='lat' dir='ltr'>vero</span> <span class='ocrx_word' id='word_1_762' title='bbox 1198 1970 1252 1990; x_wconf 86' lang='lat' dir='ltr'>non</span> <span class='ocrx_word' id='word_1_763' title='bbox 1274 1966 1315 1991; x_wconf 88' lang='lat' dir='ltr'>est</span> <span class='ocrx_word' id='word_1_764' title='bbox 1337 1963 1515 1991; x_wconf 85' lang='lat' dir='ltr'>concedenda</span> <span class='ocrx_word' id='word_1_765' title='bbox 1537 1971 1598 1992; x_wconf 88' lang='lat' dir='ltr'>esse</span> <span class='ocrx_word' id='word_1_766' title='bbox 1620 1971 1636 1991; x_wconf 93' lang='lat' dir='ltr'>a</span> <span class='ocrx_word' id='word_1_767' title='bbox 1658 1963 1726 1997; x_wconf 90' lang='lat' dir='ltr'>Deo,</span> <span class='ocrx_word' id='word_1_768' title='bbox 1750 1970 1821 2000; x_wconf 89' lang='lat' dir='ltr'>quae</span> <span class='ocrx_word' id='word_1_769' title='bbox 1846 1971 1892 1991; x_wconf 90' lang='lat' dir='ltr'>no-</span> 
     </span>
     <span class='ocr_line' id='line_1_102' title="bbox 1040 2009 1892 2048; baseline 0.001 -11"><span class='ocrx_word' id='word_1_770' title='bbox 1040 2010 1126 2037; x_wconf 88' lang='lat' dir='ltr'>minat</span> <span class='ocrx_word' id='word_1_771' title='bbox 1148 2009 1312 2046; x_wconf 86' lang='lat' dir='ltr'>simpliciter</span> <span class='ocrx_word' id='word_1_772' title='bbox 1334 2009 1488 2046; x_wconf 48' lang='lat' dir='ltr'>dejectam,</span> <span class='ocrx_word' id='word_1_773' title='bbox 1512 2011 1554 2039; x_wconf 83' lang='lat' dir='ltr'>vel</span> <span class='ocrx_word' id='word_1_774' title='bbox 1577 2018 1648 2048; x_wconf 88' lang='lat' dir='ltr'>quae</span> <span class='ocrx_word' id='word_1_775' title='bbox 1672 2010 1796 2038; x_wconf 84' lang='lat' dir='ltr'>nominat</span> <span class='ocrx_word' id='word_1_776' title='bbox 1816 2010 1892 2047; x_wconf 78' lang='lat' dir='ltr'>posi-</span> 
     </span>
     <span class='ocr_line' id='line_1_103' title="bbox 1040 2057 1891 2094; baseline 0 -9"><span class='ocrx_word' id='word_1_777' title='bbox 1040 2058 1144 2086; x_wconf 73' lang='lat' dir='ltr'>tionem</span> <span class='ocrx_word' id='word_1_778' title='bbox 1165 2057 1288 2094; x_wconf 88' lang='lat' dir='ltr'>aliquam</span> <span class='ocrx_word' id='word_1_779' title='bbox 1312 2066 1379 2085; x_wconf 80' lang='lat' dir='ltr'>cam</span> <span class='ocrx_word' id='word_1_780' title='bbox 1402 2058 1630 2086; x_wconf 68' lang='lat' dir='ltr'>deordinatioue.</span> <span class='ocrx_word' id='word_1_781' title='bbox 1655 2058 1730 2087; x_wconf 87' lang='lat' dir='ltr'>Unde</span> <span class='ocrx_word' id='word_1_782' title='bbox 1752 2066 1801 2086; x_wconf 86' lang='lat' dir='ltr'>uec</span> <span class='ocrx_word' id='word_1_783' title='bbox 1825 2066 1891 2086; x_wconf 89' lang='lat' dir='ltr'>con-</span> 
     </span>
     <span class='ocr_line' id='line_1_104' title="bbox 1038 2105 1891 2134; baseline -0.001 0"><span class='ocrx_word' id='word_1_784' title='bbox 1038 2105 1147 2134; x_wconf 88' lang='lat' dir='ltr'>ceditur</span> <span class='ocrx_word' id='word_1_785' title='bbox 1179 2113 1195 2132; x_wconf 94' lang='lat' dir='ltr'>a</span> <span class='ocrx_word' id='word_1_786' title='bbox 1227 2105 1282 2133; x_wconf 85' lang='lat' dir='ltr'>Deo</span> <span class='ocrx_word' id='word_1_787' title='bbox 1314 2113 1375 2133; x_wconf 87' lang='lat' dir='ltr'>esse</span> <span class='ocrx_word' id='word_1_788' title='bbox 1397 2105 1557 2133; x_wconf 80' lang='lat' dir='ltr'>excaecatio</span> <span class='ocrx_word' id='word_1_789' title='bbox 1590 2113 1639 2134; x_wconf 81' lang='lat' dir='ltr'>nec</span> <span class='ocrx_word' id='word_1_790' title='bbox 1670 2105 1819 2133; x_wconf 76' lang='lat' dir='ltr'>obduratio</span> <span class='ocrx_word' id='word_1_791' title='bbox 1840 2112 1891 2133; x_wconf 82' lang='lat' dir='ltr'>nec</span> 
     </span>
     <span class='ocr_line' id='line_1_105' title="bbox 1039 2151 1892 2188; baseline 0 -9"><span class='ocrx_word' id='word_1_792' title='bbox 1039 2151 1167 2188; x_wconf 76' lang='lat' dir='ltr'>imaginis</span> <span class='ocrx_word' id='word_1_793' title='bbox 1189 2151 1354 2179; x_wconf 74' lang='lat' dir='ltr'>deformatio</span> <span class='ocrx_word' id='word_1_794' title='bbox 1377 2159 1427 2180; x_wconf 92' lang='lat' dir='ltr'>nec</span> <span class='ocrx_word' id='word_1_795' title='bbox 1449 2152 1556 2188; x_wconf 71' lang='lat' dir='ltr'>gratiae</span> <span class='ocrx_word' id='word_1_796' title='bbox 1582 2152 1736 2181; x_wconf 80' lang='lat' dir='ltr'>subtractio</span> <span class='ocrx_word' id='word_1_797' title='bbox 1765 2152 1823 2180; x_wconf 86' lang='lat' dir='ltr'>sive</span> <span class='ocrx_word' id='word_1_798' title='bbox 1845 2159 1892 2180; x_wconf 82' lang='lat' dir='ltr'>ex-</span> 
     </span>
     <span class='ocr_line' id='line_1_106' title="bbox 1039 2198 1891 2235; baseline -0.001 -8"><span class='ocrx_word' id='word_1_799' title='bbox 1039 2198 1166 2235; x_wconf 81' lang='lat' dir='ltr'>spoliatio</span> <span class='ocrx_word' id='word_1_800' title='bbox 1189 2206 1239 2227; x_wconf 88' lang='lat' dir='ltr'>nec</span> <span class='ocrx_word' id='word_1_801' title='bbox 1260 2206 1340 2226; x_wconf 88' lang='lat' dir='ltr'>error</span> <span class='ocrx_word' id='word_1_802' title='bbox 1363 2206 1412 2227; x_wconf 86' lang='lat' dir='ltr'>nec</span> <span class='ocrx_word' id='word_1_803' title='bbox 1429 2199 1585 2235; x_wconf 81' lang='lat' dir='ltr'>ignorantia</span> <span class='ocrx_word' id='word_1_804' title='bbox 1600 2207 1650 2227; x_wconf 85' lang='lat' dir='ltr'>nec</span> <span class='ocrx_word' id='word_1_805' title='bbox 1666 2199 1891 2235; x_wconf 87' lang='lat' dir='ltr'>concupiscentia</span> 
     </span>
     <span class='ocr_line' id='line_1_107' title="bbox 1041 2245 1892 2278; baseline 0.001 -6"><span class='ocrx_word' id='word_1_806' title='bbox 1041 2253 1088 2273; x_wconf 85' lang='lat' dir='ltr'>nec</span> <span class='ocrx_word' id='word_1_807' title='bbox 1113 2245 1155 2273; x_wconf 80' lang='lat' dir='ltr'>liis</span> <span class='ocrx_word' id='word_1_808' title='bbox 1177 2245 1344 2278; x_wconf 86' lang='lat' dir='ltr'>consimilia;</span> <span class='ocrx_word' id='word_1_809' title='bbox 1367 2246 1460 2273; x_wconf 92' lang='lat' dir='ltr'>omnia</span> <span class='ocrx_word' id='word_1_810' title='bbox 1482 2245 1555 2273; x_wconf 87' lang='lat' dir='ltr'>enim</span> <span class='ocrx_word' id='word_1_811' title='bbox 1581 2246 1647 2274; x_wconf 85' lang='lat' dir='ltr'>baec</span> <span class='ocrx_word' id='word_1_812' title='bbox 1671 2246 1712 2273; x_wconf 88' lang='lat' dir='ltr'>vel</span> <span class='ocrx_word' id='word_1_813' title='bbox 1730 2245 1826 2273; x_wconf 85' lang='lat' dir='ltr'>dicunt</span> <span class='ocrx_word' id='word_1_814' title='bbox 1847 2245 1892 2273; x_wconf 86' lang='lat' dir='ltr'>de-</span> 
     </span>
     <span class='ocr_line' id='line_1_108' title="bbox 1039 2291 1891 2329; baseline 0 -10"><span class='ocrx_word' id='word_1_815' title='bbox 1039 2292 1157 2325; x_wconf 73' lang='lat' dir='ltr'>fectum,</span> <span class='ocrx_word' id='word_1_816' title='bbox 1181 2292 1222 2319; x_wconf 88' lang='lat' dir='ltr'>vel</span> <span class='ocrx_word' id='word_1_817' title='bbox 1252 2292 1493 2320; x_wconf 89' lang='lat' dir='ltr'>deordinationem</span> <span class='ocrx_word' id='word_1_818' title='bbox 1516 2292 1648 2329; x_wconf 88' lang='lat' dir='ltr'>aliquam.</span> <span class='ocrx_word' id='word_1_819' title='bbox 1676 2308 1714 2312; x_wconf 85' lang='lat'>——</span> <span class='ocrx_word' id='word_1_820' title='bbox 1735 2291 1891 2320; x_wconf 85' lang='lat' dir='ltr'>Conceden-</span> 
     </span>
     <span class='ocr_line' id='line_1_109' title="bbox 1040 2337 1890 2375; baseline 0 -9"><span class='ocrx_word' id='word_1_821' title='bbox 1040 2338 1091 2366; x_wconf 90' lang='lat' dir='ltr'>dae</span> <span class='ocrx_word' id='word_1_822' title='bbox 1113 2342 1178 2366; x_wconf 87' lang='lat' dir='ltr'>sunt</span> <span class='ocrx_word' id='word_1_823' title='bbox 1193 2338 1277 2374; x_wconf 79' lang='lat' dir='ltr'>igitur</span> <span class='ocrx_word' id='word_1_824' title='bbox 1294 2338 1413 2366; x_wconf 83' lang='lat' dir='ltr'>rationes</span> <span class='ocrx_word' id='word_1_825' title='bbox 1430 2339 1617 2372; x_wconf 83' lang='lat' dir='ltr'>ostendentes,</span> <span class='ocrx_word' id='word_1_826' title='bbox 1632 2339 1706 2375; x_wconf 89' lang='lat' dir='ltr'>quod</span> <span class='ocrx_word' id='word_1_827' title='bbox 1730 2346 1784 2366; x_wconf 88' lang='lat' dir='ltr'>non</span> <span class='ocrx_word' id='word_1_828' title='bbox 1800 2337 1890 2366; x_wconf 91' lang='lat' dir='ltr'>omnis</span> 
     </span>
     <span class='ocr_line' id='line_1_110' title="bbox 1041 2384 1315 2420; baseline -0.004 -8"><span class='ocrx_word' id='word_1_829' title='bbox 1041 2392 1129 2420; x_wconf 86' lang='lat' dir='ltr'>poena</span> <span class='ocrx_word' id='word_1_830' title='bbox 1151 2387 1192 2412; x_wconf 87' lang='lat' dir='ltr'>est</span> <span class='ocrx_word' id='word_1_831' title='bbox 1214 2392 1229 2411; x_wconf 89' lang='lat' dir='ltr'>a</span> <span class='ocrx_word' id='word_1_832' title='bbox 1251 2384 1315 2412; x_wconf 86' lang='lat' dir='ltr'>Deo.</span> 
     </span>
    </p>

    <p class='ocr_par' dir='ltr' id='par_1_21' title="bbox 1041 2430 2021 2562">
     <span class='ocr_line' id='line_1_111' title="bbox 1122 2430 2021 2468; baseline -0.003 -10"><span class='ocrx_word' id='word_1_833' title='bbox 1122 2431 1145 2458; x_wconf 83' lang='lat'>1.</span> <span class='ocrx_word' id='word_1_834' title='bbox 1168 2431 1193 2458; x_wconf 61' lang='lat'>⁹2.</span> <span class='ocrx_word' id='word_1_835' title='bbox 1216 2430 1254 2458; x_wconf 67' lang='lat' dir='ltr'>Ad</span> <span class='ocrx_word' id='word_1_836' title='bbox 1278 2431 1346 2459; x_wconf 85' lang='lat' dir='ltr'>illud</span> <span class='ocrx_word' id='word_1_837' title='bbox 1369 2431 1445 2467; x_wconf 85' lang='lat' dir='ltr'>quod</span> <span class='ocrx_word' id='word_1_838' title='bbox 1467 2431 1605 2466; x_wconf 83' lang='lat' dir='ltr'>obiicitur,</span> <span class='ocrx_word' id='word_1_839' title='bbox 1629 2431 1705 2468; x_wconf 88' lang='lat' dir='ltr'>quod</span> <span class='ocrx_word' id='word_1_840' title='bbox 1727 2431 1817 2459; x_wconf 91' lang='lat' dir='ltr'>omnis</span> <span class='ocrx_word' id='word_1_841' title='bbox 1833 2430 1974 2465; x_wconf 49' lang='lat' dir='ltr'>vin-solatio</span> <span class='ocrx_word' id='word_1_842' title='bbox 1988 2443 2021 2461; x_wconf 71' lang='lat' dir='ltr'>op.</span> 
     </span>
     <span class='ocr_line' id='line_1_112' title="bbox 1041 2464 2014 2515; baseline 0 -9"><span class='ocrx_word' id='word_1_843' title='bbox 1041 2477 1114 2506; x_wconf 88' lang='lat' dir='ltr'>dicta</span> <span class='ocrx_word' id='word_1_844' title='bbox 1136 2480 1177 2505; x_wconf 88' lang='lat' dir='ltr'>est</span> <span class='ocrx_word' id='word_1_845' title='bbox 1198 2486 1214 2505; x_wconf 87' lang='lat' dir='ltr'>a</span> <span class='ocrx_word' id='word_1_846' title='bbox 1236 2477 1301 2509; x_wconf 84' lang='lat' dir='ltr'>Deo,</span> <span class='ocrx_word' id='word_1_847' title='bbox 1317 2480 1344 2506; x_wconf 92' lang='lat' dir='ltr'>et</span> <span class='ocrx_word' id='word_1_848' title='bbox 1358 2478 1487 2506; x_wconf 87' lang='lat' dir='ltr'>similiter</span> <span class='ocrx_word' id='word_1_849' title='bbox 1502 2478 1535 2506; x_wconf 90' lang='lat' dir='ltr'>ad</span> <span class='ocrx_word' id='word_1_850' title='bbox 1553 2486 1681 2515; x_wconf 87' lang='lat' dir='ltr'>sequens,</span> <span class='ocrx_word' id='word_1_851' title='bbox 1697 2487 1752 2515; x_wconf 90' lang='lat' dir='ltr'>quo</span> <span class='ocrx_word' id='word_1_852' title='bbox 1774 2478 1890 2513; x_wconf 85' lang='lat' dir='ltr'>dicitur,</span> <span class='ocrx_word' id='word_1_853' title='bbox 1904 2464 2014 2485; x_wconf 55' lang='lat' dir='ltr'>mmmm</span> 
     </span>
     <span class='ocr_line' id='line_1_113' title="bbox 1042 2523 1890 2562; baseline 0.002 -10"><span class='ocrx_word' id='word_1_854' title='bbox 1042 2523 1117 2560; x_wconf 88' lang='lat' dir='ltr'>quod</span> <span class='ocrx_word' id='word_1_855' title='bbox 1139 2524 1230 2552; x_wconf 88' lang='lat' dir='ltr'>omnis</span> <span class='ocrx_word' id='word_1_856' title='bbox 1258 2532 1345 2561; x_wconf 88' lang='lat' dir='ltr'>poena</span> <span class='ocrx_word' id='word_1_857' title='bbox 1376 2524 1448 2553; x_wconf 89' lang='lat' dir='ltr'>iusta</span> <span class='ocrx_word' id='word_1_858' title='bbox 1469 2528 1523 2559; x_wconf 85' lang='lat' dir='ltr'>est;</span> <span class='ocrx_word' id='word_1_859' title='bbox 1546 2525 1706 2557; x_wconf 64' lang='lat' dir='ltr'>dicendum,</span> <span class='ocrx_word' id='word_1_860' title='bbox 1729 2525 1803 2562; x_wconf 90' lang='lat' dir='ltr'>qnod</span> <span class='ocrx_word' id='word_1_861' title='bbox 1826 2525 1890 2554; x_wconf 89' lang='lat' dir='ltr'>illae</span> 
     </span>
    </p>
   </div>
   <div class='ocr_carea' id='block_1_13' title="bbox 1042 2680 1893 3022">
    <p class='ocr_par' dir='ltr' id='par_1_22' title="bbox 1042 2680 1893 2827">
     <span class='ocr_line' id='line_1_114' title="bbox 1042 2680 1893 2709; baseline 0 -6"><span class='ocrx_word' id='word_1_862' title='bbox 1042 2682 1078 2703; x_wconf 90' lang='lat' dir='ltr'>illo</span> <span class='ocrx_word' id='word_1_863' title='bbox 1097 2682 1187 2703; x_wconf 70' lang='lat' dir='ltr'>volente</span> <span class='ocrx_word' id='word_1_864' title='bbox 1209 2681 1299 2703; x_wconf 82' lang='lat' dir='ltr'>dicitnr.</span> <span class='ocrx_word' id='word_1_865' title='bbox 1317 2693 1347 2696; x_wconf 94' lang='lat'>—</span> <span class='ocrx_word' id='word_1_866' title='bbox 1365 2680 1434 2702; x_wconf 83' lang='lat' dir='ltr'>Paulo</span> <span class='ocrx_word' id='word_1_867' title='bbox 1456 2681 1563 2707; x_wconf 68' lang='lat' dir='ltr'>superius</span> <span class='ocrx_word' id='word_1_868' title='bbox 1584 2683 1636 2708; x_wconf 84' lang='lat' dir='ltr'>post</span> <span class='ocrx_word' id='word_1_869' title='bbox 1652 2686 1736 2709; x_wconf 72' lang='lat' dir='ltr'>poena,</span> <span class='ocrx_word' id='word_1_870' title='bbox 1761 2686 1775 2702; x_wconf 85' lang='lat' dir='ltr'>a</span> <span class='ocrx_word' id='word_1_871' title='bbox 1794 2680 1841 2703; x_wconf 87' lang='lat' dir='ltr'>Deo</span> <span class='ocrx_word' id='word_1_872' title='bbox 1858 2681 1893 2703; x_wconf 79' lang='lat' dir='ltr'>esi</span> 
     </span>
     <span class='ocr_line' id='line_1_115' title="bbox 1043 2719 1892 2747; baseline -0.001 -5"><span class='ocrx_word' id='word_1_873' title='bbox 1043 2721 1092 2743; x_wconf 85' lang='lat' dir='ltr'>Vat.</span> <span class='ocrx_word' id='word_1_874' title='bbox 1111 2727 1163 2742; x_wconf 81' lang='lat' dir='ltr'>cum</span> <span class='ocrx_word' id='word_1_875' title='bbox 1181 2720 1234 2742; x_wconf 80' lang='lat' dir='ltr'>cdd.</span> <span class='ocrx_word' id='word_1_876' title='bbox 1254 2720 1278 2747; x_wconf 82' lang='lat'>3⁷</span> <span class='ocrx_word' id='word_1_877' title='bbox 1297 2719 1310 2741; x_wconf 64' lang='lat' dir='ltr'>li</span> <span class='ocrx_word' id='word_1_878' title='bbox 1329 2720 1456 2747; x_wconf 81' lang='lat' dir='ltr'>incongrue</span> <span class='ocrx_word' id='word_1_879' title='bbox 1474 2719 1537 2741; x_wconf 84' lang='lat' dir='ltr'>addit</span> <span class='ocrx_word' id='word_1_880' title='bbox 1554 2720 1594 2747; x_wconf 82' lang='lat' dir='ltr'>ei;</span> <span class='ocrx_word' id='word_1_881' title='bbox 1611 2722 1633 2741; x_wconf 80' lang='lat' dir='ltr'>at</span> <span class='ocrx_word' id='word_1_882' title='bbox 1656 2725 1708 2741; x_wconf 80' lang='lat' dir='ltr'>mox</span> <span class='ocrx_word' id='word_1_883' title='bbox 1726 2719 1772 2741; x_wconf 81' lang='lat' dir='ltr'>sola</span> <span class='ocrx_word' id='word_1_884' title='bbox 1796 2722 1818 2742; x_wconf 85' lang='lat' dir='ltr'>et</span> <span class='ocrx_word' id='word_1_885' title='bbox 1840 2721 1892 2741; x_wconf 84' lang='lat' dir='ltr'>ante</span> 
     </span>
     <span class='ocr_line' id='line_1_116' title="bbox 1042 2758 1892 2789; baseline -0.002 -6"><span class='ocrx_word' id='word_1_886' title='bbox 1042 2760 1089 2783; x_wconf 76' lang='lat' dir='ltr'>Deo</span> <span class='ocrx_word' id='word_1_887' title='bbox 1106 2759 1182 2789; x_wconf 78' lang='lat' dir='ltr'>placei</span> <span class='ocrx_word' id='word_1_888' title='bbox 1204 2763 1226 2782; x_wconf 77' lang='lat' dir='ltr'>ct</span> <span class='ocrx_word' id='word_1_889' title='bbox 1249 2762 1299 2781; x_wconf 84' lang='lat' dir='ltr'>ante</span> <span class='ocrx_word' id='word_1_890' title='bbox 1318 2758 1377 2781; x_wconf 73' lang='lat' dir='ltr'>idem</span> <span class='ocrx_word' id='word_1_891' title='bbox 1401 2759 1510 2781; x_wconf 74' lang='lat' dir='ltr'>esthamo</span> <span class='ocrx_word' id='word_1_892' title='bbox 1533 2759 1669 2786; x_wconf 85' lang='lat' dir='ltr'>particulam</span> <span class='ocrx_word' id='word_1_893' title='bbox 1692 2760 1785 2787; x_wconf 66' lang='lat' dir='ltr'>omittit3</span> <span class='ocrx_word' id='word_1_894' title='bbox 1808 2759 1892 2782; x_wconf 86' lang='lat' dir='ltr'>deinde</span> 
     </span>
     <span class='ocr_line' id='line_1_117' title="bbox 1043 2797 1418 2827; baseline -0.005 -6"><span class='ocrx_word' id='word_1_895' title='bbox 1043 2802 1095 2827; x_wconf 83' lang='lat' dir='ltr'>post</span> <span class='ocrx_word' id='word_1_896' title='bbox 1112 2798 1172 2821; x_wconf 74' lang='lat' dir='ltr'>idem</span> <span class='ocrx_word' id='word_1_897' title='bbox 1190 2799 1223 2821; x_wconf 74' lang='lat' dir='ltr'>est</span> <span class='ocrx_word' id='word_1_898' title='bbox 1239 2798 1331 2820; x_wconf 81' lang='lat' dir='ltr'>subiicit</span> <span class='ocrx_word' id='word_1_899' title='bbox 1350 2797 1418 2820; x_wconf 75' lang='lat' dir='ltr'>enim.</span> 
     </span>
    </p>

    <p class='ocr_par' dir='ltr' id='par_1_23' title="bbox 1044 2835 1892 2904">
     <span class='ocr_line' id='line_1_118' title="bbox 1106 2835 1892 2864; baseline -0.001 -5"><span class='ocrx_word' id='word_1_900' title='bbox 1106 2837 1116 2851; x_wconf 83' lang='lat'>⁵</span> <span class='ocrx_word' id='word_1_901' title='bbox 1133 2838 1154 2859; x_wconf 92' lang='lat' dir='ltr'>ln</span> <span class='ocrx_word' id='word_1_902' title='bbox 1174 2837 1250 2859; x_wconf 83' lang='lat' dir='ltr'>multis</span> <span class='ocrx_word' id='word_1_903' title='bbox 1267 2836 1342 2863; x_wconf 62' lang='lat' dir='ltr'>codd.¹</span> <span class='ocrx_word' id='word_1_904' title='bbox 1356 2839 1380 2858; x_wconf 91' lang='lat' dir='ltr'>ut</span> <span class='ocrx_word' id='word_1_905' title='bbox 1398 2837 1413 2857; x_wconf 88' lang='grc' dir='ltr'><strong>Β</strong></span> <span class='ocrx_word' id='word_1_906' title='bbox 1426 2835 1441 2858; x_wconf 86' lang='lat' dir='ltr'>C</span> <span class='ocrx_word' id='word_1_907' title='bbox 1454 2836 1469 2858; x_wconf 84' lang='lat' dir='ltr'>E</span> <span class='ocrx_word' id='word_1_908' title='bbox 1481 2836 1497 2857; x_wconf 89' lang='lat' dir='ltr'>F</span> <span class='ocrx_word' id='word_1_909' title='bbox 1509 2836 1527 2857; x_wconf 88' lang='lat' dir='ltr'>H</span> <span class='ocrx_word' id='word_1_910' title='bbox 1540 2836 1558 2858; x_wconf 81' lang='lat' dir='ltr'><strong>K</strong></span> <span class='ocrx_word' id='word_1_911' title='bbox 1572 2835 1589 2858; x_wconf 93' lang='lat' dir='ltr'>O</span> <span class='ocrx_word' id='word_1_912' title='bbox 1602 2836 1618 2858; x_wconf 82' lang='lat' dir='ltr'>R</span> <span class='ocrx_word' id='word_1_913' title='bbox 1633 2836 1647 2858; x_wconf 82' lang='lat' dir='ltr'>S</span> <span class='ocrx_word' id='word_1_914' title='bbox 1660 2836 1678 2857; x_wconf 91' lang='lat' dir='ltr'>T</span> <span class='ocrx_word' id='word_1_915' title='bbox 1693 2836 1721 2857; x_wconf 89' lang='lat' dir='ltr'>W</span> <span class='ocrx_word' id='word_1_916' title='bbox 1734 2836 1752 2858; x_wconf 88' lang='lat' dir='ltr'>Y</span> <span class='ocrx_word' id='word_1_917' title='bbox 1767 2838 1817 2864; x_wconf 79' lang='lat' dir='ltr'>ctc.,</span> <span class='ocrx_word' id='word_1_918' title='bbox 1836 2838 1858 2858; x_wconf 85' lang='lat' dir='ltr'>et</span> <span class='ocrx_word' id='word_1_919' title='bbox 1869 2836 1892 2858; x_wconf 90' lang='lat' dir='ltr'>in</span> 
     </span>
     <span class='ocr_line' id='line_1_119' title="bbox 1044 2875 1416 2904; baseline -0.005 -5"><span class='ocrx_word' id='word_1_920' title='bbox 1044 2877 1096 2899; x_wconf 80' lang='lat' dir='ltr'>cdd.</span> <span class='ocrx_word' id='word_1_921' title='bbox 1116 2877 1140 2904; x_wconf 81' lang='lat'>3,</span> <span class='ocrx_word' id='word_1_922' title='bbox 1160 2876 1171 2898; x_wconf 71' lang='lat'>4-</span> <span class='ocrx_word' id='word_1_923' title='bbox 1190 2876 1254 2898; x_wconf 76' lang='lat' dir='ltr'>deest</span> <span class='ocrx_word' id='word_1_924' title='bbox 1271 2875 1416 2904; x_wconf 78' lang='lat' dir='ltr'>simpliciter.</span> 
     </span>
    </p>

    <p class='ocr_par' dir='ltr' id='par_1_24' title="bbox 1044 2913 1893 3022">
     <span class='ocr_line' id='line_1_120' title="bbox 1106 2913 1893 2942; baseline -0.001 -6"><span class='ocrx_word' id='word_1_925' title='bbox 1106 2915 1115 2929; x_wconf 81' lang='lat'><strong>⁶</strong></span> <span class='ocrx_word' id='word_1_926' title='bbox 1133 2915 1187 2942; x_wconf 68' lang='lat' dir='ltr'>Cap.</span> <span class='ocrx_word' id='word_1_927' title='bbox 1207 2915 1227 2936; x_wconf 84' lang='lat'>3.</span> <span class='ocrx_word' id='word_1_928' title='bbox 1245 2926 1276 2930; x_wconf 92' lang='lat'>—</span> <span class='ocrx_word' id='word_1_929' title='bbox 1294 2914 1315 2935; x_wconf 85' lang='lat' dir='ltr'>ln</span> <span class='ocrx_word' id='word_1_930' title='bbox 1334 2914 1392 2942; x_wconf 69' lang='lat' dir='ltr'>Vnt.⁷</span> <span class='ocrx_word' id='word_1_931' title='bbox 1410 2914 1462 2936; x_wconf 70' lang='lat' dir='ltr'>edd.</span> <span class='ocrx_word' id='word_1_932' title='bbox 1482 2914 1502 2942; x_wconf 83' lang='lat'>3,</span> <span class='ocrx_word' id='word_1_933' title='bbox 1523 2913 1535 2935; x_wconf 69' lang='lat' dir='ltr'>li</span> <span class='ocrx_word' id='word_1_934' title='bbox 1553 2914 1612 2936; x_wconf 81' lang='lat' dir='ltr'>etin</span> <span class='ocrx_word' id='word_1_935' title='bbox 1631 2913 1747 2942; x_wconf 79' lang='lat' dir='ltr'>aliquIbus</span> <span class='ocrx_word' id='word_1_936' title='bbox 1769 2913 1837 2936; x_wconf 87' lang='lat' dir='ltr'>codd.</span> <span class='ocrx_word' id='word_1_937' title='bbox 1856 2914 1893 2936; x_wconf 88' lang='lat' dir='ltr'>de-</span> 
     </span>
     <span class='ocr_line' id='line_1_121' title="bbox 1044 2952 1892 2982; baseline -0.002 -5"><span class='ocrx_word' id='word_1_938' title='bbox 1044 2955 1173 2977; x_wconf 56' lang='lat' dir='ltr'>siderantur</span> <span class='ocrx_word' id='word_1_939' title='bbox 1190 2953 1276 2981; x_wconf 56' lang='lat' dir='ltr'>voi-ba,</span> <span class='ocrx_word' id='word_1_940' title='bbox 1295 2959 1353 2982; x_wconf 75' lang='lat' dir='ltr'>quae</span> <span class='ocrx_word' id='word_1_941' title='bbox 1376 2959 1429 2975; x_wconf 78' lang='lat' dir='ltr'>mox</span> <span class='ocrx_word' id='word_1_942' title='bbox 1446 2956 1586 2982; x_wconf 78' lang='lat' dir='ltr'>sequuntur:</span> <span class='ocrx_word' id='word_1_943' title='bbox 1604 2952 1666 2976; x_wconf 76' lang='lat' dir='ltr'>sicut</span> <span class='ocrx_word' id='word_1_944' title='bbox 1682 2952 1818 2976; x_wconf 77' lang='lat' dir='ltr'>distinctum</span> <span class='ocrx_word' id='word_1_945' title='bbox 1835 2953 1892 2976; x_wconf 83' lang='lat' dir='ltr'>esi...</span> 
     </span>
     <span class='ocr_line' id='line_1_122' title="bbox 1044 2992 1463 3022; baseline -0.005 -6"><span class='ocrx_word' id='word_1_946' title='bbox 1044 3000 1117 3022; x_wconf 84' lang='lat' dir='ltr'>usque</span> <span class='ocrx_word' id='word_1_947' title='bbox 1136 2993 1164 3015; x_wconf 79' lang='lat' dir='ltr'>ad</span> <span class='ocrx_word' id='word_1_948' title='bbox 1181 2992 1217 3015; x_wconf 74' lang='lat' dir='ltr'>rei</span> <span class='ocrx_word' id='word_1_949' title='bbox 1232 2993 1328 3021; x_wconf 70' lang='lat' dir='ltr'>punitae</span> <span class='ocrx_word' id='word_1_950' title='bbox 1345 2993 1463 3015; x_wconf 81' lang='lat' dir='ltr'>inclusive.</span> 
     </span>
    </p>
   </div>
  </div>
 </body>
</html>
