2243 3425
0 1145 8 1163 1
20 1146 94 1168 opposi-

13 1170 58 1187 turn.

0 2217 102 2237 idamenta.

673 186 753 214 Disi‘.
778 187 816 214 [X.
840 187 911 214 ΛΒΤ.
936 187 1050 215 UNICUS
1072 187 1207 223 QUAEST.
1231 187 1293 215 vlit.
1803 190 1858 217 ²2:555

852 314 1114 351 SCHOLION.

169 402 229 424 Haec
246 403 350 431 quaestio
368 406 401 425 est
419 403 484 431 quasi
502 403 697 430 complementum
719 403 768 424 eius
794 403 857 431 quod
883 409 952 430 supra

107 444 194 469 quaest.
214 441 234 463 5.
253 442 339 463 (lictum
357 445 404 469 est,
424 448 470 470 quo
489 442 538 463 loeo
556 442 593 463 alii
616 441 739 464 Lombardi
757 441 954 464 Commentatores

108 481 245 508 plerumque
263 481 321 502 hanc
344 486 393 502 reni
412 484 514 508 tangunt.
530 480 556 502 Ut
569 483 660 502 notatur
677 481 698 502 in
716 481 881 507 responsione,
900 481 952 502 nihil

106 520 159 541 certi
178 519 206 541 de
219 520 262 541 hoe
274 519 393 542 definitum
406 523 446 541 cst.
460 520 481 541 S.
495 520 585 547 'l'hom.‚
599 520 662 541 aliter
673 520 773 541 sentiens
785 525 811 541 ae
823 520 845 541 S.
860 519 953 547 Bonax‘.y

108 557 161 579 dicit
180 558 230 584 (hic
247 564 268 586 q.
287 559 360 585 unica,
380 565 399 580 a.
418 558 469 585 8.):
492 559 587 580 «Tertia
606 559 688 585 positio
706 558 758 585 plus
784 559 837 579 mihi
864 558 953 586 placet,

107 602 166 624 quae
183 597 251 618 etiam
269 596 335 619 dietis
352 598 488 619 Sanctorum
507 597 582 624 magis
599 600 725 624 consonat,
738 597 785 618 scil.
798 597 861 625 quod
873 602 954 620 omnes

106 635 170 658 electi
188 639 334 658 assumamur
351 635 380 657 ad
398 635 490 658 ordines
508 636 648 663 Angelorum
660 653 665 663 ‚
684 635 778 663 quidam
801 635 830 657 ad
853 637 955 663 511115110-

1011 410 1062 431 res,
1081 405 1176 432 quidam
1195 405 1223 427 ad
1242 406 1375 433 inferiores,
1395 406 1490 434 quidam
1508 407 1537 429 ad
1555 407 1659 435 medios⁷
1673 414 1715 436 pro
1728 408 1859 431 diversitate

1011 449 1107 465 suorum
1126 445 1292 467 meritorum».
1311 445 1372 467 ldem
1391 445 1419 467 ah
1438 447 1487 473 ipso
1506 446 1601 469 docetur
1618 448 1640 469 S.
1662 447 1675 469 1.
1697 455 1718 476 q.
1744 448 1792 469 108.
1805 454 1824 469 a.
1838 448 1858 476 8,

1011 483 1048 504 eui
1068 483 1135 504 etiam
1154 484 1280 505 assentiunt.
1297 484 1354 506 Petr.
1373 491 1384 506 a
1404 485 1469 512 Tar.²
1488 486 1524 507 hic
1541 492 1560 507 a.
1580 486 1608 513 8;
1634 487 1656 508 B.
1678 486 1770 514 Albert.‚
1786 488 1823 509 hic
1840 494 1859 509 a.

1012 520 1040 545 8:
1059 521 1081 542 S⁴
1095 527 1117 548 p.
1132 521 1155 543 ll.
1169 524 1195 543 tr.
1213 522 1244 543 10Δ
1258 528 1280 550 q.
1294 522 1329 543 42.
1351 528 1381 544 m.
1396 523 1423 550 3;
1448 523 1521 551 AEgid.
1543 524 1581 552 n.‚
1601 525 1637 546 hic
1655 531 1676 553 q.
1695 525 1715 546 3.
1733 531 1753 547 a.
1776 526 1792 547 1.
1813 525 1858 547 Sed

1012 559 1117 581 Richard.
1135 566 1146 581 a
1166 560 1223 581 Med.
1242 560 1293 587 (hic
1311 567 1330 582 a.
1350 562 1369 582 2.
1390 568 1410 590 q.
1430 562 1465 590 ὅ.)
1484 564 1558 590 magis
1576 563 1637 585 favet
1654 564 1755 590 opinioni
1779 565 1800 585 S.
1819 564 1858 586 Bo-

1012 603 1159 620 narentur-ae.
1178 599 1223 621 Biel
1243 599 1293 626 (hie
1311 606 1332 628 q.
1355 600 1371 622 l.
1390 602 1449 623 circa
1468 601 1551 629 finem)
1578 604 1699 630 utramque
1726 604 1858 630 opinionem

1011 639 1089 658 censet
1105 643 1155 658 esse
1173 636 1326 664 probabilem.

857 725 1020 761 QUAESTIO
1042 726 1064 753 V
1066 725 1105 753 111.

279 810 383 838 Utrum
406 810 434 838 in
458 811 552 838 eodem
576 810 678 838 ordine
700 810 878 847 Anyclortmz
901 811 939 838 sit
958 809 1089 847 perfecta
1111 810 1290 848 aequalitas,
1313 819 1353 839 (111
1374 811 1518 849 quaedam
1539 812 1689 849 gradatio.

184 904 288 932 Octavo
309 904 455 940 quaeritur
488 904 523 932 de
555 904 702 932 ordinibus
727 904 894 941 Angelorum
927 905 953 933 in

107 951 313 988 comparatione
336 951 370 979 ad
405 959 487 979 suum
511 951 686 987 oppositum3
708 954 735 979 et
756 954 797 979 est
819 952 953 988 quaestio,

106 1002 204 1027 utrum
228 999 253 1026 in
277 998 385 1034 Angelis
407 997 476 1026 ordo
498 998 684 1034 compatiatur
706 1006 801 1027 secum
834 998 954 1035 aequali-

108 1048 200 1074 tatem.
225 1046 255 1073 Et
276 1045 351 1082 quod
374 1045 428 1078 sic,
452 1045 576 1073 vide-tur:

190 1093 211 1119 1.
235 1092 284 1119 Ρ51
300 1091 471 1127 Dionysium.
494 1091 564 1119 Dicit
580 1091 652 1119 enim
676 1091 824 1127 Dionysius
838 1091 855 1121 ¹.
878 1091 953 1128 quod
981 1085 982 1106 ³

106 1139 144 1167 illi
168 1139 213 1176 qui
237 1142 301 1167 sunt
324 1139 350 1166 in
373 1146 428 1166 una
450 1138 623 1172 hierarchia,
645 1138 854 1175 aequipotentes
875 1141 953 1173 suntg

107 1186 155 1215 sed
187 1185 234 1222 qui
267 1189 332 1214 sunt
364 1185 574 1222 aequipotentes
610 1189 675 1213 sunt
705 1185 853 1222 aequales:
887 1193 954 1222 ergo

106 1233 132 1261 in
166 1233 262 1261 eadem
296 1232 455 1260 hierarchia
488 1232 581 1268 Angeli
613 1235 678 1260 sunt
708 1232 854 1268 aequales:
887 1240 953 1269 ergo

106 1280 197 1308 multo
221 1280 320 1307 fortius
342 1279 369 1306 in
391 1279 489 1307 eodem
511 1279 617 1307 ordine.

186 1328 211 1354 ἓ.
234 1326 317 1360 ltem⁷
340 1334 390 1362 per
416 1326 601 1362 Augustinum
624 1326 658 1353 de
685 1326 756 1354 Vera
779 1326 917 1362 Religione
935 1326 952 1353 ‘³1

112 1385 124 1399 (t
137 1374 163 1402 ln
187 1373 318 1401 omnihus
340 1372 448 1400 actibus
480 1372 672 1400 convenientia
694 1373 798 1409 placet.
821 1381 875 1409 qua
898 1381 952 1401 una

105 1421 195 1455 salva,
217 1423 243 1448 et
264 1419 363 1456 pulcra
385 1422 449 1447 sunt
471 1419 576 1453 omnia3
599 1419 658 1455 ipsa
680 1427 747 1447 vero
762 1419 953 1448 convenientia

105 1468 240 1496 unitatem
262 1466 515 1503 aequalitatemque
536 1466 640 1502 appetit
653 1476 678 1493 »z
703 1474 768 1502 ergo
795 1466 817 1494 si
850 1466 875 1494 in
908 1475 954 1494 an-

108 1514 202 1551 gelicis
223 1513 370 1542 ordinibus
400 1516 442 1541 est
474 1512 594 1549 perfecta
626 1512 801 1549 pulcritudo,
832 1520 898 1549 ergo
927 1516 953 1541 et

106 1560 298 1589 convenientia
319 1564 345 1588 et
376 1559 542 1597 aequalitas3
575 1559 623 1587 sed
650 1567 704 1587 non
727 1562 766 1587 est
799 1559 954 1596 aequalitas
981 1585 982 1590 ,

106 1608 177 1636 10151
198 1607 315 1643 Angelos
336 1607 512 1635 diversorum
529 1606 673 1634 ordinum:
696 1614 762 1643 ergo
778 1606 848 1634 inter
872 1607 954 1642 Ange·
981 1607 982 1648 J

107 1654 148 1683 105
168 1654 294 1683 eiusdem
317 1654 431 1682 ordinis.

185 1701 209 1729 3.
226 1701 305 1735 item,
322 1709 442 1737 quorum
459 1701 564 1729 donum
580 1703 606 1728 et
622 1700 777 1737 praemium
795 1703 835 1729 est
850 1708 953 1734 11011111,

105 1749 164 1786 ipsa
185 1748 289 1776 habent
309 1747 525 1784 aerpialitatemg
547 1747 595 1775 sed
619 1747 723 1775 donum
746 1751 773 1775 et
795 1747 951 1784 praemium

104 1795 271 1832 Angelorum
301 1795 425 1823 eiusdem
462 1795 569 1823 ordinis
600 1798 641 1823 est
672 1802 777 1828 11011111,
806 1797 833 1822 et
864 1797 953 1822 status

104 1842 216 1870 unus³z
239 1850 305 1878 ergo
329 1842 452 1875 videtur,
474 1841 549 1878 quod
572 1841 692 1869 habeant
713 1841 918 1877 aequalitatem.

183 1889 209 1917 lt.
232 1889 314 1922 11501,
346 1888 504 1917 hierarchia
536 1888 660 1924 angelica
692 1888 815 1916 maxime
844 1891 886 1916 est
914 1895 954 1916 re-

104 1936 280 1973 praesentiva
303 1943 452 1972 supremae
485 1935 671 1968 hierarchiae3
694 1935 742 1963 sed
766 1935 792 1962 in
817 1935 862 1962 illa
884 1935 953 1963 ordo

104 1991 160 2011 non
182 1982 309 2011 excludit
337 1982 531 2019 aequalitatem
545 1982 567 2009 ‘¹1
591 1990 657 2018 ergo
679 1982 806 2012 videtur,
829 1982 903 2018 qnod
926 1982 953 2009 in

104 2029 263 2057 hierarchia
284 2029 409 2065 angelica
430 2029 529 2057 debeat
555 2036 615 2057 esse
648 2028 716 2057 ordo
738 2036 801 2056 cum
835 2028 954 2065 aequali-

106 2079 170 2104 tate.
192 2076 243 2103 Sed
266 2084 319 2103 non
346 2079 387 2103 est
419 2075 573 2112 aequalitas
596 2075 623 2103 in
645 2075 754 2111 Angelis
776 2075 952 2103 diversorum

108 2122 254 2150 ordinum:
278 2129 344 2158 ergo
367 2122 393 2149 in
416 2122 525 2158 Angelis
547 2122 673 2150 eiusdem
696 2121 810 2150 ordinis.

187 2169 314 2197 CONTRA2
340 2170 364 2197 1.
387 2169 514 2205 Magister
547 2169 613 2197 dicit
646 2169 671 2196 in
694 2168 825 2196 littera⁵z
854 2168 954 2197 «Sicut

107 2215 134 2243 10
156 2215 292 2252 Apostolis
313 2215 359 2243 alii
381 2215 443 2244 aliis
465 2219 529 2243 sunt
555 2215 711 2252 digniores,
734 2215 771 2243 ita
794 2215 819 2243 in
852 2216 954 2244 ordini-

105 2262 158 2290 bus
179 2262 346 2299 Angelorum
370 2262 494 2290 creditur
517 2265 591 2290 recte
613 2270 711 2290 esse».

183 2310 209 2337 Q.
234 2309 310 2340 item,
325 2309 482 2345 perfectiori
500 2309 581 2337 modo
598 2309 745 2346 participat
761 2309 896 2337 rationem
912 2317 954 2337 or-

105 2356 178 2384 dinis
191 2356 209 2390 5,
230 2356 278 2384 ubi
300 2359 341 2384 est
362 2356 431 2384 ordo
446 2355 473 2383 in
496 2356 636 2389 omnibus,
652 2363 736 2392 quam
759 2355 805 2383 ubi
829 2359 869 2383 est
885 2356 953 2384 ordo

104 2403 131 2430 in
153 2402 295 2439 aliquibus
317 2405 438 2436 11101111ος
461 2402 509 2430 sed
532 2402 624 2438 Angeli
648 2402 849 2438 perfectissimo
871 2402 953 2430 niodo

105 2449 176 2478 inter
199 2452 306 2478 ceteras
337 2453 482 2478 creaturas
514 2449 681 2485 participant
711 2448 852 2477 ordinem:
886 2456 952 2485 ergo

105 2504 159 2524 non
181 2496 271 2524 solum
294 2496 366 2524 inter
388 2496 503 2532 Angelos
533 2495 710 2523 diversorum
732 2495 881 2523 ordinum.
903 2495 952 2523 sed

1011 905 1083 933 inter
1105 905 1220 941 Angelos
1242 905 1368 933 eiusdem
1390 905 1496 934 ordinis
1516 906 1649 943 contingit
1670 906 1796 935 ordinem
1820 915 1860 936 as-

1011 952 1130 988 signare.

1091 997 1116 1025 3.
1139 998 1222 1032 Item,
1250 998 1407 1035 «sapientis
1438 1002 1479 1027 est
1500 999 1691 1034 ordinare⁷»‚
1713 1003 1740 1029 et
1772 1001 1860 1038 inagis

1012 1045 1144 1081 sapientis
1167 1045 1255 1082 magis
1276 1045 1422 1079 ordinare,
1445 1053 1511 1082 ergo
1533 1048 1560 1074 et
1582 1046 1706 1075 maxime
1728 1047 1860 1083 sapientis

1012 1092 1039 1120 in
1061 1093 1122 1121 eius
1143 1092 1243 1121 effectu
1265 1093 1439 1121 nobilissimo
1461 1096 1503 1121 est
1535 1101 1579 1122 res
1606 1094 1729 1123 maxime
1751 1095 1860 1123 ordina-

1011 1142 1054 1167 tas
1076 1139 1248 1176 producere:
1281 1148 1347 1176 ergo
1379 1140 1504 1173 videtur.
1537 1141 1612 1177 quod
1635 1148 1689 1168 non
1712 1141 1802 1169 solum
1826 1142 1861 1170 sit

1012 1186 1048 1214 ibi
1070 1186 1140 1215 ordo
1172 1187 1243 1215 inter
1276 1187 1392 1224 Angelos
1422 1187 1600 1216 diversorum
1633 1188 1781 1223 ordinum,
1811 1189 1860 1218 sed

1011 1233 1093 1261 etiam
1118 1233 1189 1261 inter
1211 1233 1327 1270 Angelos
1349 1233 1474 1262 eiusdem
1497 1234 1611 1263 ordinis.

1090 1279 1117 1307 lt.
1140 1280 1222 1311 item.
1246 1280 1343 1309 lucifer
1366 1280 1469 1308 dicitur
1497 1281 1582 1309 fuisse
1614 1281 1757 1310 maximus
1789 1283 1860 1311 inter

1011 1334 1108 1355 omnes
1130 1327 1258 1364 Angelos3
1282 1331 1308 1355 et
1330 1330 1451 1359 constat.
1483 1328 1557 1364 quod
1591 1328 1625 1356 de
1647 1328 1741 1365 aliquo
1763 1329 1860 1358 ordine

1012 1372 1077 1400 fuit:
1101 1381 1167 1409 ergo
1189 1373 1280 1410 Angeli
1305 1374 1380 1402 illius
1395 1374 1502 1402 ordinis
1517 1382 1571 1402 000
1587 1379 1666 1403 erant
1687 1375 1738 1404 sibi
1761 1384 1860 1413 aequa-

1012 1418 1064 1453 les;
1082 1420 1142 1456 pari
1159 1420 1265 1448 ratione
1288 1420 1409 1454 videtur,
1431 1421 1506 1458 quod
1528 1421 1554 1449 in
1570 1421 1631 1450 aliis
1652 1422 1798 1451 ordinibus
1813 1423 1860 1451 alii

1012 1466 1066 1494 sint
1088 1467 1263 1503 superiores.
1286 1467 1330 1495 alii
1354 1467 1509 1496 inferiores.

1315 1568 1554 1590 CONCLUSIO.

981 1681 982 1688 χ
1013 1652 1169 1681 Probabile
1183 1657 1233 1686 est,
1250 1653 1325 1681 inter
1341 1654 1466 1691 Auoelos
1484 1655 1612 1683 eiusdem
1634 1656 1748 1684 ordinis
1770 1665 1860 1694 (luttiz—

1091 1700 1161 1728 [lam
1184 1700 1312 1737 reperiri
1323 1701 1549 1737 gyri-cestczftz'onem,
1567 1702 1630 1730 licet
1645 1703 1720 1731 iuter
1742 1712 1788 1731 eos
1802 1712 1860 1732 non

1090 1747 1128 1774 sit
1150 1750 1250 1775 10111115
1271 1756 1415 1781 excessus,
1438 1752 1567 1786 quantus
1583 1752 1623 1777 est
1638 1749 1713 1777 inter
1736 1750 1860 1787 Angelos

1090 1793 1275 1822 diuersorum
1298 1794 1445 1822 ordinum,

1092 1888 1267 1916 Rusroxnsso:
1292 1889 1455 1919 Dicendum.
1478 1890 1553 1926 quod
1576 1890 1647 1918 sicut
1663 1891 1688 1918 in
1704 1891 1861 1927 suprema-⁸
1899 1894 1958 1911 Alstffl·
1974 1896 2002 1911 ea

1871 1916 1976 1940 pulcritudo
1983 1917 2000 1934 in

1012 1935 1169 1963 hierarchia
1192 1939 1306 1972 propter
1329 1944 1469 1964 sumniam
1499 1937 1694 1973 perfertionem
1719 1939 1860 1974 reperitur
1869 1940 1924 1967 ,ΠΕΟ-
1947 1941 2002 1958 ³¹¹¹&

1869 1970 1887 1982 in
1901 1963 1983 1986 Angelis,

1012 1982 1173 2019 pulcritudo
1195 1991 1229 2011 ex
1253 1983 1454 2019 perfectissima
1476 1984 1652 2021 aequalitate
1674 1988 1700 2013 et
1726 1985 1860 2013 3011111111-

1012 2029 1078 2057 (line
1096 2029 1238 2065 parium,
1261 2030 1299 2058 sic
1323 2030 1348 2057 in
1372 2030 1506 2067 anyelm
1538 2031 1696 2060 hierarchia
1719 2033 1860 2068 reperitur

1011 2077 1172 2114 pulcritudo
1194 2077 1316 2114 perfecta
1338 2078 1363 2105 in
1387 2085 1488 2114 genere
1513 2082 1658 2107 creaturae
1683 2087 1719 2107 ex
1738 2080 1860 2116 quadam

1009 2123 1187 2160 mactatione
1208 2123 1385 2160 (lis-[utrium.
1410 2125 1437 2152 ln
1460 2125 1503 2153 his
1531 2126 1605 2153 enim
1636 2126 1747 2154 duobus
1769 2127 1859 2155 modis

1012 2170 1134 2198 consistit
1158 2170 1319 2206 pulcritudo
1341 2174 1368 2199 et
1400 2172 1606 2206 convenientia.
1630 2173 1701 2201 sicut
1723 2173 1788 2202 dicit
1810 2175 1860 2202 Au-

1012 2217 1141 2252 gustinus
1163 2217 1197 2245 de
1220 2218 1289 2245 Vera
1314 2218 1453 2254 Religione
1467 2218 1485 2246 ⁰.
1508 2219 1560 2247 Sed
1593 2219 1620 2247 in
1642 2228 1783 2256 suprcwm
1805 2220 1860 2249 hie-

1012 2263 1122 2291 rarchia
1154 2271 1189 2291 ex
1222 2264 1280 2291 sola
1309 2265 1490 2293 similitudine
1522 2269 1549 2293 et
1580 2266 1746 2303 aequalitate
1769 2270 1859 2303 potest

1011 2317 1072 2338 esse
1093 2310 1294 2346 perfectissima
1316 2311 1491 2347 pulcritudo.
1514 2312 1579 2348 quia
1602 2312 1627 2339 in
1654 2313 1777 2349 qualibet
1799 2322 1859 2350 per-

1011 2363 1142 2383 sonariun
1165 2357 1325 2393 aequalium
1348 2360 1389 2385 est
1420 2359 1580 2387 omnimoda
1609 2362 1635 2387 et
1667 2367 1776 2387 summa
1799 2368 1859 2397 per-

1011 2402 1099 2429 fectio.
1122 2402 1148 2429 ln
1172 2403 1306 2438 (1110011011
1322 2411 1388 2431 vero
1405 2404 1575 2437 hierarchia,
1591 2405 1657 2441 quia
1673 2405 1711 2433 illi
1734 2407 1856 2442 spiritus,

1011 2448 1058 2484 qui
1081 2448 1296 2483 coordinantur,
1323 2458 1376 2477 non
1409 2450 1511 2479 habent
1533 2451 1693 2488 singillatim
1717 2461 1856 2482 summam

1012 2495 1223 2531 perfectionem.
1245 2504 1356 2525 necesse
1379 2500 1436 2525 est.
1458 2498 1532 2534 quod
1555 2506 1590 2526 ex
1612 2499 1734 2535 quadam
1757 2508 1858 2529 conve-

168 2627 175 2641 1
195 2628 225 2649 Di·
243 2627 337 2650 Caelest,
356 2628 471 2649 llierarch.
490 2635 508 2649 c.
528 2628 548 2649 8.
566 2631 579 2656 ’,ᾗ
601 2628 626 2649 l:
646 2628 718 2656 lpsam
732 2632 807 2650 autem
821 2632 952 2650 sanctarum
980 2637 982 2646 1

105 2667 243 2689 Potesiaunn
262 2668 447 2694 aequipotentem
465 2667 596 2688 dix-inarum
619 2667 803 2689 Dominationum
830 2670 851 2688 et
876 2667 953 2689 Virtu-

106 2709 154 2728 tum
168 2708 217 2731 etc-‚3
236 2712 254 2727 c.
274 2706 294 2727 9.
339 2707 367 2727 2:
384 2714 394 2725 «
405 2706 602 2734 Archangelorum
620 2706 677 2728 ordo
690 2707 841 2734 aequipotens
858 2707 951 2734 quidem

106 2748 140 2767 est
157 2744 292 2766 caelestibus
311 2744 477 2772 principatibus
495 2754 505 2764 1>
527 2745 575 2773 (qui
593 2748 645 2766 sunt
663 2745 691 2767 de
708 2745 789 2766 eadem
808 2746 952 2774 hierarchia).

169 2783 177 2797 ‘-'
194 2783 248 2811 Cap.
268 2784 304 2805 30.
323 2790 344 2805 n.
363 2783 404 2811 55,
424 2784 462 2805 ubi
481 2787 554 2805 tvxuis
571 2784 687 2811 originalis
710 2784 736 2806 In
764 2783 872 2806 omnibus
897 2784 952 2806 arli-

107 2821 149 2845 bus
168 2828 209 2850 pro
228 2822 253 2844 1η
272 2821 381 2844 fininibus
397 2821 496 2850 actibus,
516 2826 538 2844 et
555 2823 576 2843 in
596 2822 638 2844 tine
656 2822 730 2844 addit:
757 2823 792 2844 vel
810 2823 832 2843 in
850 2823 954 2844 similitu-

108 2861 159 2883 dine
177 2862 267 2888 parium
286 2861 393 2888 partium⁷
412 2861 446 2882 vel
465 2861 598 2888 gradationi¹
616 2862 746 2888 imparium.
758 2873 790 2876 —
803 2862 852 2883 Vat.
866 2861 916 2883 dein
929 2861 953 2884 in

106 2899 219 2929 anqelicis
237 2898 358 2928 spiritibus
376 2906 418 2927 pro
436 2899 457 2921 iu
477 2899 589 2928 [iuyelicis
607 2898 735 2921 ordinibus.

170 2938 179 2952 ³
197 2939 244 2960 lior
262 2942 346 2960 constat
366 2944 392 2960 ex
411 2938 541 2960 delinitione
560 2938 646 2960 ordinis
663 2945 673 2960 a
694 2938 811 2965 Magistro,
831 2939 866 2960 hic
887 2946 905 2960 r.
933 2940 952 2961 Ξ.

108 2977 194 2999 traditu.

1073 2627 1081 2641 ⁴
1099 2627 1143 2649 (Jtr.
1163 2627 1176 2648 Ι.
1195 2627 1254 2648 Seni,
1273 2627 1294 2648 (1.
1314 2628 1350 2649 20.
1368 2634 1387 2648 n⁴
1406 2628 1426 2650 2.
1445 2634 1466 2656 (1,
1490 2629 1505 2650 1.

1073 2666 1083 2680 5
1101 2666 1139 2687 lni-
1158 2672 1176 2687 e,
1195 2666 1216 2687 5.

1072 2705 1082 2719 6
1101 2705 1150 2727 Vat.
1166 2705 1325 2734 participatur
1342 2705 1404 2728 ratio
1429 2706 1526 2729 ordinis.
1552 2719 1584 2723 —
1610 2708 1667 2730 Videv
1693 2708 1802 2737 Dionys.y
1830 2710 1857 2731 de

1011 2744 1103 2766 Caelest.
1123 2744 1238 2766 llierarch.
1261 2751 1279 2766 e.
1302 2745 1338 2771 lO,
1358 2745 1395 2767 ulii
1415 2745 1495 2773 docet⁷
1513 2746 1574 2774 quod
1594 2751 1688 2774 propter
1701 2749 1858 2775 proportiona-

1012 2784 1094 2805 litatem
1113 2784 1179 2804 etiam
1198 2784 1219 2804 in
1239 2784 1340 2812 quolibet
1358 2784 1438 2806 ordine
1455 2786 1499 2806 sint
1516 2786 1596 2813 primi⁷
1615 2786 1683 2808 medii
1702 2790 1722 2808 et
1741 2787 1820 2809 intimi.

1073 2822 1082 2836 ⁷
1100 2823 1202 2849 Ariston,
1222 2822 1235 2844 l.
1254 2823 1350 2850 Aletaph.
1369 2829 1387 2844 (z
1407 2824 1427 2844 2.
1446 2823 1490 2846 Cl'r.
1508 2826 1561 2845 tom.
1581 2824 1594 2846 1.
1613 2831 1666 2852 pag.
1685 2825 1737 2853 685,
1750 2828 1801 2848 nota
1824 2826 1841 2848 1.

1072 2860 1082 2875 S
1100 2861 1120 2882 ln
1139 2861 1189 2883 rod.
1209 2862 1226 2889 Q
1244 2861 1336 2884 additur
1352 2861 1439 2884 seilicet
1455 2862 1541 2885 diuina.
1554 2863 1615 2885 ldem
1633 2865 1729 2887 recurrit
1741 2865 1857 2893 aliquanto

1011 2902 1110 2923 interius.

1073 2939 1082 2952 -ἢ
1099 2939 1152 2967 Cap.
1173 2940 1208 2961 30.
1228 2946 1247 2961 n.
1266 2939 1302 2961 Iib'.
1321 2939 1365 2962 Cir.
1385 2941 1420 2962 liic
1438 2946 1488 2963 nota
1508 2942 1528 2963 2.
