2243 3425
5 2071 121 2091 undamenta.

626 196 709 225 DIST.
732 196 795 225 Vlll.
819 196 844 224 P.
868 196 897 224 ll.
919 195 992 223 ART.
1015 194 1131 224 UNlCUS
1152 193 1288 231 QUAEST.
1310 193 1352 222 Vl.

117 284 182 305 mur
214 277 248 305 de
276 275 470 305 secretissimis
491 274 720 312 cogitationibus,
740 274 866 309 videtur,
889 273 964 311 quod

118 324 170 352 hae
191 331 246 352 non
269 323 372 351 lateant
392 325 583 351 accusatorem
607 325 744 350 nostrum.

198 371 223 398 9..
246 370 329 404 Item,
357 372 503 405 peccatum
535 372 577 397 est
604 367 760 397 character
783 367 904 401 bestiae,
927 375 966 396 se-

118 417 241 446 cundum
258 416 332 454 quod
349 416 507 444 insinuatur
522 414 699 452 Apocalypsis
714 414 822 443 decimo
837 416 937 451 quarto
948 414 965 441 ¹.

118 464 169 493 Sed
183 463 377 500 unusquisque
392 462 532 499 cognoscit
547 462 693 499 proprium
708 461 893 498 signaculum,
909 461 968 489 ubi-

118 518 239 548 cumque
254 513 386 547 ponatur:
409 518 476 546 ergo
497 509 625 538 diabolus
647 509 787 545 cognoscit
807 511 967 545 peccatum,

118 557 291 594 ubicumque
317 557 359 585 sit.
392 556 444 585 Sed
476 556 545 584 nihil
567 558 609 584 est
640 555 667 583 in
702 554 781 583 nobis
813 555 967 589 secretius,

119 612 204 642 quam
226 604 280 633 sint
301 606 415 641 peccata
435 602 633 639 cogitationum
655 604 682 631 et
713 601 890 630 affectionum
919 608 967 629 no-

119 654 259 680 strarum:
282 658 349 687 ergo
378 649 398 678 si
432 648 501 677 haec
532 648 661 677 diabolus
683 651 774 685 potest
795 648 908 682 videre,
930 655 969 676 se—

120 702 195 727 creta
216 697 449 726 conscientiarum
470 699 632 725 nostrarum
654 695 751 724 rimari
773 698 871 732 potest.

199 745 224 773 3.
248 744 330 778 ltem,
352 744 523 781 Augustinus
545 742 712 772 duodecimo
733 750 819 779 super
841 742 967 771 Genesim

120 792 155 820 ad
177 792 298 820 litteram
311 790 336 818 2:
365 790 451 819 «Mali
472 790 563 827 angeli
592 790 786 827 cogitationem
809 792 969 823 noverunt,

120 839 185 876 quia
207 839 296 867 multa
326 838 509 875 praedicunt,
540 845 613 874 quae
634 845 688 865 non
715 837 924 874 praedicerent,
947 836 968 865 si

120 885 299 923 cogitationes
321 893 375 913 non
397 884 576 913 novissent».

199 933 226 960 [ι.
248 932 331 966 Item,
354 932 406 960 hoc
428 931 540 960 videtur
558 939 612 968 per
633 930 787 959 rationem.
810 931 904 959 Notior
930 933 971 959 est

120 979 244 1017 operatio
266 987 351 1016 quam
373 978 511 1015 potentia,
533 981 560 1006 et
580 977 704 1015 potentia
729 985 814 1015 quam
844 977 971 1006 substan-

122 1026 159 1055 tia
171 1026 190 1061 ³,
212 1026 278 1062 quia
298 1033 349 1062 per
371 1025 556 1062 cognitionem
578 1024 748 1062 operationis
779 1027 806 1052 et
832 1024 971 1061 potentiae

121 1073 285 1111 pervenitur
307 1072 334 1100 in
356 1071 540 1109 cognitionem
562 1071 753 1105 substantiae3
775 1071 821 1100 sed
846 1071 972 1099 substan-

121 1120 159 1148 tia
180 1120 289 1147 animae
321 1126 375 1147 non
408 1121 495 1155 potest
526 1118 612 1147 latere
644 1118 803 1147 diabolum:
833 1126 900 1154 ergo
920 1125 972 1146 nec

121 1167 182 1196 eius
204 1166 329 1203 operatio
350 1173 400 1194 nec
422 1166 527 1194 virtus:
551 1173 617 1202 ergo
634 1165 655 1194 si
672 1165 801 1202 cogitatio
823 1168 849 1193 et
864 1164 972 1193 affectio

123 1216 189 1243 sunt
210 1214 332 1242 actiones
352 1213 479 1247 animae,
502 1220 568 1249 ergo
589 1220 644 1240 non
666 1214 784 1249 possunt
805 1212 892 1240 latere
911 1212 973 1240 dae-

123 1269 245 1290 monem.

204 1309 229 1337 5.
252 1308 331 1342 ltem,
353 1307 524 1336 substantiae
547 1306 722 1344 spirituales,
739 1306 810 1335 sicut
825 1306 891 1335 dicit
913 1307 974 1335 Dio-

124 1355 220 1392 nysius
232 1355 251 1389 ⁴,
273 1363 323 1391 per
345 1355 388 1383 sui
409 1357 540 1382 naturam
562 1357 628 1382 sunt
648 1353 767 1390 specula
775 1364 786 1386 ,·
807 1353 855 1382 sed
879 1353 917 1382 sic
932 1356 974 1381 est

124 1403 152 1431 in
174 1401 288 1439 speculo
309 1401 462 1435 materiali,
484 1400 560 1438 quod
586 1400 699 1437 quando
721 1408 810 1428 unum
844 1399 974 1428 obiicitur

124 1450 214 1484 alteri,
235 1457 288 1478 non
322 1448 413 1477 solum
445 1450 638 1485 repraesentat
671 1448 776 1484 ipsum,
809 1447 858 1475 sed
890 1446 974 1475 etiam

124 1503 206 1524 omne
227 1495 303 1533 quod
324 1495 431 1524 relucet
452 1494 480 1522 in
506 1494 581 1531 ipso:
615 1502 681 1531 ergo
713 1493 735 1522 si
757 1493 872 1522 maioris
903 1501 976 1521 com-

124 1543 320 1572 municationis
342 1545 408 1571 sunt
429 1541 544 1579 specula
559 1540 725 1578 spiritualia,
746 1540 867 1574 videtur,
899 1539 974 1577 quod

123 1590 237 1628 quando
266 1590 384 1618 daemon
417 1589 543 1617 intuetur
572 1591 599 1616 et
628 1588 726 1625 aspicit
758 1587 897 1621 animam,
920 1595 975 1615 uon

126 1637 216 1667 solum
239 1637 327 1674 ipsam
349 1636 458 1670 videat,
481 1635 530 1664 sed
552 1642 634 1664 omne
656 1634 731 1672 quod
754 1637 795 1663 est
817 1634 844 1662 in
866 1634 935 1671 ipsa.

206 1685 231 1713 6.
253 1684 336 1718 Item,
368 1683 438 1711 nihil
469 1685 561 1720 potest
592 1682 691 1711 oculus
724 1689 804 1710 meus
830 1681 926 1710 videre
948 1681 976 1709 in

125 1739 185 1766 me,
207 1731 283 1768 quod
305 1739 359 1759 non
380 1730 468 1767 possit
489 1730 585 1759 videre
600 1729 700 1758 oculus
721 1729 842 1757 alienus:
865 1729 886 1757 si
910 1736 976 1765 ergo

126 1778 165 1808 sic
187 1781 229 1807 est
251 1778 276 1806 in
299 1777 380 1806 oculo
402 1777 542 1814 corporali
565 1780 695 1813 respectu
717 1776 757 1805 rei
780 1775 898 1804 visibilis
919 1783 977 1803 cor-

126 1825 243 1862 poralis,
266 1825 326 1862 pari
349 1825 455 1852 ratione
478 1823 606 1852 similiter
621 1823 674 1852 erit
690 1823 717 1851 in
732 1822 814 1852 oculo
836 1822 976 1859 spirituali

127 1874 257 1909 respectu
284 1871 478 1908 cognoscibilis
509 1870 671 1908 spiritualis.
705 1870 776 1907 Ergo
808 1869 829 1898 si
862 1869 976 1898 oculum

127 1927 221 1948 meum
244 1918 419 1956 spiritualem
452 1926 506 1946 non
538 1918 605 1946 latet
631 1921 770 1946 secretum
792 1917 977 1945 conscientiae

127 1974 214 2001 meae,
236 1966 296 2003 pari
319 1965 425 1994 ratione
447 1973 498 1994 nec
519 1965 615 1993 oculos
637 1965 816 1993 daemonum.

207 2013 254 2041 Act
275 2012 456 2049 oppositum.-
486 2013 509 2039 l.
533 2011 616 2040 Tertii
640 2011 745 2047 Regum
768 2013 865 2039 octavo
935 2011 978 2038 Tu.

128 2060 208 2089 solas
239 2059 317 2087 ‘nosti
347 2059 438 2087 eorda
469 2058 601 2095 filiorum
630 2057 796 2086 hommum:
829 2065 883 2086 non
911 2065 978 2093 ergo

129 2107 247 2135 daemon
271 2106 314 2134 vel
336 2105 416 2133 alius.

208 2155 234 2181 Q.
256 2153 336 2186 ltem,
357 2153 489 2181 Ieremiae
511 2152 620 2181 decimo
635 2152 754 2189 septimo
767 2151 789 2179 ὃ;
808 2152 868 2188 Εῃο
884 2151 979 2179 Domi-

128 2209 195 2234 nus,
217 2204 360 2228 scrutans
381 2199 473 2228 corda
490 2203 515 2227 et
530 2207 631 2227 reue-3:
654 2207 721 2236 ergo
736 2198 757 2227 si
773 2198 910 2226 Dominus
925 2198 978 2227 hoc

129 2248 180 2277 sibi
203 2247 330 2275 attribuit
352 2250 484 2283 tanquam
506 2246 668 2283 proprium,
690 2246 811 2280 videtur,
833 2246 908 2282 quod
925 2254 977 2273 non

129 2294 316 2324 communicet
337 2293 456 2322 diabolo.

210 2341 234 2369 3.
258 2341 340 2374 ltem,
356 2340 463 2377 primae
479 2339 514 2368 ad
530 2339 687 2368 Corinthios
704 2339 827 2368 secundo
840 2339 865 2367 ⁷:
889 2338 979 2367 Nemo

129 2388 184 2417 scit
205 2397 280 2426 quac
300 2391 369 2415 suut
391 2386 534 2420 homiues,
556 2387 618 2414 nist
630 2386 755 2423 spiritus
771 2385 907 2419 hominis,
930 2386 981 2423 qui

130 2438 171 2463 est
185 2435 216 2463 in
231 2434 297 2467 z‘tl0‚-
313 2434 361 2462 sed
377 2434 495 2462 daemon
507 2440 558 2462 nec
573 2436 615 2462 est
625 2433 741 2470 spiritus
764 2436 859 2461 noster
874 2440 924 2460 nec
940 2435 981 2460 est

130 2482 157 2511 in
174 2482 268 2510 nobis:
284 2489 350 2518 ergo
372 2489 426 2509 nou
442 2481 518 2509 novit
541 2483 647 2509 secreta
661 2480 844 2509 conscientiae
860 2482 979 2507 nostrae.

194 2646 201 2660 ¹
220 2646 285 2668 Vers.
304 2646 325 2667 9.
343 2648 365 2667 et
386 2646 419 2667 ΙΙ.

194 2685 203 2699 ²
221 2684 275 2712 Cap.
297 2684 330 2707 17.
348 2691 370 2706 n.
389 2683 425 2706 34.
443 2690 492 2713 seq.
510 2683 554 2706 Csr.
572 2683 626 2706 ibid.
645 2690 664 2706 c.
683 2684 718 2705 22.
738 2690 759 2705 n.
778 2683 814 2705 48.

194 2723 204 2739 ³
221 2724 264 2746 Csr.
283 2725 389 2752 Aristot,
408 2724 422 2746 l.
441 2723 469 2746 de
486 2724 580 2751 Anima,
598 2726 649 2746 text.
672 2723 705 2745 11.
724 2724 752 2749 (c.
780 2724 806 2751 l.)
833 2726 855 2745 et
880 2723 902 2744 ll.
928 2725 980 2745 text.

133 2764 169 2785 33.
189 2763 216 2789 (c.
237 2762 274 2790 4.).

195 2801 204 2816 ⁴¹
222 2801 267 2824 Csr.
286 2808 355 2829 supra
372 2807 425 2829 pag.
444 2801 481 2828 83,
499 2805 551 2823 nota
573 2801 590 2822 1.

195 2841 205 2855 ⁵
223 2842 287 2863 Vers.
307 2841 351 2863 39:
370 2840 405 2862 Tu
428 2841 487 2862 nosti
513 2840 575 2862 solus
592 2845 632 2862 cor
657 2840 761 2862 omnium
786 2839 885 2862 filiorum
912 2840 982 2862 homi-

133 2887 196 2904 num.
215 2880 259 2903 Csr.
278 2881 300 2902 11.
319 2880 414 2907 Paralip.
433 2880 460 2908 6,
479 2879 516 2901 30.

195 2919 205 2934 ⁰
222 2920 288 2942 Vers.
311 2919 343 2941 10.
834 2918 844 2932 7
861 2919 926 2940 Vers.
948 2918 981 2940 Η.

196 2957 205 2972 ⁸
222 2957 277 2986 Cap.
304 2957 349 2980 48:
376 2957 475 2979 luternas
505 2957 594 2979 animae
619 2956 768 2984 cogitationes
793 2955 911 2978 diabolum
937 2962 981 2978 non

133 2996 226 3025 videre,
245 2997 298 3019 certi
317 3002 406 3018 sumus.

261 3047 285 3070 S.
304 3047 392 3070 Bonae.
409 3059 441 3063 —
458 3047 525 3069 Tom.
543 3046 566 3069 ll.

1809 191 1865 220 233

1101 273 1127 301 [ι.
1150 272 1233 306 Item,
1255 271 1426 308 Augustinus
1458 271 1483 299 in
1514 271 1585 299 libro
1617 270 1651 299 de
1674 269 1871 299 Ecclesiasticis

1022 318 1239 356 Doginatibusss:
1268 318 1417 347 «Internas
1438 318 1618 355 cogitationes
1649 320 1758 346 nostras
1780 317 1872 345 diabo-

1023 365 1082 394 lum
1104 374 1159 394 non
1180 366 1293 401 videre,
1316 369 1424 395 certum
1446 369 1525 394 est».

1104 414 1129 441 5.
1152 412 1232 447 ltem,
1253 412 1368 441 ratione
1399 412 1523 441 videtur:
1546 412 1613 449 quia
1644 411 1666 440 si
1689 412 1811 440 internas
1832 419 1874 439 co-

1024 459 1171 496 gitationes
1192 462 1386 496 cognosceret,
1409 462 1587 496 cognosceret
1608 462 1635 487 et
1656 459 1791 492 virtutes,
1805 465 1872 494 ergo

1024 505 1098 534 beati
1130 505 1176 534 lob
1207 506 1368 543 patientiam
1401 506 1590 543 cognovisset;
1622 506 1697 542 quod
1727 505 1749 533 si
1778 513 1874 542 cogno-

1025 553 1126 587 visset,
1149 560 1203 581 non
1226 555 1375 587 tentasset,
1408 561 1471 581 cum
1494 553 1563 581 nolit
1584 552 1727 589 superam
1749 552 1797 581 sed
1817 555 1873 580 ten-

1025 599 1107 628 tavit:
1131 607 1199 636 ergo
1230 607 1281 628 nec
1313 600 1447 628 virtutem
1469 607 1519 629 nec
1551 600 1730 636 cogitationes
1751 599 1812 628 eius
1833 607 1875 628 co-

1026 646 1150 684 gnoviffl.

1343 732 1555 753 CONCLUSIO.

1027 802 1118 831 Nulla
1139 806 1281 831 ereatura
1300 806 1390 840 potest
1410 811 1494 831 nosse
1515 802 1707 831 conscientiae
1728 802 1877 830 humanae

1105 854 1217 879 secreta
1238 850 1300 878 nisi
1318 858 1370 887 per
1391 849 1496 887 sayna,
1517 849 1561 878 vel
1582 858 1636 887 per
1668 850 1875 878 coniecturam.

1108 929 1284 957 RESPONnEo:
1307 928 1346 957 Ad
1367 928 1578 965 praedictorum
1604 928 1814 965 intelligentiam
1837 930 1879 956 est

1027 976 1198 1010 notandum,
1220 975 1296 1013 quod
1318 975 1390 1004 sicut
1404 975 1480 1004 Deus
1495 975 1632 1004 voluntati
1648 975 1790 1004 rationalis
1806 983 1880 1004 crea-

1028 1026 1109 1052 turae
1137 1022 1213 1052 dedit
1242 1022 1407 1051 dominium
1435 1022 1494 1051 sive
1526 1022 1692 1056 arbitrium,
1725 1022 1769 1050 cui
1801 1022 1879 1050 nulla

1028 1069 1170 1107 praesidet
1200 1069 1252 1098 nisi
1281 1069 1376 1098 divina
1406 1070 1543 1107 potentia,
1574 1069 1613 1098 sic
1642 1069 1703 1098 eius
1725 1069 1879 1106 cognitivae

1030 1117 1107 1146 dedit
1128 1116 1320 1145 conscientiae
1340 1120 1499 1150 secretam,
1528 1116 1609 1145 cuius
1636 1119 1744 1145 secreta
1764 1119 1792 1145 et
1819 1124 1880 1153 pro-

1029 1163 1117 1192 funda
1138 1171 1193 1192 non
1224 1166 1352 1200 penetrat
1383 1163 1435 1192 nisi
1464 1163 1558 1191 divina
1588 1163 1731 1200 sapientia.
1765 1163 1796 1191 Et
1817 1163 1879 1191 ideo
1890 1163 2020 1182 C⁰¹³⁴²¹¹¹Si01·

1030 1210 1107 1245 dico,
1123 1210 1198 1247 quod
1214 1210 1292 1239 nulla
1313 1213 1455 1245 creatura,
1471 1218 1521 1239 nec
1536 1210 1661 1238 humana
1681 1218 1731 1239 nec
1747 1210 1880 1247 angelica,

1030 1261 1121 1295 potest
1142 1257 1325 1286 conscientiae
1346 1257 1487 1286 humanae
1509 1264 1591 1286 nosse
1613 1260 1735 1290 secreta,
1758 1257 1809 1286 nisi
1832 1265 1881 1294 per

1031 1304 1109 1341 signa
1130 1304 1175 1333 vel
1196 1311 1247 1341 per
1269 1303 1459 1338 coniecturas,
1481 1304 1524 1332 vel
1554 1304 1606 1332 nisi
1630 1304 1739 1332 noverit
1770 1303 1819 1332 Dei
1840 1311 1882 1332 re-

1030 1351 1177 1385 velatione,
1192 1353 1241 1379 aut
1253 1350 1373 1378 hominis
1389 1350 1598 1379 denuntiatione
1614 1351 1672 1379 sive
1685 1351 1841 1379 detectione
1855 1350 1881 1378 ¹⁰.

1032 1398 1063 1426 Et
1084 1398 1216 1435 quoniam
1237 1405 1328 1434 pauca
1349 1401 1415 1426 sunt
1446 1398 1483 1426 ita
1505 1401 1628 1433 secreta,
1656 1398 1724 1435 quin
1746 1398 1883 1434 prodeant

1032 1445 1059 1473 in
1081 1452 1166 1481 opera
1187 1445 1344 1479 exteriora,
1366 1444 1411 1473 vel
1442 1448 1595 1482 appareant
1616 1453 1666 1482 per
1699 1445 1777 1482 signa
1809 1449 1884 1474 exte-

1031 1492 1107 1520 riora
1127 1491 1223 1526 faciei,
1246 1491 1290 1520 vel
1312 1499 1362 1528 per
1384 1492 1462 1528 signa
1478 1492 1586 1525 cordis,
1602 1491 1676 1528 quod
1693 1491 1882 1520 diversimode

1032 1542 1162 1567 movetur
1194 1539 1349 1567 secundum
1379 1539 1570 1568 diversitatem
1602 1539 1797 1573 affectionum3
1819 1539 1883 1568 hinc
1896 1546 1995 1565 conclusio
2006 1546 2024 1564 2.

1032 1589 1089 1621 est,
1111 1585 1187 1623 quod
1208 1586 1314 1614 multae
1336 1585 1515 1623 cogitationes
1537 1588 1564 1615 et
1592 1586 1752 1615 affectiones
1774 1589 1884 1615 nostrae

1032 1632 1206 1670 deprehendi
1237 1635 1356 1670 possunt
1384 1640 1401 1661 a
1432 1632 1562 1670 malignis
1584 1633 1749 1670 spiritibus,
1770 1633 1823 1661 nisi
1844 1641 1886 1661 ar-

1033 1683 1150 1709 ceantur
1171 1679 1219 1708 Dei
1242 1679 1356 1709 virtute.
1378 1679 1449 1709 Haec
1470 1682 1563 1708 autem
1587 1680 1706 1717 cognitio
1728 1680 1821 1717 potius
1843 1683 1885 1709 est

1034 1727 1210 1756 coniecturae
1231 1734 1317 1764 quam
1344 1730 1436 1755 certae
1459 1726 1589 1755 scientiae
1603 1727 1629 1755 ¹¹.
1648 1744 1687 1747 —
1703 1727 1733 1755 Et
1748 1727 1809 1756 ideo
1825 1735 1886 1756 con-

1034 1774 1175 1803 cedendae
1202 1776 1267 1802 sunt
1299 1773 1421 1802 rationes
1449 1774 1641 1808 ostendentes,
1671 1774 1748 1811 quod
1769 1774 1886 1811 angelus

1034 1821 1126 1850 malus
1148 1825 1255 1850 secreta
1286 1821 1470 1850 conscientiae
1501 1824 1614 1850 nostrae
1637 1821 1808 1858 perscrutari
1831 1829 1885 1850 non

1035 1871 1133 1906 potest.

1119 1917 1140 1943 l.
1164 1915 1201 1944 Ad
1224 1915 1292 1944 illud
1316 1923 1383 1952 ergo
1405 1915 1480 1952 quod
1509 1915 1640 1944 obiicitur
1661 1915 1752 1952 primo
1775 1916 1801 1943 in
1824 1924 1885 1944 con·
1898 1922 1968 1954 Sotutio
1982 1927 2014 1945 op·

1037 1963 1154 1991 trarium
1177 1962 1211 1991 de
1233 1962 1404 1991 accusatoris
1426 1962 1529 1993 officio.
1545 1962 1712 1997 dicendum,
1735 1963 1810 2000 quod
1832 1971 1885 1991 non
1901 1947 2009 1968 [mmm

1035 2010 1126 2038 solum
1150 2010 1207 2047 ipse
1230 2010 1348 2038 daemon
1371 2010 1423 2038 erit
1438 2013 1600 2043 accusator,
1623 2010 1709 2039 immo
1730 2010 1813 2039 etiam
1836 2019 1882 2039 cor
1897 2015 2010 2034 mundum.

1036 2059 1180 2088 nostrum;
1213 2056 1288 2085 unde
1316 2056 1367 2085 etsi
1390 2056 1425 2085 de
1456 2056 1645 2085 exterioribus
1678 2060 1705 2085 et
1727 2057 1885 2086 visibilibus

1035 2103 1160 2132 accusari
1184 2110 1335 2140 possumus
1357 2111 1371 2131 a
1393 2103 1513 2137 diabolo,
1535 2103 1569 2132 de
1591 2103 1707 2132 occultis
1722 2107 1749 2132 et
1771 2104 1885 2132 secretis

1036 2159 1098 2178 non.
1119 2150 1223 2179 Neutra
1244 2154 1336 2179 tamen
1359 2150 1497 2187 impunita
1518 2151 1729 2188 relinquentur,
1751 2151 1817 2188 quia
1831 2159 1886 2179 non

1036 2197 1125 2226 deerit
1146 2200 1292 2226 accusator
1314 2200 1342 2226 et
1362 2197 1448 2226 testis.

1116 2246 1141 2273 ⁹2.
1165 2244 1203 2273 Ad
1225 2244 1295 2273 illud
1317 2245 1392 2282 quod
1414 2245 1558 2279 obiicitur,
1580 2245 1655 2281 quod
1678 2248 1823 2281 peccatum
1845 2247 1887 2273 est

1036 2292 1181 2320 character
1204 2291 1320 2326 diaboli3
1342 2291 1509 2325 dicendum,
1535 2292 1611 2328 quod
1640 2294 1786 2328 peccatum
1818 2294 1885 2319 tunc

1038 2338 1140 2367 dicitur
1162 2346 1222 2367 esse
1244 2337 1416 2372 character,
1439 2338 1551 2375 quando
1573 2338 1706 2366 scribitur
1730 2338 1756 2365 in
1778 2338 1885 2372 fronte,

1037 2386 1089 2413 hoc
1110 2388 1205 2413 autem
1226 2388 1283 2419 est,
1305 2392 1370 2413 cum
1392 2387 1487 2421 peccat
1508 2385 1567 2413 sine
1593 2384 1697 2413 rubore
1719 2388 1745 2412 et
1766 2384 1886 2421 publice,

1037 2432 1144 2460 utiam
1167 2431 1254 2468 possit
1285 2431 1309 2460 ei
1342 2431 1408 2459 dici:
1444 2432 1539 2459 Frons
1568 2431 1703 2459 mulieris
1723 2431 1887 2459 meretricis

1037 2477 1121 2515 facta
1142 2482 1183 2506 est
1204 2477 1269 2511 cibi,
1289 2477 1412 2506 notai-sti
1425 2477 1591 2506 erubescere
1604 2477 1643 2511 ¹²;
1659 2482 1686 2507 et
1701 2481 1767 2507 tunc
1781 2478 1887 2515 absque

1102 2643 1112 2658 ⁹
1129 2644 1176 2666 Hoc
1193 2646 1356 2672 argumentum
1374 2644 1473 2666 insinuat
1488 2644 1596 2671 August,
1614 2643 1660 2665 xu.
1686 2644 1715 2666 de
1732 2644 1786 2666 Gen.
1805 2644 1834 2666 ad
1858 2645 1888 2669 lit.

1040 2690 1058 2706 c.
1081 2683 1114 2706 17.
1133 2690 1153 2705 n.
1172 2683 1208 2705 34.
1226 2695 1258 2699 —
1274 2683 1337 2705 Unus
1362 2683 1464 2711 alterque
1491 2682 1541 2705 cod.
1567 2688 1620 2705 cum
1646 2683 1696 2705 Vat.
1723 2683 1820 2706 virtutes
1846 2690 1888 2712 pro

1038 2722 1158 2745 virtutem.

1103 2761 1121 2775 ¹⁰
1138 2761 1160 2783 ln
1179 2761 1228 2783 Vat.
1248 2760 1391 2783 desideratur
1407 2760 1455 2783 sive
1467 2760 1599 2789 delectione,
1614 2767 1657 2789 pro
1670 2767 1716 2789 quo
1729 2761 1808 2789 plures
1820 2762 1888 2784 codd.

1039 2806 1093 2822 cum
1111 2799 1147 2822 ed.
1171 2800 1175 2821 l
1197 2805 1320 2827 perperam
1338 2798 1385 2822 sive
1402 2798 1535 2822 directione.

1104 2838 1121 2853 1¹
1139 2838 1194 2861 Cod.
1214 2839 1219 2860 l
1237 2838 1356 2866 subiungit
1373 2837 1429 2867 quia
1445 2838 1514 2868 signa
1530 2844 1579 2861 71οη
1596 2844 1688 2868 semper
1704 2840 1761 2862 suut
1776 2845 1889 2869 cmpressa

1040 2879 1062 2900 et
1078 2878 1133 2900 suut
1150 2876 1268 2906 fallibilia,
1288 2876 1343 2906 quia
1360 2876 1469 2906 plurium
1486 2877 1555 2907 siyna
1571 2879 1634 2906 apta.
1652 2891 1683 2895 —
1707 2878 1751 2901 Csr.
1778 2880 1888 2907 August,

1040 2917 1063 2938 ll.
1082 2917 1178 2939 Retract.
1197 2922 1215 2938 c.
1234 2915 1270 2938 30.

1104 2955 1123 2969 Ν
1141 2955 1181 2977 ler.
1200 2955 1226 2983 3,
1245 2955 1265 2977 3.
1277 2967 1308 2971 —
1320 2955 1389 2978 Paulo
1415 2956 1522 2983 superius
1547 2958 1598 2983 post
1614 2956 1696 2984 peccat
1718 2955 1769 2978 cod.
1790 2957 1809 2979 V
1830 2956 1889 2978 hene

1041 2994 1133 3022 supplet
1149 2993 1242 3023 aliquis.

1731 3047 1759 3067 20
