2243 3425
190 979 280 997 ludicrum
293 979 316 997 de

202 1003 230 1021 his
246 1003 317 1026 opinio-

203 1026 262 1044 mliii-1.

220 1409 288 1433 Opinio
301 1409 318 1427 4.

221 1504 289 1527 Opinio
303 1504 319 1521 G.

221 1645 289 1668 Opinio
303 1646 313 1662 s

225 2020 323 2038 Conclusio

208 2208 279 2226 §olatio
292 2213 324 2231 op—

206 2234 313 2254 posilorum.

335 195 390 221 570

330 275 389 300 tem,
404 279 483 305 vero.
506 278 555 307 per
570 276 654 306 quam
670 268 817 296 ordinatur
832 267 867 295 ad
883 264 1115 294 abstrahendum
1121 275 1130 298 ‚·
1152 267 1179 293 et

330 319 367 347 ita
385 326 442 346 una
456 319 491 346 de
515 324 544 345 se
559 316 682 353 quodam
697 314 780 342 niodo
795 313 933 350 completa
946 312 953 324 ¹
977 316 1003 341 et
1021 311 1178 345 habilitata,

329 365 383 393 alia
405 372 470 393 vero
493 363 618 399 indigens
640 361 830 389 liabilitatione
851 363 879 388 et
903 359 1125 395 complemento;
1152 361 1179 386 et

330 420 394 441 cum
409 412 444 439 sit
458 413 522 439 nata
536 409 571 438 ad
586 408 657 437 illud
669 407 907 444 complementum
921 406 1018 435 venire
1039 405 1179 434 mediante

330 458 436 488 auxilio
457 456 582 494 corporis
604 458 631 484 et
651 454 840 491 corporalium
862 461 1011 487 sensuum,
1034 453 1104 481 inest
1126 452 1178 489 ipsi

330 506 451 538 animae,
474 503 629 532 secundum
651 502 726 539 quod
753 501 837 530 babet
858 500 985 529 inclinari
1008 499 1044 528 ad
1067 506 1177 536 corpus.

330 552 361 580 Et
382 559 417 580 ex
440 551 491 579 hoc
513 549 652 578 contrahit
673 548 813 585 duplicem
836 546 1066 584 possibilitatem:
1093 553 1178 574 unam

330 601 460 635 respectu
488 600 589 630 (tetus,
618 596 684 633 quia
712 603 768 623 non
789 598 831 623 est
853 601 963 630 semper
993 594 1019 621 in
1042 596 1106 621 actu
1128 600 1179 621 suo

330 648 444 681 propter
476 643 708 681 impedimentum
741 650 757 669 a
788 645 868 678 parte
889 640 1014 677 corporis
1022 651 1028 673 ;
1061 639 1179 668 alteram

330 694 460 729 respectu
484 690 748 728 phantasmatum,
769 697 786 717 a
806 688 911 725 quibus
939 687 1056 716 excitari
1080 686 1179 719 habet3

330 741 357 767 et
370 738 442 766 hanc
458 737 669 774 possibilitatem
691 744 746 764 non
761 735 845 764 habet
860 735 912 763 nisi
927 742 964 763 ex
986 733 1180 762 coniunctione

331 785 374 814 sui
391 793 455 813 cum
470 792 601 821 corpore,
616 783 746 821 quamvis
761 782 796 811 sit
810 781 934 819 potentia
949 781 983 809 de
999 783 1100 809 natura
1115 787 1180 814 sua,

331 841 386 869 qua
414 836 455 861 est
477 832 570 860 omnia
590 831 665 865 fieri,
687 838 759 867 quae
784 837 838 858 non
860 828 952 857 solum
973 831 1015 856 est
1037 828 1063 856 in
1086 827 1179 855 anima

330 880 490 913 coniuncta,
513 878 561 907 sed
583 878 666 907 etiam
688 877 716 905 in
738 877 831 905 anima
853 878 990 913 separata.

408 926 451 955 Sic
474 926 558 963 igitur
580 928 668 962 patet,
691 924 832 962 quomodo
853 931 890 952 ex
912 922 1009 951 multis
1030 921 1121 950 modis
1143 920 1181 949 di-

330 974 410 1004 cendi
432 973 543 1002 elicitur
564 972 679 1010 quidam
703 971 860 1000 intellectus
886 968 1079 999 differentiae²
1110 969 1181 997 inter

332 1021 504 1050 intellectum
531 1022 657 1056 agentem
682 1021 708 1047 et
736 1017 907 1055 possibilem.
932 1016 1001 1044 Cum
1031 1015 1104 1044 enim
1128 1015 1182 1043 sint

331 1072 452 1105 quatuor
484 1066 653 1104 principales
684 1065 759 1093 modi
801 1064 959 1101 assignandi
996 1062 1182 1091 differentiam

331 1116 402 1144 inter
429 1115 479 1143 lios
511 1113 685 1147 intellectus,
716 1116 743 1140 et
775 1111 892 1149 quilibet
924 1110 1122 1139 subdividatur
1154 1109 1181 1136 in

332 1163 417 1191 duos.
441 1162 511 1190 sicut
534 1161 560 1189 in
583 1159 780 1197 prosequendo
795 1161 982 1187 monstratum
1001 1161 1057 1191 est,
1080 1156 1182 1185 solum-

331 1209 414 1238 modo
436 1212 493 1237 trcs
509 1208 584 1236 modi
606 1207 682 1244 digni
704 1210 770 1235 sunt
784 1205 948 1243 approbari,
971 1212 1091 1242 quorum
1108 1211 1182 1232 unus

331 1257 366 1285 ab
387 1256 475 1284 altero
498 1263 553 1283 non
575 1254 729 1283 discordat.
752 1253 800 1282 sed
823 1260 897 1281 unus
918 1255 1011 1280 ortum
1042 1250 1125 1279 habet
1146 1257 1182 1278 ex

331 1303 427 1332 altero.
450 1303 521 1339 Quia
542 1301 616 1330 enim
645 1301 774 1329 diversae
796 1303 862 1328 sunt
883 1298 1057 1327 differentiae
1079 1297 1183 1326 intelle-

332 1354 406 1385 ctus,
429 1358 500 1387 quae
522 1350 572 1378 etsi
598 1347 768 1385 respiciant⁵²
793 1351 883 1375 totum
905 1345 1105 1383 compositum,
1127 1351 1184 1373 una

332 1401 425 1426 tamen
458 1396 546 1433 magis
568 1395 681 1432 respicit
712 1395 822 1423 animae
844 1393 1097 1430 complementum,
1129 1390 1184 1419 alia

334 1453 400 1474 vero
421 1443 575 1472 materiate
587 1442 786 1480 prinoipiunu
808 1441 873 1470 hinc
889 1444 942 1475 est,
964 1440 1040 1477 quod
1056 1447 1113 1467 una
1129 1445 1184 1466 non

334 1492 424 1521 solum
447 1494 521 1520 tenet
542 1490 678 1518 rationem
701 1489 856 1526 potentiae,
878 1489 964 1516 immo
985 1487 1069 1516 etiam
1090 1489 1184 1523 poten-

335 1539 392 1567 tiae
407 1537 585 1570 botaniatim
607 1536 694 1565 altera
716 1544 782 1564 vero
805 1538 879 1564 tenet
891 1543 967 1571 pure
987 1533 1120 1562 rationem
1135 1540 1184 1569 po-

335 1585 446 1614 tentiae.
464 1585 495 1613 Et
517 1584 581 1613 hinc
596 1586 650 1615 est„
673 1583 748 1620 quod
765 1590 821 1611 una
836 1582 939 1610 dicitur
961 1580 1110 1609 convenire
1128 1579 1185 1607 ani-

334 1641 396 1661 mae
417 1632 578 1660 secundum
593 1639 638 1664 se,
661 1630 749 1658 altera
771 1637 837 1658 vero
853 1629 880 1657 in
902 1627 1123 1665 comparatione
1144 1626 1185 1655 ιιι]

335 1687 442 1716 corpus
455 1702 462 1711 ,
485 1682 511 1707 et
532 1686 589 1706 una
611 1684 722 1714 semper
744 1676 826 1705 esse⁴
850 1676 881 1703 in
902 1679 981 1708 stetit,
1004 1674 1091 1703 altera
1117 1681 1184 1702 vero

335 1735 404 1759 nom
419 1734 473 1754 non
496 1725 561 1762 quia
576 1731 687 1761 semper
702 1723 794 1751 anima
810 1726 874 1751 actu
892 1722 1028 1758 intelligat
1043 1729 1092 1758 per
1108 1720 1185 1749 intel-

336 1774 438 1802 lectum
454 1775 591 1809 agentem,
606 1771 655 1800 sed
670 1772 744 1808 quia,
761 1770 832 1799 sicut
848 1770 943 1799 lumen
959 1768 1103 1806 corporale
1117 1775 1183 1797 sem-

335 1829 385 1858 per
402 1820 476 1848 lucet
497 1822 524 1848 et
545 1819 579 1847 de
601 1826 630 1847 se
650 1821 812 1855 promptum
838 1819 880 1846 est
894 1816 929 1845 ad
954 1815 1184 1847 illuminamlum,

336 1875 381 1897 res
396 1870 489 1895 autem
513 1865 706 1895 illuminabilis
721 1873 774 1892 non
798 1871 910 1901 semper
933 1863 1109 1891 illuminatur
1124 1870 1185 1899 pro-

335 1917 398 1952 pter
420 1913 533 1950 aliquod
556 1912 804 1949 impedimentumg
827 1911 866 1939 sic
888 1913 915 1939 et
936 1910 962 1938 in
984 1909 1126 1947 proposito
1148 1909 1186 1937 in-

336 1961 517 1998 telligendum
540 1962 590 1988 est.
603 1976 641 1979 -
656 1958 855 1987 Concedendae
876 1960 942 1986 sunt
956 1956 1041 1993 igitur
1064 1956 1185 1985 rationes

336 2009 528 2039 ostendentes.
552 2006 723 2035 intellectum
745 2008 872 2042 agentem
895 2008 922 2033 et
937 2003 1098 2041 possibilem
1114 2003 1185 2032 duas

336 2055 506 2085 differentias
528 2062 589 2083 esse
609 2053 794 2081 intellectivae
816 2051 968 2089 potentiae.
991 2051 1054 2079 licet
1075 2050 1185 2087 aliquae

336 2112 372 2132 ex
394 2103 434 2131 eis
456 2110 509 2130 non
532 2102 586 2130 sint
609 2101 730 2129 multum
752 2102 890 2136 cogentes.

418 2151 441 2177 l.
464 2149 502 2178 Ad
531 2148 601 2177 illud
634 2150 726 2176 autem
750 2146 825 2184 quod
847 2145 991 2177 obiicitur.
1023 2145 1097 2182 quod
1131 2152 1184 2173 non

337 2197 430 2226 differt
447 2204 532 2233 posse
553 2198 580 2224 et
601 2204 660 2223 esse
682 2194 707 2223 in
731 2193 894 2232 perpet11is3.
915 2192 1082 2226 dicendum,
1110 2192 1186 2229 quod

337 2245 389 2273 hoc
412 2244 575 2280 intelligitur
598 2243 632 2271 de
653 2250 712 2270 esse
734 2240 910 2270 substantiali
932 2244 959 2268 et
974 2240 1008 2268 de
1030 2239 1186 2268 differentia

336 2299 390 2319 non
413 2290 569 2319 secundum
591 2293 736 2323 naturam,
758 2288 806 2317 sed
829 2287 863 2316 de
878 2286 1009 2315 distantia
1030 2286 1185 2315 secundum

336 2341 463 2374 tempus,
485 2337 547 2374 quia
572 2337 599 2364 in
621 2336 661 2365 eis
682 2335 799 2363 materia
820 2338 947 2371 tempore
968 2342 1022 2362 non
1045 2333 1187 2371 praecedit

337 2387 446 2418 actmng
468 2387 495 2412 et
516 2384 578 2412 ideo
600 2383 670 2411 nihil
692 2382 756 2411 lacit
784 2382 819 2410 ad
842 2381 1033 2418 propositum,
1062 2381 1128 2417 quia
1150 2380 1187 2408 in—

337 2431 465 2460 tellectus
496 2430 635 2468 possibilis
667 2438 721 2458 non
749 2429 852 2458 dicitur
884 2428 1025 2465 possibilis
1058 2430 1187 2465 respectu

338 2486 396 2506 esse
418 2478 516 2514 primi,
538 2477 587 2506 sed
609 2480 687 2506 actus
709 2476 823 2505 secundi
838 2475 855 2502 ⁵.

418 2526 443 2552 Ω2.
476 2525 514 2553 Ad
546 2525 617 2554 illud
646 2524 720 2561 quod
750 2523 880 2552 obiicitur
909 2523 944 2551 de
974 2522 1187 2559 imaginatione,

339 2572 412 2609 quod
436 2580 488 2600 non
512 2572 604 2600 differt
626 2571 747 2608 potentia
762 2570 851 2599 activa
873 2573 899 2598 et
923 2569 1048 2606 passiva3
1070 2569 1122 2597 dici
1143 2577 1188 2605 po-

404 2716 408 2729 ¹
429 2715 500 2738 Codsl.
521 2717 536 2738 Z
554 2722 580 2738 cc
597 2720 619 2738 et
636 2716 672 2738 cd.
695 2717 700 2737 l
723 2717 758 2738 liic
776 2716 900 2738 subiiciunt
919 2716 970 2743 esst
989 2722 1041 2737 mox
1059 2719 1110 2744 post
1128 2721 1187 2738 com-

339 2754 455 2783 plumeum
474 2756 537 2777 multi
556 2756 622 2777 codd.
642 2762 695 2778 cum
714 2756 766 2778 cdd,
785 2757 813 2783 2,
833 2756 845 2777 3
865 2756 991 2783 incongruo
1009 2756 1116 2777 omittunt
1132 2756 1160 2777 et,

403 2793 413 2807 2
431 2794 480 2816 Vnt.
499 2801 551 2816 cum
570 2794 622 2817 edd.
650 2795 675 2822 2,
695 2795 720 2822 3,
740 2795 752 2816 lir
779 2794 908 2818 fllsciitnlm'
931 2793 1048 2824 quaedum
1069 2794 1139 2822 [edd.
1158 2795 1186 2822 2,

342 2833 367 2859 3,
387 2833 396 2854 4
417 2833 529 2862 qnidam]
548 2833 678 2856 intellectus
695 2833 847 2863 ‹lzfferenlmst

405 2871 413 2885 ³
432 2872 459 2893 lta
479 2872 570 2898 plurimi
589 2872 655 2894 codd.
675 2876 697 2894 et
714 2872 749 2894 cd.
773 2874 789 2897 1,
808 2873 858 2895 Vnt.
879 2872 1013 2901 respiciunt.

407 2909 414 2923 ⁴
432 2911 508 2932 Plures
526 2911 600 2938 codd„
619 2915 642 2933 ut
660 2912 718 2938 raia,
737 2918 789 2933 rum
808 2912 875 2939 odd..
894 2918 941 2934 exc.
964 2913 968 2933 1
984 2931 988 2939 ,
1007 2913 1046 2935 est.
1066 2912 1187 2940 Aliquanto

343 2949 436 2970 inferius
459 2955 500 2976 pro
518 2948 670 2972 illmnmntur
692 2951 741 2976 Yal.
764 2957 817 2972 runi
840 2950 956 2979 aliquibus
978 2950 1045 2973 codd.
1068 2949 1186 2973 illumina·

344 2985 413 3008 bitur.

1017 186 1272 216 sENTENTtARUM
1294 186 1352 214 Lm.
1376 186 1403 213 ll.

1236 267 1303 297 test,
1330 264 1404 301 quod
1436 264 1525 300 magis
1547 263 1640 292 dissert
1672 271 1755 300 quam
1787 263 1815 291 in
1841 263 2000 296 intellectu,
2022 264 2088 300 quia

1236 318 1373 347 organum
1389 309 1547 347 corporale,
1570 309 1597 337 in
1616 318 1671 346 quo
1687 309 1862 346 recipiuntur
1884 310 2087 346 phantasmata,

1236 360 1277 386 est
1298 357 1323 386 ei
1347 357 1406 386 loco
1428 357 1567 394 potentiae
1587 357 1742 394 passz'vae;
1765 357 1824 393 ipsa
1840 364 1907 385 vero
1929 357 1971 385 vis
1993 356 2087 393 imagi-

1235 404 1336 433 naria⁶
1358 407 1400 433 est
1421 404 1480 433 loco
1512 404 1651 441 potentiae
1672 404 1793 432 activae.
1820 420 1859 424 -—
1880 403 1965 432 Aliter
1996 407 2087 440 potest
2101 387 2228 431 Almsoiuzioi

1237 451 1307 486 dici,
1329 451 1404 488 quod
1427 460 1481 480 non
1503 455 1545 480 est
1566 451 1671 485 simile,
1693 451 1768 488 quia,
1790 458 1855 479 cum
1874 451 1980 487 species
2002 450 2088 479 deser-

1236 501 1283 526 tur
1298 506 1314 526 a
1336 506 1420 527 sensu
1435 505 1525 535 usque
1547 498 1583 526 ad
1597 497 1832 534 imaginationem,
1848 505 1902 525 non
1920 497 1980 526 exit
2001 505 2089 534 genus

1237 545 1447 579 abstractionis,
1470 553 1541 582 quae
1569 545 1684 582 quidem
1709 544 1762 573 fuit
1783 544 1810 572 in
1840 552 1924 573 sensu
1942 544 2090 581 particula·
2105 533 2233 577 Notandum}

1237 592 1277 626 ri3
1300 592 1349 620 sed
1364 600 1428 621 cum
1452 592 1558 629 species
1573 592 1702 629 pervenit
1723 591 1758 620 ad
1774 590 1961 626 intellectum,
1984 599 2088 620 novum

1238 647 1326 676 genus
1348 639 1543 668 abstractionis
1567 639 1604 667 ibi
1627 638 1750 675 exigitur
1782 642 1809 667 et
1834 638 1912 666 aliud
1940 646 2029 675 genus
2050 638 2090 666 lu-

1237 686 1327 715 minis.
1360 686 1423 715 ldeo
1452 687 1540 723 magis
1572 686 1677 722 indiget
1704 685 1827 723 potentia
1858 685 1966 718 activa,
1996 685 2090 714 distin-

1237 737 1281 763 cta
1295 742 1311 762 a
1332 734 1473 771 possibili,
1496 734 1555 770 ipse
1577 733 1734 762 intellectus
1756 740 1840 770 quam
1863 733 2024 769 imaginatio
2046 732 2090 761 vel

1239 788 1338 809 sensus
1352 780 1369 808 ⁷.

1318 827 1343 855 3.
1367 827 1406 856 Ad
1428 827 1499 855 illud
1514 826 1590 863 quod
1612 826 1742 855 obiicitur
1758 826 1792 855 de
1813 826 1894 855 oculo
1909 827 1978 861 cati,
2001 826 2091 855 dicen-

1239 874 1323 905 dum.
1356 874 1431 911 quod
1453 874 1503 903 etsi
1536 874 1658 911 potentia
1692 874 1833 910 receptiva
1864 876 1892 902 et
1922 873 2092 902 abstractiva

1239 922 1345 959 possint
1367 928 1537 950 concurrere
1558 921 1592 949 ad
1620 920 1705 949 unius
1730 920 1826 957 organi
1857 920 2090 957 completionem,

1239 976 1384 1006 nunquam
1405 972 1499 997 tamen
1515 971 1689 997 concurrunt
1711 968 1736 996 in
1753 967 1872 996 eandem
1894 967 1978 996 unius
1994 967 2091 1004 organi

1239 1015 1466 1052 dispositionem.
1482 1014 1539 1043 Alia
1561 1014 1635 1043 enim
1652 1017 1694 1043 est
1715 1014 1859 1051 dispositio
1879 1014 1905 1042 in
1928 1014 2009 1051 oculo
2024 1015 2090 1048 cati,

1239 1071 1290 1100 per
1311 1070 1396 1099 quam
1419 1062 1539 1099 recipit,
1561 1061 1666 1090 scilicet
1694 1061 1894 1098 perspicuitas,
1916 1065 1943 1090 et
1965 1061 2019 1090 alia
2040 1069 2091 1099 per

1240 1118 1324 1148 quam
1347 1109 1507 1143 abstrahit,
1531 1109 1635 1138 scilicet
1656 1108 1846 1143 luminositas,
1872 1112 1898 1137 et
1920 1108 2036 1138 alterius
2064 1112 2091 1138 et

1239 1157 1356 1185 alterius
1378 1160 1503 1185 naturae.
1526 1156 1568 1185 Sic
1590 1159 1617 1184 et
1640 1156 1667 1184 in
1689 1155 1812 1192 potentia
1834 1155 2020 1190 intellectiva3
2039 1155 2091 1184 etsi

1241 1207 1410 1233 concurrant
1431 1204 1466 1232 ad
1482 1203 1717 1240 complementum
1741 1205 1767 1231 et
1782 1202 1980 1239 perfectionem
1998 1206 2092 1239 poten-

1240 1251 1293 1279 tiae
1317 1251 1500 1279 intellectivae
1522 1251 1659 1287 potentia.
1682 1258 1732 1287 per
1754 1257 1838 1287 quam
1862 1250 1975 1287 recipit,
1998 1254 2025 1279 et
2046 1258 2091 1287 po-

1240 1299 1337 1332 tentia,
1354 1306 1403 1335 per
1419 1306 1502 1335 quam
1518 1297 1669 1331 abstraliit3
1692 1305 1746 1325 non
1769 1300 1834 1325 sunt
1848 1300 1940 1325 tamen
1963 1297 2089 1326 eiusdem

1241 1350 1358 1374 naturae
1384 1353 1434 1374 nec
1456 1353 1506 1382 per
1537 1345 1653 1373 eandem
1677 1348 1806 1373 naturam
1830 1344 1925 1372 insunt
1946 1344 2091 1378 aniniae⁸;

1241 1397 1268 1422 et
1290 1393 1351 1421 ideo
1373 1401 1427 1421 non
1449 1395 1513 1421 sunt
1536 1400 1589 1420 una
1618 1391 1775 1420 differentia
1804 1392 1957 1428 polentiae,
1983 1391 2031 1420 sed
2054 1391 2092 1420 di-

1244 1448 1347 1468 versae.

1321 1487 1346 1514 ίι.
1369 1486 1407 1515 Ad
1430 1486 1499 1515 illud
1519 1486 1595 1523 quod
1616 1486 1761 1514 obiicitur.
1784 1486 1859 1522 quod
1881 1485 2035 1522 intelligere
2051 1489 2092 1514 est

1242 1537 1320 1562 actus
1343 1541 1417 1562 unus
1438 1537 1465 1562 et
1486 1533 1620 1569 siinplex;
1642 1532 1808 1567 dicendum,
1831 1533 1905 1570 quod
1920 1533 1970 1562 etsi
1993 1532 2093 1561 intelli-

1240 1589 1308 1618 gere
1330 1581 1414 1617 possit
1443 1580 1565 1617 quodam
1588 1588 1689 1617 genere
1719 1580 1903 1617 simplicitatis
1931 1581 1984 1609 diei
2014 1583 2092 1609 actus

1243 1627 1380 1664 simplex.
1403 1627 1585 1655 nihilominus
1606 1630 1698 1656 tamen
1720 1627 1755 1655 ad
1785 1630 1913 1656 nostrum
1937 1627 2093 1665 intelligere

1243 1675 1385 1703 concurrit
1406 1675 1534 1711 recipere
1559 1678 1586 1703 et
1608 1674 1758 1708 iudicare,
1789 1675 1846 1703 sive
1868 1674 2039 1703 abstrahere
2066 1677 2093 1703 et

1242 1723 1404 1758 suscipere,-
1426 1725 1452 1750 et
1475 1722 1501 1749 hi
1525 1725 1591 1750 sunt
1612 1721 1708 1758 plures
1729 1725 1808 1751 actus
1830 1722 1864 1750 ad
1881 1722 1999 1751 invicem
2021 1722 2093 1750 ordi-

1243 1769 1312 1798 nati.
1335 1776 1370 1797 ex
1393 1769 1496 1806 quibus
1518 1769 1636 1797 resultat
1651 1777 1726 1798 unus
1749 1772 1828 1798 actus
1843 1769 1992 1806 perfectus
2007 1769 2050 1798 Sic
2065 1772 2092 1797 et

1243 1816 1270 1844 in
1292 1817 1422 1853 potentiis
1454 1816 1665 1853 intelligendum
1687 1820 1728 1845 est
1753 1824 1783 1845 se
1805 1816 1924 1847 habere.
1956 1816 2031 1854 quod
2053 1816 2091 1845 sic

1243 1867 1308 1891 sunt
1330 1863 1458 1892 diversae
1480 1862 1653 1891 differentiae
1676 1863 1832 1892 intellectus
1845 1863 1868 1894 ²¹,
1890 1866 1921 1892 ut
1950 1866 2042 1892 tamen
2064 1863 2092 1891 in

1245 1911 1303 1938 suis
1317 1910 1473 1939 actionibus
1495 1910 1530 1938 ad
1554 1910 1673 1938 invicem
1696 1910 1840 1939 ordinatae
1862 1911 1916 1939 sint
1934 1913 1961 1939 et
1981 1911 2093 1939 coniun-

1244 1961 1303 1986 ctae
1325 1958 1469 1986 adactum
1492 1957 1663 1994 intelligendi
1680 1957 1894 1994 perficiendum,
1917 1958 1988 1987 sicut
2010 1961 2093 1986 mate-

1244 2005 1312 2033 riale
1335 2008 1361 2033 et
1383 2004 1499 2033 formale
1521 2004 1689 2041 principium
1706 2005 1741 2033 ad
1764 2012 1852 2033 unum
1868 2013 1927 2033 esse
1947 2005 2092 2042 compositi

1244 2051 1479 2080 constituendum.

1325 2100 1348 2126 5.
1373 2099 1398 2126 6.
1421 2098 1460 2127 Ad
1482 2097 1551 2126 illud
1574 2098 1648 2135 quod
1674 2098 1817 2133 obiicitur,
1838 2099 1914 2135 quod
1937 2098 2092 2128 intellectus

1245 2145 1384 2182 possibilis
1406 2145 1547 2182 intelligit,
1569 2149 1596 2173 et
1617 2145 1775 2174 intellectus
1796 2154 1881 2182 agens
1903 2145 2031 2174 similiter
2052 2153 2093 2174 re-

1244 2193 1326 2229 cipit;
1348 2192 1515 2226 dicendum,
1537 2192 1611 2229 quod
1635 2192 1792 2221 intellectus
1814 2192 1953 2229 possibilis
1975 2200 2029 2221 non
2051 2195 2092 2221 est

1241 2248 1316 2276 puro
1328 2239 1482 2276 passivus,
1504 2239 1575 2267 sicut
1590 2247 1676 2276 supra
1691 2242 1834 2268 ostensum
1850 2243 1903 2273 est;
1919 2239 2002 2268 babet
2017 2239 2090 2268 enim

1244 2287 1394 2323 potentiam
1417 2294 1445 2315 se
1467 2286 1661 2320 convertendi3
1684 2294 1733 2315 nec
1756 2291 1847 2316 tamen
1866 2290 1908 2315 est
1929 2287 2000 2315 adeo
2023 2287 2092 2315 cteti-

1243 2342 1311 2365 τηις,
1334 2334 1406 2362 sicut
1426 2341 1526 2370 agens,
1549 2333 1614 2370 quia
1636 2342 1689 2362 non
1719 2337 1809 2371 potest
1830 2342 1881 2363 sua
1910 2334 2091 2363 conversione

1245 2389 1294 2409 nec
1325 2381 1445 2418 speciem
1477 2380 1656 2415 abstrahere,
1688 2389 1738 2410 nec
1760 2381 1795 2410 de
1827 2382 1917 2418 specie
1949 2381 2090 2415 iudicare,

1245 2428 1296 2456 nisi
1311 2427 1332 2440 ¹⁰
1355 2427 1494 2456 adiutorio
1516 2428 1603 2464 ipsius
1623 2428 1738 2464 agentis.
1762 2428 1893 2457 Similiter
1909 2436 1958 2457 nec
1974 2429 2032 2465 ipse
2054 2428 2091 2456 in-
2106 2429 2218 2448 mandum-

1244 2474 1372 2503 tellectus
1393 2482 1478 2510 agens
1499 2475 1688 2512 operationem
1709 2474 1878 2512 intelligendi
1902 2477 1991 2512 potest
2012 2475 2092 2512 perfi-

1245 2529 1320 2555 cere,
1341 2521 1393 2550 nisi
1408 2521 1545 2550 formetur
1560 2522 1633 2550 acies
1649 2521 1805 2550 intellectus
1820 2522 1959 2558 possibilis
1980 2522 2015 2550 ab
2031 2523 2090 2559 ipso

1246 2568 1427 2605 intelligibili,
1448 2576 1484 2597 ex
1500 2577 1555 2605 qua
1577 2569 1740 2597 formatione
1755 2572 1796 2597 est
1819 2569 1845 2597 in
1861 2569 1978 2605 pleniori
1999 2574 2091 2598 actua-

1308 2715 1317 2729 5
1334 2714 1378 2737 Cl'r.
1397 2720 1467 2742 supra
1486 2719 1538 2741 pag.
1557 2713 1601 2740 63,
1621 2716 1672 2735 nota
1691 2714 1712 2735 2.

1307 2755 1316 2769 ⁶
1333 2754 1388 2777 Cod.
1408 2760 1433 2776 cc
1450 2757 1471 2776 et
1488 2753 1524 2776 ed.
1544 2754 1551 2774 'l
1574 2752 1736 2782 ίυιαῃίηαῐὶυα.

1307 2794 1317 2808 7
1335 2793 1379 2816 Cir.
1398 2793 1487 2815 Aristot.
1499 2811 1504 2820 ,
1523 2792 1545 2814 ll.
1563 2791 1591 2814 de
1609 2792 1705 2820 Anima,
1724 2794 1774 2814 text.
1800 2792 1851 2814 121.
1879 2792 1912 2817 (c.
1932 2793 1983 2821 4⁶2.)
2011 2795 2032 2814 et
2058 2792 2088 2814 ΙΙΙ.

1245 2836 1298 2855 text.
1317 2833 1353 2854 38.
1373 2832 1406 2859 (c.
1426 2832 1461 2859 8.)
1479 2838 1527 2860 seq.

1307 2870 1316 2885 S
1334 2870 1378 2893 Cl'r.
1396 2877 1467 2899 supra
1485 2871 1506 2893 d.
1527 2870 1562 2892 i7.
1580 2877 1600 2892 n.
1623 2871 1639 2892 1.
1658 2877 1680 2899 q.
1699 2871 1720 2892 ἱ).

1306 2910 1316 2924 0
1333 2910 1383 2932 Vnt.
1401 2916 1454 2932 cum
1480 2909 1532 2932 edd.
1552 2910 1580 2937 3,
1599 2909 1611 2931 li
1637 2909 1701 2940 qnod
1717 2910 1760 2933 etsi
1780 2910 1827 2933 sin!
1851 2909 1957 2933 dtrrrscn‘
1983 2909 2090 2939 differen-

1244 2949 1289 2972 tiae
1307 2949 1452 2977 intellectus,
1472 2950 1599 2972 ultumam„
1618 2949 1743 2972 ordinatae
1760 2951 1818 2972 sunt
1834 2953 1875 2971 etc.

1308 2988 1326 3003 ¹⁰
1343 2988 1398 3011 Cod.
1416 2995 1442 3010 aa
1459 2988 1515 3011 sine.

2109 1725 2219 1743 Notandum.
2241 1732 2242 1754 j
