2243 3425
20 2094 47 2112 Ad
58 2095 131 2119 opposi-

744 208 826 236 DtST.
850 208 948 236 xxxa.
971 208 1043 236 ART.
1066 208 1105 236 Ill.
1129 208 1264 244 QUAEST.
1288 209 1315 236 ll.

150 287 297 323 virginali.
320 287 442 323 capitulo
465 287 598 323 vigesimo
627 286 745 323 septimo
766 287 793 314 ¹:
822 298 835 311 «
857 286 998 321 Originale

150 337 294 371 peccatum
320 333 396 361 aliud
423 333 577 369 intelligere
603 341 711 369 nequeo
733 333 758 360 iu
782 333 919 369 parvulis,
947 333 997 361 nisi

150 381 237 418 ipsam
267 380 366 409 factam
397 388 446 417 per
470 380 685 408 inobedientiam
708 379 780 407 Adae
804 380 934 408 iustitiae
956 380 999 408 ‹le-

150 428 224 455 bitcte
246 427 422 460 nudilctccnz,
453 435 502 464 per
524 435 607 464 quam
631 434 727 454 omnes
753 430 818 454 suut
841 426 898 463 fita·
920 427 997 460 irae,

149 475 278 512 quoniam
302 478 329 503 et
354 478 483 502 naturam
506 478 619 502 accusat
644 477 796 510 spontanea
821 482 904 510 quam
935 474 999 502 fecit

149 522 269 551 iustitiae
298 521 432 555 desertio;
460 528 511 549 nec
532 528 666 557 personas
691 524 808 548 excusat
836 520 998 557 impotentia

149 569 349 606 recuperandi.
378 576 462 605 quam
485 567 634 596 comitatur
664 567 843 596 beatitudinis
873 568 997 602 ntulitas,

148 620 191 650 ut,
207 616 279 644 sicut
300 619 365 644 sunt
381 615 439 643 sine
460 615 535 642 <unni
552 614 672 643 iustitiae
694 614 875 649 rectitudine,
891 615 928 643 ita
943 615 998 644 sint

147 664 253 700 absque
274 662 348 690 omni
373 662 542 690 beatitinline
558 673 584 689 ».

228 710 252 738 3.
276 710 312 738 :td
337 709 406 737 illud
429 716 495 736 vero
517 708 591 745 quod
617 708 756 740 obiicitur.
778 708 852 745 quod
876 717 929 736 non
955 712 998 738 est

147 757 249 794 aliquis
271 755 429 784 laudandus
452 755 495 783 vel
518 755 721 791 vituperandus
745 763 795 791 pro
816 762 849 783 eo
871 756 945 792 quod
972 756 996 784 ei

149 804 313 832 naturaliter
334 803 417 836 inest3
440 802 603 836 dicendum,
626 802 699 839 quod
723 802 744 830 si
768 802 940 839 intelligatur
962 803 996 832 de

146 855 260 880 uectura
282 851 431 883 ius-tituta,
454 858 503 878 nec
525 854 566 878 est
588 850 747 878 laudandus
768 858 817 878 nec
838 850 997 886 vituperan-

147 899 213 931 dus.
235 906 285 927 nec
306 898 381 935 apud
404 898 491 926 Deum
515 905 565 926 nec
587 897 660 933 apud
684 897 824 931 homines,
850 898 915 934 quia
938 898 996 934 ipse

147 946 221 975 Deus
236 950 365 974 naturam
389 944 507 973 instituit
524 952 572 973 nec
595 944 678 972 (lebet
693 944 808 981 culpare
830 945 903 981 quod
924 945 996 974 fecit.

147 994 173 1022 Si
195 1001 262 1021 vero
283 992 455 1028 intelligatur
476 992 510 1020 de
532 999 564 1020 eo
580 992 653 1028 quod
678 992 843 1020 naturaliter
867 992 935 1021 inest
958 1001 997 1022 se-

146 1041 270 1069 cundum
293 1044 403 1068 statum
418 1043 547 1067 naturae
570 1039 684 1075 lapsam
700 1039 738 1068 sic
761 1039 834 1073 dico.
851 1040 925 1076 quod
943 1049 995 1069 non

146 1092 187 1117 est
210 1089 292 1116 homo
320 1087 394 1124 apud
425 1086 554 1115 homines
582 1086 799 1123 vituperandus.
829 1087 901 1115 sicut
930 1087 996 1116 dicit

146 1134 305 1168 Anselmus,
328 1138 354 1162 et
376 1133 504 1162 habitum
529 1137 571 1161 est
592 1133 619 1161 in
645 1133 837 1170 responsione,
860 1134 926 1170 quia
951 1134 996 1162 ho-

146 1182 234 1210 miues
257 1185 392 1219 quantum
409 1181 443 1209 ad
466 1180 532 1208 talia
548 1188 629 1217 pares
651 1184 728 1214 sunt:
745 1188 794 1209 nec
813 1181 896 1209 debet
912 1181 996 1210 homo

145 1229 220 1266 quod
236 1237 290 1257 nou
306 1228 382 1257 dedit
397 1228 432 1257 ab
448 1228 560 1256 homine
575 1228 698 1264 exigere.
714 1228 793 1265 Apud
811 1236 876 1256 vero
893 1228 995 1262 Demu,

1846 214 1899 240 771

1056 287 1102 324 qui
1126 287 1206 315 aliter
1232 291 1360 315 naturam
1385 287 1517 319 instituit.
1538 288 1741 325 vituperandus
1763 294 1816 324 est,
1839 291 1903 327 quia

1058 334 1083 361 in
1106 342 1135 362 se
1158 342 1209 362 non
1241 334 1325 362 habet
1346 335 1420 372 quod
1444 335 1517 364 Deus
1540 336 1611 365 iuste
1639 337 1674 365 ab
1698 338 1756 374 ipso
1785 338 1903 375 exigit‘2.

1057 381 1126 409 lllud
1150 381 1234 415 igitur
1251 381 1367 409 verbnm
1385 382 1556 419 Philosophi.
1572 384 1645 420 quod
1663 385 1741 419 dicit,
1763 386 1835 422 quod
1854 394 1904 422 pro

1056 429 1232 457 naturalibus
1254 437 1305 457 nec
1327 429 1477 458 laudantur
1496 438 1545 459 nec
1568 431 1778 468 vituperamur,
1800 437 1848 461 aut
1863 438 1905 463 est

1057 476 1266 512 intelligendum
1294 477 1328 505 de
1354 478 1529 507 naturalibus
1554 483 1689 515 quantum
1716 481 1749 509 ad
1776 486 1905 510 *naturae

1056 522 1281 556 iustitutionem,
1303 527 1351 551 aut
1373 524 1394 552 si
1414 524 1448 552 de
1470 524 1531 553 aliis
1548 525 1731 562 intelligatur.
1754 528 1806 556 hoc
1828 529 1905 557 iutel-

1056 569 1151 605 ligitur
1172 573 1308 606 quantum
1331 571 1366 599 ad
1389 571 1531 599 iudicium
1549 571 1727 608 lnimctmtm,
1750 583 1803 603 non
1820 584 1905 613 quau-

1056 619 1114 643 tum
1136 616 1171 643 ad
1195 616 1328 644 iudicium
1351 617 1487 646 divinum.

1134 663 1160 690 lt.
1184 662 1221 691 Ad
1238 663 1307 691 illud
1331 664 1404 700 quod
1425 665 1523 693 ultimo
1545 666 1684 701 obiicitur,
1700 669 1773 705 quod
1790 670 1904 705 pronior

1054 713 1096 737 est
1123 709 1198 738 Deus
1219 710 1255 738 ad
1284 710 1475 739 miserendum
1505 720 1587 748 quain
1611 714 1710 746 1111111ος
1739 715 1902 752 dicendum,

1055 757 1129 794 quod
1153 764 1251 785 verum
1268 761 1321 790 est.
1344 766 1394 794 pro
1410 766 1442 786 eo
1460 759 1534 795 quod
1551 760 1661 796 plenam
1683 762 1902 793 inisericordiam

1055 807 1177 840 praestat
1198 803 1222 832 ei
1245 804 1290 832 cui
1316 804 1366 832 sibi
1390 805 1524 841 placuerit
1553 807 1695 841 misereri;
1722 809 1904 840 nihilominus

1056 854 1145 879 tamen
1169 850 1374 879 districtissime
1396 851 1511 885 iudicat.
1534 853 1606 882 sicut
1627 863 1662 882 ex
1683 855 1729 883 illo
1752 857 1837 885 verbo
1853 858 1905 886 col-

1056 897 1151 933 ligitur
1185 897 1211 925 in
1245 897 1373 926 Matthaei
1403 899 1613 928 duodeciqu
1644 901 1684 929 De
1711 903 1792 930 amm·
1821 904 1904 933 uerbo

1055 944 1144 972 otioso
1173 944 1293 973 reddent
1321 943 1450 973 homines
1481 947 1627 975 rationem
1658 948 1687 976 in
1716 949 1762 978 [lie
1791 951 1904 980 iudicii.

1056 991 1132 1020 Unde
1155 991 1242 1020 multa
1264 995 1329 1020 sunt
1350 996 1478 1029 peccata,
1501 1002 1573 1031 quae
1594 996 1669 1032 apud
1692 996 1819 1026 homines
1842 999 1905 1028 tole-

1055 1042 1154 1067 rantur
1176 1042 1202 1067 et
1223 1047 1276 1067 non
1300 1040 1469 1076 puniuntur.
1491 1044 1587 1078 utpote
1610 1046 1675 1071 sunt
1701 1044 1856 1080 spiritualia
1878 1051 1906 1075 et

1054 1086 1199 1118 interiora.
1223 1086 1257 1114 de
1276 1087 1378 1123 quihus
1400 1088 1538 1124 oportebit
1555 1089 1581 1117 in
1604 1089 1648 1118 die
1664 1090 1757 1119 iudicii
1780 1100 1830 1120 uos
1845 1093 1906 1121 red-

1055 1134 1121 1162 dere
1144 1135 1288 1162 rationem.
1312 1135 1500 1164 Misericordia
1521 1136 1595 1164 enim
1611 1137 1683 1165 viam
1707 1138 1827 1167 iustitiae
1850 1148 1904 1168 non

1054 1181 1220 1218 praecludit.

892 1318 1153 1354 SCHOLION.

208 1410 221 1431 1.
241 1409 303 1431 Duae
322 1410 390 1431 huius
407 1409 494 1431 articuli
512 1410 659 1438 quaestiones
676 1410 754 1431 intime.
778 1410 908 1432 cohaerent.
933 1410 954 1432 ln
977 1410 994 1432 l.

144 1452 232 1478 quaest.
250 1453 371 1477 peccatum
398 1449 509 1476 originale
535 1448 693 1470 consideratur
714 1448 758 1471 sub
784 1450 870 1471 ratione
892 1448 991 1478 cnlpae,

144 1495 203 1518 quae
220 1495 232 1510 a
251 1489 325 1516 capite
342 1494 383 1509 seu
400 1488 475 1515 stipite
494 1488 585 1514 generis
604 1488 697 1509 humani
723 1494 764 1515 per
790 1488 899 1509 moralem
925 1494 994 1516 quan-

144 1528 197 1551 dam
216 1528 390 1555 imputationem
409 1527 488 1549 transit
506 1527 527 1548 in
545 1527 633 1548 animas
651 1530 804 1554 posterorum.
824 1528 845 1549 ln
865 1528 885 1549 2.
904 1532 993 1556 quaest.

143 1573 200 1589 vero
218 1568 294 1594 agitur
311 1566 339 1588 de
358 1567 407 1591 hoe,
426 1566 488 1594 quod
503 1565 562 1587 Deus
575 1572 627 1587 rum
640 1566 720 1588 insecta
733 1572 801 1587 carne
815 1567 877 1587 uniat
893 1567 993 1588 animam

144 1607 173 1629 ab
191 1608 242 1635 ipso
268 1610 375 1628 creatam.
403 1606 506 1633 Exceptis
530 1605 595 1627 Petro
617 1612 628 1627 a
648 1605 701 1627 Tar.
719 1608 740 1627 ct
759 1605 872 1627 hienardo
890 1612 901 1627 a
920 1606 993 1633 Med„

144 1647 179 1669 alii
197 1646 372 1669 Commentores
390 1652 433 1667 una
447 1646 581 1674 quaestione
593 1645 794 1673 comprehendunt
806 1648 931 1674 utrumqne
944 1652 994 1674 pro-

1053 1409 1140 1438 blema,
1162 1413 1282 1433 tractantes
1300 1411 1335 1433 vel
1354 1412 1456 1439 primum
1475 1412 1510 1440 (ut
1527 1413 1549 1435 S.
1568 1413 1650 1435 Tuom.
1669 1417 1691 1436 et
1709 1415 1846 1444 Richardus)
1867 1417 1903 1438 vel

1052 1450 1189 1471 secundum.
1209 1450 1346 1479 Plerumque
1365 1454 1440 1473 autem
1460 1451 1528 1473 iidem
1548 1456 1634 1475 tantum
1648 1460 1719 1475 unum
1732 1454 1858 1477 alterumve
1871 1462 1904 1478 ar-

1052 1492 1188 1516 gumentum
1208 1492 1297 1517 ponunt
1314 1496 1339 1512 cx
1358 1490 1465 1518 pluribus
1482 1497 1493 1512 a
1513 1495 1590 1513 nostro
1608 1492 1705 1514 Doctore
1723 1493 1801 1515 allatis.

1116 1529 1140 1550 ll.
1160 1529 1222 1550 Alex.
1241 1529 1301 1557 Hal.y
1326 1530 1347 1551 S.
1366 1536 1388 1557 p.
1408 1530 1429 1552 ll.
1448 1537 1470 1559 (1.
1499 1531 1546 1552 106.
1566 1537 1595 1553 m.
1620 1531 1640 1553 4.
1659 1533 1681 1553 111
1704 1533 1770 1555 solut.
1794 1533 1904 1557 obiector,

1051 1580 1081 1584 -—
1099 1568 1121 1589 S.
1140 1568 1238 1595 Thom.,
1259 1569 1295 1590 hic
1313 1575 1335 1597 (1.
1354 1570 1374 1590 2.
1393 1575 1412 1591 a.
1431 1570 1451 1591 2.
1469 1581 1501 1586 —
1522 1570 1580 1592 I‘etr.
1598 1577 1610 1592 a
1629 1571 1681 1593 Tar.
1693 1590 1698 1599 ‚
1717 1572 1753 1594 hic
1771 1578 1791 1600 11.
1812 1573 1832 1594 2.
1849 1579 1868 1594 a.
1883 1574 1903 1595 rl.

1052 1608 1072 1628 2.
1092 1607 1112 1628 3.
1127 1619 1156 1622 -
1170 1607 1277 1629 lticllard.
1295 1614 1306 1629 a
1326 1608 1398 1635 Med,
1417 1609 1453 1630 liic
1471 1615 1491 1630 a.
1510 1609 1530 1631 3.
1550 1616 1571 1638 q.
1595 1611 1616 1635 1,
1635 1617 1654 1632 a.
1674 1610 1694 1632 li.
1713 1618 1735 1639 q.
1754 1612 1774 1633 2.
1786 1623 1817 1627 —
1830 1612 1904 1640 AEgid.

1051 1646 1077 1668 R.
1089 1665 1094 1674 ,
1113 1647 1149 1668 hic
1167 1653 1189 1675 q.
1208 1648 1228 1668 2.
1248 1653 1267 1669 a.
1286 1648 1306 1669 2.
1324 1659 1355 1663 ·—
1374 1648 1464 1675 Dionys.
1484 1648 1571 1675 Carth.v
1590 1650 1627 1671 hic
1645 1656 1666 1678 (1.
1686 1649 1706 1672 4.

915 1721 1077 1761 qusssTto
1100 1725 1127 1753 11.

488 1812 591 1840 Utrum
615 1812 712 1840 deceat
734 1811 867 1839 divz'nam
890 1811 1036 1840 iusticiam
1058 1813 1192 1840 (intimam
1215 1813 1269 1841 lctlz‘
1289 1814 1376 1841 carni
1399 1812 1562 1851 infundere.

221 1900 348 1929 Secundo
370 1899 525 1937 quaeritur.
541 1904 636 1928 utrum
660 1899 756 1928 deceat
772 1899 895 1927 divinam
920 1899 994 1928 iusti-

142 1947 208 1975 tiam
231 1947 353 1975 auimam
377 1947 422 1975 tali
446 1947 521 1975 carni
545 1947 701 1975 infundere.
726 1946 755 1974 tit
777 1946 850 1983 quod
874 1955 940 1980 non.
958 1946 994 1974 vi-

142 1994 234 2022 detur.

224 2042 247 2069 t.
270 2041 327 2069 Non
349 2045 391 2070 est
413 2049 479 2070 vere
505 2041 635 2070 innocens
665 2041 711 2078 qui
734 2045 825 2078 potest
840 2041 925 2069 alium
949 2049 993 2070 re-

143 2088 237 2117 levare
258 2097 274 2117 a
296 2089 391 2125 culpa.
414 2093 441 2117 et
466 2097 519 2116 non
543 2088 662 2117 relevat:
691 2097 757 2125 ergo
780 2089 868 2117 multo
894 2089 994 2117 fortius

142 2145 196 2165 non
219 2140 260 2165 est
278 2145 344 2165 vere
366 2137 497 2165 innocens
517 2136 563 2173 qui
587 2140 676 2173 potest
701 2136 787 2165 alium
811 2144 993 2173 praeservare

142 2192 158 2212 a
180 2184 274 2220 culpa.
297 2187 324 2213 et
343 2192 397 2212 non
420 2187 591 2221 praeservat.
614 2184 666 2212 Sed
689 2183 803 2212 Creator
825 2186 918 2221 posset
938 2184 994 2212 ani-

143 2238 231 2261 mam.
253 2238 337 2268 quam
361 2234 449 2263 creat.
470 2238 486 2258 a
507 2230 589 2267 culpa
613 2238 807 2267 praeservare,
823 2230 844 2258 si
868 2238 928 2259 eam
945 2231 991 2259 tali

142 2278 251 2314 corpori
274 2286 328 2306 non
351 2277 524 2306 infunderet:
548 2285 614 2314 ergo
637 2277 761 2309 videtur,
781 2277 855 2313 quod
879 2285 939 2305 eam
957 2277 994 2305 in-

142 2325 284 2354 fundendo
307 2325 353 2353 tali
377 2325 485 2362 corpori
506 2325 587 2353 faciat
609 2325 701 2353 minus
723 2324 803 2353 iuste.

221 2374 246 2401 ἱ).
269 2373 349 2407 item,
366 2373 439 2401 idem
461 2376 502 2401 est
517 2372 608 2400 facere
630 2371 736 2408 aliquid
753 2372 778 2399 in
802 2379 843 2405 se,
861 2374 887 2399 et
902 2372 993 2400 facere

141 2419 260 2457 aliquid.
282 2428 338 2457 quo
360 2420 430 2448 facto
447 2427 557 2448 necesse
579 2422 621 2448 est
643 2419 710 2447 illud
727 2419 796 2447 fieri.
821 2418 896 2447 Unde
920 2418 991 2446 idem

142 2470 183 2495 est
205 2467 345 2495 hominem
371 2466 539 2497 interficere.
562 2470 588 2495 et
610 2467 713 2499 facere,
734 2474 790 2502 quo
812 2465 883 2493 facto
910 2465 993 2493 homo

142 2514 299 2542 necessario
322 2515 471 2547 moriana:
493 2517 520 2542 et
542 2515 588 2551 qui
612 2514 702 2550 aperit
724 2513 872 2541 fenestram
890 2512 993 2540 dicitur

142 2560 257 2588 domum
280 2561 453 2593 illuminare,
479 2569 530 2597 pro
552 2569 584 2589 eo
605 2560 679 2597 qtmd
708 2559 771 2587 facit
792 2558 911 2594 aliquid,
937 2565 993 2594 11110

142 2607 213 2635 facto
228 2608 329 2637 domus
352 2608 537 2636 illuminatur.
553 2608 605 2636 Sed
622 2608 715 2635 anima
731 2607 822 2635 infusa
838 2605 993 2633 maculatae

1052 1900 1138 1930 carni.
1151 1908 1263 1929 necesse
1279 1905 1328 1935 est,
1341 1909 1401 1930 eam
1413 1903 1422 1914 ⁴
1436 1901 1506 1930 effici
1524 1903 1719 1939 peccatricem:
1734 1904 1818 1941 igitur
1831 1905 1903 1933 idem

1052 1951 1093 1976 est
1115 1948 1237 1976 animam
1255 1949 1437 1985 peccatricem
1460 1949 1563 1981 facere.
1580 1954 1606 1979 et
1621 1952 1742 1980 animam
1763 1952 1808 1980 tali
1826 1953 1902 1981 carni

1053 1994 1216 2029 infundere3
1239 1995 1287 2023 sed
1311 1996 1388 2024 nullo
1415 1997 1497 2025 modo
1519 1997 1598 2026 decet
1624 1998 1746 2026 divinam
1771 2000 1902 2028 iustitiam

1051 2042 1173 2071 animam
1197 2044 1380 2080 peccatricem
1403 2044 1508 2073 facere:
1531 2053 1598 2082 ergo
1620 2046 1697 2074 nullo
1720 2047 1801 2075 modo
1824 2047 1903 2075 decet

1052 2097 1113 2117 eam
1136 2089 1292 2118 infundere.

1132 2136 1157 2164 3.
1181 2136 1263 2169 [tem.
1291 2137 1384 2166 minus
1414 2138 1518 2166 malum
1546 2142 1587 2167 est
1609 2139 1692 2176 affligi
1723 2143 1904 2176 quantacum-

1051 2191 1105 2220 que
1128 2192 1216 2220 poeua
1232 2184 1392 2221 temporali,
1414 2193 1497 2221 quani
1523 2185 1656 2213 maculari
1673 2186 1755 2222 culpa
1779 2187 1901 2220 mortalig

1052 2231 1100 2259 sed
1123 2230 1200 2258 nullo
1223 2231 1305 2258 modo
1327 2231 1438 2259 deceret
1460 2231 1583 2260 divinam
1612 2232 1757 2267 iustitiam,
1779 2233 1900 2261 animam

1052 2277 1077 2305 in
1095 2285 1162 2305 suae
1184 2277 1331 2305 creationis
1347 2278 1514 2314 priinordiO,
1530 2282 1678 2315 antequam
1702 2280 1830 2308 uniretur
1845 2288 1902 2308 cor-

1052 2324 1125 2361 pori,
1148 2324 1174 2351 in
1198 2332 1314 2360 poenam
1338 2324 1502 2360 demergere
1525 2325 1701 2359 inl'crnalein3
1724 2326 1809 2354 immo
1832 2327 1902 2355 dice-

1052 2374 1130 2398 retur
1146 2370 1197 2406 ipsi
1220 2370 1329 2398 animae
1344 2370 1435 2398 facere
1458 2370 1601 2405 iniuriam,
1619 2380 1703 2408 quam
1727 2372 1899 2401 innocentem

1051 2417 1235 2445 11111111111111515
1254 2425 1278 2444 111
1296 2425 1396 2453 poena:
1412 2426 1478 2454 ergo
1494 2418 1582 2446 multo
1598 2418 1697 2447 fortius
1715 2420 1845 2448 indecens
1860 2425 1902 2449 est

1051 2464 1161 2492 divinae
1178 2464 1310 2497 iustiliae,
1333 2467 1360 2492 et
1375 2464 1476 2492 iniuria
1496 2465 1607 2493 videtur
1630 2465 1687 2494 lieri
1706 2466 1756 2503 ipsi
1779 2468 1901 2499 animae.

1051 2511 1071 2539 si
1089 2511 1267 2547 coniungitur
1283 2511 1359 2538 carui
1377 2511 1540 2546 maculatae,
1563 2520 1599 2540 ex
1615 2521 1670 2550 qna
1692 2515 1830 2542 contrahit
1847 2523 1901 2542 ma-

1051 2557 1142 2586 culam
1166 2556 1319 2594 originalis.

1130 2604 1156 2632 lt.
1180 2604 1258 2638 [tem⁷
1281 2605 1330 2633 etsi
1354 2613 1418 2633 caro
1438 2609 1614 2642 posterorum
1637 2607 1731 2644 aliquo
1749 2608 1830 2636 modo
1845 2609 1901 2637 fue-

205 2740 211 2755 ¹
231 2741 317 2763 Textus
335 2742 453 2768 originalis
471 2742 503 2762 sic
520 2744 599 2762 sonat:
626 2740 675 2763 Hoc
692 2743 826 2768 peccatum,
844 2738 908 2768 quod
924 2739 994 2767 origi-

142 2780 191 2801 nale
209 2779 276 2807 clico,
301 2780 363 2801 aliud
390 2780 515 2807 intelligere
534 2785 623 2807 nequeo
642 2779 662 2800 in
681 2778 767 2801 eisdem
785 2777 931 2806 insontibus,
951 2778 992 2799 11151

141 2820 216 2847 ipsam
228 2837 233 2847 ‚
251 2825 324 2848 quum
341 2825 417 2847 supra
433 2818 517 2847 positi,
538 2819 643 2840 factam...
662 2824 731 2846 quam
746 2817 797 2839 fes-it
809 2817 831 2839 in
845 2816 921 2839 Adam
934 2818 994 2839 iusti-

143 2859 186 2880 tiae
204 2857 311 2879 desertio,
327 2857 371 2879 Nes·
385 2863 495 2885 personas
513 2861 617 2883 excusat,
632 2858 658 2879 ut
668 2856 758 2879 rlz'cltmt
775 2857 821 2883 cst,
841 2856 993 2883 recuperandi

141 2898 290 2924 impotentiay
309 2902 379 2925 quam
402 2897 524 2918 comitatur
547 2896 695 2918 beatitudinis
721 2901 813 2924 qimqne
831 2894 934 2921 nuditas,
954 2898 993 2921 111,

141 2937 200 2958 sicut
217 2940 270 2958 sunt
288 2937 336 2958 sine
355 2936 418 2957 omni
437 2935 541 2962 institia,
563 2936 590 2957 ita
609 2936 653 2957 sint
670 2938 714 2957 etc.

204 2975 213 2989 ²
230 2974 274 2997 Cl'r.
293 2976 401 3002 August..
420 2975 434 2996 1.
454 2975 550 2996 Retract.
564 2980 583 2996 c.
600 2974 632 2996 15.
652 2980 672 2996 11.
691 2974 711 2996 6.
729 2980 777 3002 seq.
795 2986 825 2990 —-
837 2973 926 2995 Dictum
946 2974 995 2995 l'lii-

142 3013 230 3041 losophi
249 3014 293 3035 iam
312 3019 380 3041 supra
400 3014 531 3035 notavimus
548 3019 601 3040 pag.
623 3013 679 3039 113,
698 3015 749 3034 nota
769 3013 789 3034 R.

1113 2738 1122 2752 3
1141 2738 1205 2760 Vers.
1225 2738 1269 2760 36:
1296 2738 1350 2760 Dico
1375 2741 1451 2760 autem
1477 2738 1556 2766 vobis,
1584 2740 1692 2767 qnoniam
1715 2746 1783 2762 omne
1801 2741 1899 2763 verbum

1051 2778 1162 2802 0110511111,
1182 2777 1244 2805 quod
1263 2777 1330 2799 locuti
1348 2778 1431 2799 suerint
1449 2779 1564 2806 homines,
1584 2778 1680 2801 reddent
1698 2780 1807 2801 rationem
1827 2780 1855 2802 de
1873 2787 1899 2802 eo

1051 2817 1073 2838 in
1092 2816 1127 2838 die
1146 2816 1229 2838 iudicii

1115 2855 1123 2868 ⁴
1142 2855 1210 2876 Paulo
1223 2858 1274 2877 ante
1293 2855 1384 2883 plurimi
1403 2855 1469 2877 codd.
1489 2859 1509 2878 et
1522 2856 1574 2878 edd.
1598 2857 1614 2884 l⁷
1634 2858 1653 2883 2,
1673 2857 1693 2883 3,
1712 2857 1725 2879 lt
1742 2857 1850 2880 animum
1867 2858 1899 2881 in-

1050 2894 1129 2923 fusum
1150 2900 1192 2921 pro
1210 2894 1290 2917 [tusum
1310 2894 1403 2923 infusa,
1422 2900 1496 2917 tamen
1516 2896 1642 2924 incongrue
1661 2897 1756 2919 n-ttnent
1774 2903 1824 2919 erim
1836 2916 1842 2925 ,
1862 2904 1900 2919 ex-

1052 2934 1123 2960 ceptis
1141 2933 1191 2955 cod.
1210 2939 1235 2955 cc
1253 2936 1274 2954 et
1291 2933 1326 2955 edv
1350 2934 1366 2960 l,
1385 2937 1444 2955 recte
1462 2935 1483 2955 in
1500 2941 1539 2955 sua
1559 2935 1653 2956 lectione
1666 2936 1822 2957 on‘iittentibus
1839 2942 1898 2958 eum.

1114 2972 1124 2987 ⁵
1143 2973 1190 2994 Vat.
1210 2978 1262 2994 cum
1281 2973 1317 2995 cd.
1336 2973 1349 2995 3
1374 2975 1477 2996 tiffltttrct.
1500 2973 1571 2996 Codd.
1589 2974 1622 2995 ΑΙ
1641 2974 1716 3003 quod,
1742 2975 1792 2997 cod.
1811 2975 1826 2996 F
1843 2975 1899 3005 quiet

1053 3019 1094 3041 pro
1112 3019 1191 3042 (11111111.
