2243 3425
211 1483 326 1502 Notandum.

234 1718 302 1742 Opinio
316 1718 332 1736 ¹.

250 1744 269 1760 et
281 1742 298 1760 Ξ.

203 1954 303 1972 Conclusio
314 1954 329 1973 l.

228 1978 326 2000 generalis.

217 2143 279 2161 Prima
293 2142 329 2160 via.

204 2237 280 2255 Materia
300 2236 333 2254 du-

218 2260 291 2283 pliciter
306 2262 335 2278 est

215 2284 293 2302 scibilis.

340 166 375 194 96

339 243 388 272 sed
421 243 537 271 materia
569 241 757 278 corporalium
788 241 823 269 de
852 248 881 269 se
908 239 1023 269 tenebra
1052 239 1131 273 est³‚
1163 242 1190 268 et

340 290 415 328 qued
438 290 525 327 magis
555 289 740 326 permiscetur
769 292 795 316 et
817 287 907 325 magis
927 287 1025 315 unitur
1047 287 1091 321 ei,
1113 290 1190 315 tanto

340 338 433 367 minus
455 337 594 374 cognoscit
621 340 647 365 et
680 336 768 372 magis
800 338 841 364 est
862 334 1052 363 tenebrosum.
1075 334 1101 362 Si
1124 341 1190 370 ergo

339 386 429 415 forma
450 385 544 422 Angeli
567 384 664 413 unitur
686 391 753 412 suae
775 383 910 411 materiae
941 382 1066 410 maxima
1094 380 1191 410 indivi-

339 433 425 466 sione,
447 431 603 461 substantia
625 431 685 459 eius
714 433 787 458 esset
810 429 982 466 ineptissima
1014 428 1048 456 ad
1071 430 1191 456 contem-

340 479 471 517 plandam
495 478 595 507 lucem.
618 478 643 505 Si
676 484 743 513 ergo
766 479 880 513 propter
902 476 954 504 boc
983 475 1073 503 solum
1101 475 1191 503 factus

340 529 389 559 est,
406 533 550 562 nunquam
575 524 659 552 babet
680 523 826 551 materiam
843 522 1013 551 conformem
1030 530 1080 559 per
1103 521 1191 550 unita-

341 576 396 601 tem
418 575 535 600 naturae
558 571 690 600 materiae
713 570 860 607 corporali.

421 620 445 647 6.
469 618 552 652 Item,
569 618 690 652 videtur,
707 617 782 654 quod
799 625 853 645 non
868 616 904 645 sit
926 624 1029 653 ponere
1046 616 1191 645 materiam

342 660 486 704 tanquam*
497 673 659 694 mensuram
683 665 794 702 generis
809 664 981 693 substantiae
1005 671 1110 697 rerum,
1126 663 1192 700 quia

341 722 412 751 quae
436 713 523 750 magis
545 712 713 750 participant
735 711 769 740 de
792 712 898 739 ratione
927 711 1076 744 materiae,
1098 710 1192 738 minus

342 764 407 789 sunt
429 760 518 794 entia,
540 764 567 788 et
589 759 649 796 ipsa
675 762 717 787 est
745 758 812 795 quid
843 757 1076 795 ignobilissimum
1100 757 1128 785 in
1150 765 1193 794 ge-

342 816 408 836 nere
430 807 554 841 entium,
583 807 649 844 quia
686 814 799 843 «prope
829 805 917 834 nibil²
932 817 956 832 υ.
980 805 1010 833 Si
1033 813 1100 842 ergo
1122 804 1191 833 illud

342 863 446 886 unum.
469 854 544 892 quod
567 858 609 883 est
630 862 763 883 mensura
792 853 918 890 generis,
940 852 1023 881 debet
1044 860 1105 880 esse
1134 859 1193 888 per-

342 903 525 931 fectissimum
548 902 573 930 in
597 909 698 938 genere
722 901 781 935 1110,
803 905 834 929 ut
856 900 957 929 albedo
979 900 1005 928 in
1028 907 1129 936 genere
1152 907 1193 927 co-

343 949 421 978 loris:
444 952 519 986 patet
540 953 591 977 etc.

659 1050 870 1072 CONCLUSIO.

345 1139 463 1176 Duplici
476 1139 526 1166 ‘vict
548 1140 752 1169 inonstmmtr,
774 1136 946 1164 solutionem
964 1140 1025 1163 [itm
1040 1138 1194 1172 negantem

423 1190 484 1214 lum
506 1184 705 1223 affirmantem
738 1192 840 1211 verum
873 1183 984 1213 dicere:
1016 1191 1062 1210 eos
1095 1186 1194 1210 (tutem

424 1232 526 1260 melitis
559 1231 694 1259 iudicare
722 1230 885 1261 (ts-seritur,
914 1230 966 1268 qui
996 1228 1195 1266 iitelctpltissice

423 1279 580 1308 materiam
611 1278 771 1307 secundum
799 1286 886 1305 suam
915 1277 1070 1305 essentiam
1095 1276 1195 1305 intelli-

419 1331 495 1364 !Jztuc
515 1330 540 1354 ec
561 1325 682 1354 eandem
703 1333 762 1353 esse
780 1328 902 1362 ponunt.

423 1422 601 1450 Responnuo:
626 1420 796 1451 Dicendum,
818 1419 893 1456 quod
924 1419 998 1447 circa
1020 1419 1091 1447 lianc
1112 1426 1195 1456 quae-

343 1470 460 1499 stionem
489 1469 628 1506 sapientes
657 1467 788 1496 videntur
820 1466 985 1495 contrariari
1009 1466 1192 1503 sapientibus.

344 1515 411 1544 Nam
434 1515 526 1552 magni
549 1518 576 1543 et
597 1514 729 1552 profundi
759 1513 851 1542 clerici
885 1517 911 1541 et
941 1513 967 1541 in
1000 1512 1139 1549 theologia
1169 1516 1196 1541 et

345 1563 371 1591 in
394 1561 583 1599 philosophia.
605 1561 652 1598 qui
676 1560 764 1597 magis
796 1560 912 1589 fuerunt
934 1560 1059 1588 veritatis
1082 1560 1196 1597 inquisi-

345 1612 434 1643 tores,
456 1607 636 1637 diversificati
658 1610 732 1636 sunt.

423 1656 542 1693 Quidam
572 1655 647 1684 enim
669 1658 834 1692 posuerunt.
856 1654 930 1691 quod
954 1654 1071 1682 materia
1093 1654 1119 1682 in
1143 1654 1195 1691 spi-

348 1703 497 1732 ritualibus
532 1706 559 1731 et
594 1701 788 1739 corporalibus
820 1701 913 1730 differt
944 1709 993 1730 nec
1022 1701 1106 1729 babet
1137 1701 1196 1729 uni-

346 1754 430 1779 tatem
453 1750 503 1778 11151
537 1749 702 1786 ‹tituloyz'ae
725 1765 763 1768 ——
794 1748 843 1776 Alii
866 1752 1034 1785 posuerunt,
1057 1748 1132 1785 quod
1155 1751 1196 1777 est

345 1806 401 1826 una
421 1806 473 1834 per
493 1796 656 1825 essentiam.
689 1813 727 1816 —
758 1796 784 1823 Si
817 1795 880 1832 quis
912 1798 1005 1823 autem
1039 1795 1105 1824 velit
1137 1795 1196 1823 dili-

345 1849 441 1881 genter
472 1843 667 1877 considerare,
700 1850 772 1879 quae
804 1842 922 1871 istarum
963 1842 1132 1879 positionum
1162 1843 1196 1871 sit

344 1891 515 1928 probabilior
537 1894 564 1919 et
586 1890 694 1924 verior,
716 1893 743 1918 et
764 1890 909 1918 attendere
940 1890 974 1918 ad
998 1890 1118 1919 rationes
1141 1898 1196 1918 mo-

346 1942 457 1972 ventes,
491 1938 610 1967 videbit.
643 1937 718 1974 quod
752 1941 872 1974 utraque
908 1937 1001 1974 opinio
1038 1937 1194 1966 secundum

345 1985 472 2013 diversas
500 1984 559 2012 vias
592 1992 691 2013 verum
725 1984 813 2017 dieat,
847 1984 884 2011 ita
910 1984 985 2020 quod
1016 1984 1107 2012 neutri
1131 1987 1195 2012 sunt

347 2031 463 2068 decepti.

426 2079 502 2107 Ratio
524 2082 617 2107 autem
641 2078 727 2106 11111115
760 2078 887 2106 diversae
920 2078 1064 2114 positionis
1086 2078 1138 2106 fuit
1159 2078 1198 2106 di-

347 2134 446 2155 versus
468 2126 569 2154 modus
596 2125 778 2163 cognoscendi
809 2125 964 2153 materiam.
987 2125 1099 2154 Materia
1123 2126 1196 2154 enim

347 2173 496 2210 dupliciter
519 2177 560 2201 est
592 2173 705 2206 scibilis.
736 2173 839 2201 scilicet
872 2180 922 2209 per
953 2173 1149 2209 privationem
1171 2177 1197 2201 et

347 2228 397 2257 per
419 2220 600 2257 (tnaloyicmz.
623 2219 747 2256 Cognitio
769 2227 819 2256 per
838 2219 1034 2256 privationem.
1056 2223 1097 2248 est
1118 2220 1198 2256 prius

350 2267 518 2296 rei'novendo
539 2265 690 2304 formam,
713 2266 814 2295 deinde
834 2266 989 2303 disponens
1011 2266 1045 2294 ad
1068 2266 1197 2301 formam,

349 2318 375 2343 et
397 2314 599 2343 consideramlo
622 2314 710 2351 ipsam
732 2313 880 2342 essentiam
898 2313 1001 2341 nudam
1019 2313 1045 2341 in
1067 2321 1096 2342 se
1118 2314 1197 2350 quasi

854 2360 880 2376 C*

1023 159 1280 191 SENTENTIARUM
1301 159 1361 188 LlB.
1384 159 1411 187 11.

1247 238 1392 267 tenebram
1414 236 1616 273 intelligibilem
1629 236 1647 263 ³.
1658 235 1830 273 —Cognitio
1851 239 1944 264 autem
1961 243 2011 273 per
2027 230 2098 264 αηῖι-

1248 284 1357 322 loyz'am
1378 287 1420 313 est
1442 292 1492 321 per
1514 282 1687 312 consimilem
1717 283 1928 320 l‘iabitudinem3
1961 282 2097 311 habitudo

1247 335 1341 360 autem
1364 330 1497 359 materiae
1518 333 1560 358 est
1582 337 1632 367 per
1651 329 1829 366 potentiam,
1859 333 1886 358 et
1907 329 1945 358 ita
1966 330 2035 358 haec
2056 337 2098 358 co-

1248 379 1333 415 gnitio
1354 381 1396 407 est
1417 386 1467 415 per
1499 377 1737 414 comparationem
1761 377 1895 405 materiae
1920 377 1955 405 ad
1977 377 2096 405 formam

1248 426 1387 454 mediante
1409 426 1531 462 potentia
1542 424 1558 452 ⁴.
1582 424 1704 452 Potentia
1725 427 1818 453 autem
1845 424 1978 452 materiae
2007 424 2178 464 dupli-numa
2189 435 2230 457 00m⁴

1248 473 1317 502 citer
1339 476 1430 510 potest
1451 471 1608 509 comparari
1641 471 1676 499 ad
1705 471 1838 499 formam:
1871 474 1920 499 aut
1952 471 1979 499 in
2011 479 2097 508 quan·
2118 463 2231 504 ἔᾬῖἓὲοωξῐ

1249 524 1308 548 tum
1332 520 1447 557 praebet
1469 520 1493 548 ei
1515 519 1709 548 fulcimentum
1733 518 1761 546 in
1776 518 1884 547 ratione
1906 518 1996 552 entis,
2018 522 2045 547 et
2060 518 2098 547 sic
2122 508 2207 527 mmmm
2231 517 2232 520 ’

1249 568 1407 596 considerat
1430 566 1654 604 metapl'iysicus3
1677 569 1726 594 aut
1752 565 1805 594 sub
1838 565 1945 594 ratione
1966 565 2098 600 mobilis,

1248 618 1275 643 et
1297 614 1336 643 sic
1358 614 1516 643 considerat
1536 612 1673 641 naturalis
1695 612 1887 649 philosophus.
2229 641 2232 644 Δ

1328 661 1542 690 Considerantes
1565 660 1649 697 igitur
1676 660 1821 688 materiam
1853 659 2008 688 secundum
2038 660 2232 700 pri-sonsfflefflg

1251 709 1394 737 tuitionem
1425 708 1516 737 omnis
1547 708 1669 741 formae,
1699 711 1755 735 tam
1789 707 2097 744 substantialis-quam
2124 699 2233 747 ἓῗωῗέἅῗ

1249 755 1443 790 accidentalis,
1465 756 1615 789 dixerunt,
1638 754 1713 792 quod
1735 754 1833 783 eadem
1856 758 1897 783 est
1919 754 1945 782 in
1972 755 2100 791 spiritua·
2125 746 2201 762 ²¹⁰¹¹⁰¹¹¹‘
2231 754 2232 761 ¹

1251 803 1324 832 libus
1356 807 1383 831 et
1409 803 1603 840 corporalibus
1635 810 1685 840 per
1716 802 1894 835 exscidium,-
1923 802 1944 830 si
1967 802 2041 830 enim
2063 802 2098 831 ab
2112 808 2233 838 Qummcot'

1250 850 1381 878 omnibus
1410 850 1506 878 formis
1536 853 1563 878 et
1591 849 1626 878 ab
1654 849 1786 877 omnibus
1812 848 2005 878 accidentibus
2025 857 2102 886 sepa·
2126 838 2209 857 ⁶¹⁰d³”²‘

1252 901 1329 925 retur
1352 900 1472 933 utraque
1495 896 1627 929 materia,
1651 896 1728 924 nulla
1749 896 1863 925 omnino
1885 896 2035 925 diversitas
2057 904 2102 934 ap-

1250 943 1368 980 parebit.
1581 976 1587 982 ι

1330 990 1544 1019 Considerantes
1565 994 1658 1019 autem
1682 991 1828 1019 materiam
1852 991 2007 1019 secundum
2031 999 2102 1019 ana-
2119 1003 2235 1021 Considera*

1251 1038 1377 1075 logyiam,
1400 1038 1505 1066 scilicet
1526 1038 1579 1066 snb
1601 1038 1708 1066 ratione
1727 1038 1886 1074 potentiae,
1910 1037 1935 1066 in
1963 1042 2099 1075 quantum
2127 1029 2170 1076 ἔξω
2179 1030 2235 1077 {effi

1251 1085 1367 1122 praebet
1388 1085 1583 1113 fulcimentum
1607 1085 1712 1113 formae
1735 1084 1762 1112 111
1785 1085 1891 1113 ratione
1913 1085 2000 1119 etzcz's,
2024 1086 2100 1115 dixe·
2126 1079 2235 1116 ffit'inofmm'

1252 1136 1333 1166 runt,
1355 1140 1416 1161 esse
1438 1132 1555 1161 eandem
1579 1132 1735 1161 secundnm
1764 1132 1951 1169 cmmzloyianz,
1974 1133 2040 1170 quia
2061 1138 2103 1162 est

1252 1180 1288 1209 ibi
1312 1180 1464 1209 consimilis
1486 1180 1631 1208 habitudo.
1654 1180 1731 1208 Sicut
1762 1180 1835 1208 enim
1868 1180 1986 1208 materia
2008 1188 2103 1217 corpo-

1252 1227 1353 1256 ralium
1377 1227 1494 1256 sustinet
1524 1230 1550 1255 et
1583 1227 1629 1256 dat
1652 1227 1710 1255 suis
1732 1227 1828 1255 formis
1849 1227 1971 1256 existere
1992 1231 2019 1257 et
2039 1228 2103 1257 suh-

1251 1275 1370 1308 sistere,
1399 1275 1435 1302 ita
1467 1274 1550 1303 etiam
1578 1275 1696 1303 materia
1729 1274 1928 1311 spiritualium.
1953 1275 1997 1304 Est
2019 1275 2101 1304 etiam

1253 1323 1289 1351 ibi
1313 1322 1383 1350 ratio
1414 1322 1635 1359 participationis
1664 1322 1819 1350 secundum
1852 1321 1917 1358 plus
1945 1325 1972 1350 et
2000 1322 2102 1352 minus.

1252 1370 1319 1398 Nam
1352 1369 1379 1397 in
1413 1369 1608 1406 spiritualibus
1639 1369 1768 1397 substat⁵
1798 1369 1903 1397 formae
1926 1369 2102 1399 substantiali

1253 1420 1380 1451 tantum,
1403 1416 1429 1444 111
1452 1416 1619 1452 corporibus
1640 1415 1834 1452 superioribus
1850 1416 1956 1444 formae
1978 1417 2105 1446 substan-

1253 1464 1309 1492 tiali
1334 1466 1360 1492 et
1381 1463 1543 1500 quantitati.
1560 1462 1586 1491 in
1604 1462 1783 1491 inferioribus
1805 1462 1911 1491 formae
1927 1463 2103 1493 substantiali

1253 1516 1279 1541 et
1301 1511 1448 1549 quantitati
1471 1515 1498 1539 et
1519 1511 1717 1539 contrarietati.
1741 1511 1771 1539 Et
1786 1511 1918 1547 quoniam
1935 1512 2010 1548 quod
2033 1520 2104 1549 pure

1252 1561 1294 1586 est
1316 1558 1342 1586 in
1366 1565 1467 1594 genere
1489 1557 1662 1586 substantiae
1689 1557 1753 1594 plus
1774 1558 1923 1595 participat
1948 1558 1982 1586 de
1998 1558 2105 1587 ratione

1253 1613 1302 1642 per
1326 1612 1354 1633 se
1387 1605 1485 1633 stantis
1513 1608 1540 1633 et
1566 1604 1797 1641 independentis,
1820 1605 1893 1642 quod
1922 1609 2016 1634 autem
2041 1605 2105 1643 plus

1253 1651 1360 1680 accedit
1390 1651 1425 1679 ad
1455 1654 1585 1680 naturam
1618 1651 1804 1680 accidentium
1832 1651 1920 1687 magis
1942 1652 2105 1689 elongaturg

1254 1699 1317 1727 hinc
1334 1702 1390 1733 est,
1417 1699 1491 1735 quod
1523 1698 1695 1727 substantiae
1722 1698 1883 1735 spirituales
1905 1706 1955 1736 per
1977 1699 2058 1736 prius
2079 1703 2106 1728 et

1254 1747 1350 1775 verius
1372 1750 1437 1775 sunt
1459 1746 1646 1780 substantiae,
1669 1746 1769 1775 deinde
1799 1754 1916 1783 corpora
1939 1741 2103 1784 superiora,

1254 1797 1396 1830 postremo
1425 1802 1543 1830 corpora
1575 1794 1714 1822 inferiora.
1747 1794 1776 1821 Et
1808 1793 1835 1821 hi
1868 1802 1922 1822 non
1955 1794 2104 1829 dixerunt,

1254 1841 1329 1878 quod
1352 1845 1425 1870 esset
1446 1842 1543 1870 eadem
1563 1841 1699 1878 proprie,
1728 1841 1795 1878 quia
1827 1849 1877 1870 nec
1910 1842 2027 1870 materia
2049 1850 2107 1871 cor-

1254 1889 1394 1926 poralium
1417 1892 1459 1917 est
1479 1893 1543 1917 nata
1566 1889 1704 1918 sustinere
1727 1889 1831 1917 formas
1853 1888 2026 1925 spirituales,
2057 1897 2106 1918 nec

1255 1945 1269 1965 e
1290 1944 1433 1965 converso.
1456 1953 1494 1957 —
1515 1936 1729 1965 Consitjlerantes
1743 1939 1837 1965 autem
1854 1937 2011 1966 secundum
2033 1945 2104 1965 (tna-
2130 1953 2216 1972 Secundo

1256 1984 1364 2021 {opiam
1387 1984 1440 2013 sub
1462 1984 1569 2012 ratione
1594 1984 1745 2021 potentiae.
1769 1984 1795 2012 in
1829 1988 1965 2021 quantum
1990 1984 2105 2021 praebet
2119 1977 2180 1995 ”³⁰d0·
2238 1980 2240 2021 f

1256 2031 1449 2060 fulcimentum
1483 2031 1589 2059 formae
1621 2031 1648 2059 in
1671 2031 1778 2059 ratione
1810 2030 1942 2064 mobilis,
1972 2031 2107 2059 dixerunt
2238 2034 2240 2037 ’

1255 2078 1353 2109 etiam.
1375 2085 1436 2106 esse
1458 2078 1574 2106 eandem
1588 2086 1642 2114 per
1657 2078 1838 2115 analogyiam.
1861 2078 2012 2114 Quoniam,
2034 2078 2106 2106 sicut

1256 2125 1281 2152 in
1305 2125 1498 2161 corporalibus
1520 2129 1562 2153 est
1583 2125 1705 2162 aliquid.
1731 2125 1804 2162 quod
1839 2125 1957 2154 sustinet
1980 2125 2106 2154 variatio-

1256 2180 1305 2200 nes
1327 2172 1418 2209 quoad
1443 2173 1626 2209 proprietates
1659 2173 1837 2209 corporales,
1870 2174 1905 2201 ita
1930 2173 1956 2201 in
1978 2173 2106 2209 spiritua-

1257 2219 1330 2247 libus
1358 2220 1450 2256 quoad
1483 2219 1659 2256 spirituales:
1691 2223 1718 2248 et
1739 2223 1780 2248 est
1803 2220 1838 2248 ibi
1862 2220 1932 2248 ratio
1956 2220 2057 2256 prioris
2079 2223 2106 2248 et

1256 2267 1418 2303 posterioris
1441 2267 1466 2295 111
1490 2267 1690 2303 participando.
1713 2267 1781 2295 Nam
1805 2267 1921 2295 materia
1940 2270 2106 2304 potestesse

1256 2313 1450 2342 fulcimentum
1468 2314 1629 2342 variationis
1644 2314 1801 2342 secundum
1816 2314 1907 2347 situm
1922 2317 1949 2343 et
1963 2312 2105 2351 formam,

2142 1804 2165 1822 Hi
2179 1804 2231 1822 aluei

2116 1827 2230 1847 concludunt

413 2460 419 2474 ¹
438 2460 482 2483 Cfr.
501 2467 570 2488 supra
590 2466 642 2488 pag.
666 2460 707 2487 15,
726 2463 777 2482 nota
801 2460 832 2482 10.
851 2472 882 2476 -
899 2460 946 2482 Nun
966 2461 1033 2488 pauci
1052 2460 1119 2483 codd.
1146 2467 1199 2483 cum

350 2499 386 2521 ed.
408 2500 412 2520 1
436 2500 490 2521 Item
510 2498 619 2521 aluit-itm·
636 2505 650 2521 ιι
667 2500 736 2528 purte
752 2498 807 2529 liliis
826 2497 868 2527 pro
886 2500 942 2521 Item
970 2498 1102 2522 ostenditur
1119 2498 1163 2522 1100
1185 2506 1199 2521 tt

349 2540 416 2567 purte
433 2538 493 2568 finis.
507 2538 561 2560 Dein
575 2538 642 2561 codd.
655 2539 672 2560 li
686 2538 702 2560 U
715 2538 730 2560 Υ
743 2539 757 2559 Z
772 2541 822 2566 post
836 2537 968 2561 cluri'alem
981 2538 1106 2561 subiiciunt
1118 2538 1199 2567 ipsius.

351 2578 399 2600 Mox
417 2578 483 2600 codd.
502 2578 545 2599 1³1<
565 2579 586 2600 et
602 2579 691 2607 quanto
709 2577 785 2607 imityis
804 2584 845 2605 pro
863 2579 884 2600 el
901 2576 964 2607 quod
980 2577 1064 2606 anznjls.

413 2616 423 2630 ’ἒ
440 2618 549 2645 August,
569 2617 614 2638 ΧΗ.
633 2616 732 2639 Cont‘ess.
752 2623 770 2639 0.
789 2617 810 2639 7.
829 2623 849 2638 n.
869 2617 889 2638 7.
908 2629 938 2632 —
956 2617 986 2638 be.
1008 2623 1056 2645 seq.
1075 2622 1141 2644 prop.
1160 2618 1199 2639 cfr.

351 2656 452 2680 Aristot.v
466 2656 493 2677 X.
507 2656 604 2683 Metapli.
623 2660 673 2678 text.
693 2656 737 2678 2-7.
758 2656 804 2681 dx.
823 2663 842 2678 c.
865 2656 892 2684 t.)
905 2674 908 2683 ,
923 2655 961 2677 ubi
976 2656 1127 2683 proprietates
1139 2661 1199 2677 men-

352 2700 418 2716 surae
436 2698 595 2722 recensentur,
614 2698 636 2717 et
652 2696 719 2716 etiam
738 2696 870 2723 exemplum
893 2695 1005 2717 albedinis
1024 2695 1044 2716 in
1064 2700 1147 2722 genere
1165 2701 1200 2717 co-

351 2732 405 2754 loris
422 2734 527 2755 occurrit.

415 2771 423 2785 3
441 2771 489 2793 Sub
507 2772 550 2794 noc
567 2775 673 2799 respectu
700 2774 790 2795 ,xi-istm.
808 2773 938 2795 considerat
955 2774 1074 2795 materiam
1092 2773 1137 2794 Vll.
1156 2773 1197 2794 Me-

352 2811 483 2837 tapb.1e.xt.
512 2811 531 2832 8
560 2811 605 2839 (Vi.
624 2818 642 2833 e.
662 2812 705 2837 3.),
724 2812 763 2834 ubi
787 2814 859 2840 ipsam
887 2812 965 2835 definit
994 2821 1003 2832 1<
1025 2818 1084 2841 quae
1110 2818 1151 2840 per
1176 2818 1199 2834 se

352 2850 425 2876 ipsam
444 2855 517 2877 11011110
536 2850 592 2877 qnid
610 2857 684 2878 neque
703 2854 814 2879 qnantum
834 2857 908 2879 neque
935 2851 1021 2880 aliquid
1048 2851 1108 2873 :iliud
1133 2852 1200 2880 quip-

352 2889 412 2916 piam
432 2887 528 2912 dicitur,
547 2889 632 2917 quibus
649 2896 689 2911 ens
707 2890 873 2912 determinatur
886 2899 906 2912 ».
924 2890 969 2912 Cfr.
989 2891 1016 2912 X.
1036 2894 1086 2913 text.
1105 2891 1137 2912 16.
1152 2890 1199 2917 (tx.

352 2932 370 2948 0.
390 2926 428 2954 t).
446 2939 475 2942 d
494 2927 546 2949 Fide
564 2928 615 2949 cod.
633 2928 648 2949 Z
667 2928 827 2951 substituimus
844 2929 1015 2952 considerando
1039 2936 1081 2957 pro
1099 2929 1199 2953 conside-

352 2971 415 2988 rare.
434 2965 489 2988 Cod.
509 2966 526 2988 T
545 2968 608 2994 ponit
625 2967 800 2996 dispositiones,
815 2968 882 2991 codd.
901 2968 932 2991 bb
942 2976 968 2991 cc
985 2972 1006 2991 et
1018 2969 1054 2991 ed.
1077 2970 1082 2991 1
1104 2968 1199 2998 disposi-

1257 2460 1341 2483 tionem
1362 2467 1403 2488 pro
1420 2460 1554 2489 disponens,
1569 2462 1590 2482 et
1603 2460 1671 2488 aliqui
1690 2459 1757 2482 codd.
1776 2462 1801 2482 ut.
1818 2460 1836 2482 K
1848 2460 1868 2482 X
1882 2459 1899 2481 Y
1919 2463 1970 2487 post
1987 2458 2057 2489 quusi
2074 2460 2107 2481 in-

1258 2502 1372 2521 terserunt
1389 2499 1518 2528 quandum.

1321 2538 1329 2552 ⁴
1347 2540 1452 2566 Ariston,
1473 2539 1485 2561 Ι.
1505 2539 1570 2566 Pliys.
1591 2542 1641 2560 text.
1661 2539 1697 2560 (19.
1717 2541 1745 2563 (c.
1758 2538 1789 2566 7.)
1801 2544 1806 2560 ;
1818 2538 1924 2560 Subiecta
1938 2541 2013 2559 autem
2027 2540 2106 2560 natura

1257 2578 1342 2600 scibilis
1360 2582 1392 2600 est
1412 2578 1539 2600 secundum
1559 2578 1704 2606 analogiam3
1723 2582 1747 2600 ut
1764 2579 1825 2600 enirn
1843 2578 1873 2599 ad
1890 2580 1988 2599 statuam
2006 2583 2056 2604 aes,
2069 2580 2108 2599 aut

1257 2617 1286 2638 ad
1305 2617 1402 2639 formam
1421 2617 1514 2639 materia
1534 2621 1555 2639 et
1572 2617 1669 2639 informe
1695 2623 1719 2638 se
1746 2616 1826 2641 1101301,
1853 2617 1989 2644 priusquam
2012 2616 2107 2643 accipiat

1258 2656 1370 2679 sormam.
1389 2657 1421 2678 si·-
1439 2656 1495 2677 liaec
1512 2656 1541 2677 ad
1558 2655 1709 2678 substantiali]
1727 2659 1769 2677 etc.
1796 2655 1827 2677 Dc
1853 2656 1879 2677 iis
1902 2662 1961 2683 quae
1979 2658 2108 2684 sequuntur

1258 2695 1296 2717 cfr.
1315 2695 1417 2722 Aristot.y
1443 2695 1476 2717 Vl.
1504 2695 1600 2722 Δ1101111111.
1624 2697 1674 2716 text.
1698 2695 1714 2716 1.
1733 2700 1796 2722 seqq.
1817 2694 1852 2719 (V.
1871 2700 1889 2716 c.
1918 2695 1952 2722 l.).
1969 2707 2001 2711 —
2018 2694 2073 2717 Cod.
2100 2694 2106 2716 l

1258 2735 1278 2756 in
1297 2735 1339 2756 liae
1357 2740 1423 2762 prop.
1450 2733 1528 2755 verbis
1544 2739 1587 2763 per
1602 2733 1731 2762 potentiam.
1749 2733 1855 2761 praefigit
1879 2733 1911 2756 ml
1926 2734 2038 2763 formam.
2057 2734 2106 2756 Mox

1257 2774 1307 2796 cod.
1327 2774 1344 2795 T
1360 2774 1437 2803 potest
1454 2772 1603 2796 considerari
1619 2779 1661 2801 pro
1677 2774 1752 2802 potest
1770 2773 1914 2802 comparari.

1320 2813 1329 2827 5
1347 2812 1449 2835 Subaudi
1468 2819 1521 2835 cum
1548 2812 1598 2835 cod.
1625 2812 1656 2834 bb
1681 2811 1790 2835 vitatoria.
1807 2824 1839 2828 —-
1856 2813 1981 2839 AverroeS,
2002 2812 2015 2834 l.
2038 2812 2105 2839 Phys.

1257 2855 1307 2874 text.
1326 2852 1371 2874 70:
1390 2852 1523 2874 Subiectum
1542 2855 1651 2874 sustentat
1670 2852 1780 2878 termam,
1799 2852 1928 2874 secundum
1946 2851 2009 2880 quod
2033 2852 2105 2873 forma

1257 2897 1301 2913 non
1320 2894 1394 2918 potest
1411 2898 1461 2913 esse
1479 2892 1528 2913 sine
1540 2890 1658 2919 subiecto;
1673 2891 1744 2913 forma
1758 2894 1833 2913 autem
1847 2894 1957 2913 sustentat
1968 2890 2104 2917 subiectum,

1256 2929 1384 2952 seeundum
1403 2930 1466 2958 quod
1484 2934 1517 2952 051
1535 2930 1730 2958 complementum
1756 2931 1818 2957 eius,
1845 2933 1866 2951 et
1891 2929 2019 2951 secundum
2042 2929 2105 2958 quod

1256 2968 1384 2990 subiectum
1404 2975 1447 2990 non
1466 2972 1541 2996 potest
1558 2968 1669 2991 denudari
1687 2975 1698 2990 a
1718 2968 1797 2990 forma.
