2243 3425
11 1595 31 1614 ld
44 1596 117 1619 opposi-

730 195 811 223 DIST.
835 195 935 223 XXXV.
958 194 1031 223 ART.
1052 194 1070 222 Ι.
1094 194 1229 231 QUAEST.
1252 194 1280 221 Il.

131 284 215 313 quam
244 275 367 303 carentia
395 274 505 303 debitae
534 274 669 302 iustitiae:
693 281 772 310 ergo,
793 273 977 302 essentialiter

131 323 286 360 loquendo,
308 322 391 359 culpa
412 325 453 351 est
475 322 626 358 corruptio,
649 324 734 358 prout
755 323 796 349 est
818 320 918 357 passio.

211 371 237 398 2.
259 370 345 403 Item,
372 369 543 406 Augustinus
565 369 592 396 in
615 368 686 396 libro
707 367 799 404 primo
827 367 979 396 Confessio-

130 425 198 445 num
212 417 234 444 ¹:
261 416 407 447 «Iussisti,
429 416 561 449 Domine,
583 418 610 443 et
632 415 671 443 sic
693 418 750 448 est,
766 417 797 442 ut
818 414 908 442 omnis
924 422 979 442 mo-

130 468 174 492 tus
196 464 371 492 inordinatus
399 470 488 499 poena
514 461 565 490 sibi
588 462 660 494 sit»;
683 460 731 489 sed
764 463 856 488 motus
879 460 979 488 inordi-

129 514 212 539 natus
234 514 275 539 est
296 510 395 547 culpa;
418 517 505 546 poena
526 511 620 536 autem
644 511 736 536 motus
758 507 906 535 inordinati
923 515 978 535 non

129 561 170 588 est
192 558 241 586 nisi
266 557 326 594 ipsa
347 556 490 593 corruptio
512 556 631 593 passiva,
653 563 737 592 quam
754 554 839 582 homo
860 554 979 583 incurrit

128 613 164 634 ex
186 604 234 632 illa
256 603 473 632 inordinatione:
496 610 562 638 ergo
584 605 730 638 peccatum
752 603 793 629 est
816 600 874 637 ipsa
889 600 980 636 priva-

130 651 285 688 tio-passio,
307 649 462 678 formaliter
484 648 632 686 loquendo.

208 697 234 726 3.
265 697 349 731 Item,
383 703 507 724 «omnes
538 695 661 724 actiones
693 694 803 723 animae
836 693 979 730 passiones

129 748 233 778 sunt»,
255 744 326 773 sicut
349 743 409 771 vult
430 741 653 779 Philosophu32:
676 749 743 778 ergo
765 741 855 769 omnis
878 740 979 769 inordi-

128 795 193 820 nata
214 791 285 820 actio
306 791 416 818 animae
437 793 479 818 est
510 789 669 817 inordinata
690 788 798 825 passio,
821 788 869 816 sed
902 787 977 824 quod

128 843 170 868 est
192 838 379 867 inordinatum
402 839 444 865 est
465 836 559 873 culpa:
576 844 642 873 ergo
664 835 711 863 illa
732 835 825 872 passio
847 835 905 863 sive
922 842 980 863 cor-

128 886 222 924 ruptio
245 885 402 914 inordiuata
423 888 465 913 est
487 883 578 921 culpa.

208 934 234 962 [ι.
257 933 339 966 Item,
368 940 433 961 cum
454 931 548 959 anima
573 930 711 959 deformat
733 938 762 959 se
790 930 896 967 ipsam,
918 930 978 966 ipsa.

128 981 304 1014 deformitas,
326 988 382 1016 qua
404 979 497 1008 anima
519 978 709 1012 deformatur,
731 980 858 1006 remanet
880 977 906 1005 in
929 985 977 1011 ea,

128 1031 155 1056 et
176 1027 259 1064 culpa
274 1027 418 1059 similiter3
433 1029 482 1054 aut
496 1033 563 1062 ergo
577 1025 625 1053 illa
640 1024 802 1054 deformitas
817 1027 859 1052 est
874 1023 977 1060 culpa,

127 1078 178 1103 aut
206 1073 328 1111 aliquod
352 1072 453 1106 (1111111,-
482 1076 509 1101 et
536 1075 657 1106 constat,
686 1071 761 1108 quod
785 1071 883 1107 culpa,
905 1078 977 1107 quae

128 1124 254 1150 remanet
276 1121 302 1149 in
324 1121 433 1154 anima,
456 1128 509 1148 non
531 1122 573 1148 est
594 1119 672 1147 aliud
694 1126 778 1155 quam
802 1118 862 1155 ipsa
884 1117 976 1146 defor-

128 1169 219 1202 mitas,
240 1176 296 1205 qua
317 1167 410 1195 anima
432 1166 565 1195 deformis
586 1166 658 1194 facta
680 1169 735 1194 est:
759 1173 826 1202 ergo
848 1165 977 1198 videtur,

126 1215 202 1253 quod
224 1218 370 1252 peccatum
393 1214 428 1242 sit
450 1214 509 1250 ipsa
531 1213 792 1250 corruptio-passio.

209 1264 233 1290 5.
257 1262 339 1295 item,
361 1260 624 1298 corruptio-passio,
654 1260 681 1288 in
713 1268 769 1296 qua
795 1263 837 1288 est
857 1260 978 1296 privatio

129 1310 220 1344 modi,
250 1309 350 1346 speciei
383 1312 410 1337 et
438 1307 561 1342 ordinis,
589 1310 638 1336 aut
666 1309 708 1335 est
739 1306 844 1343 calpa,
868 1310 915 1334 aut
937 1310 979 1334 est

126 1365 230 1394 poena.
251 1356 276 1384 Si
296 1364 408 1392 poena:
431 1362 498 1391 ergo
520 1354 648 1388 videtur,
671 1353 746 1390 quod
770 1353 832 1381 talis
859 1353 978 1390 privatio

130 1404 166 1433 sit
186 1412 202 1431 a
223 1403 294 1431 Deo:
315 1410 383 1439 ergo
412 1402 487 1430 Deus
515 1402 637 1429 animam
660 1400 753 1429 reddit
775 1401 928 1429 deformem
952 1403 978 1428 et

130 1451 236 1479 iustitia
257 1449 412 1486 privatam,
434 1448 509 1485 quod
530 1448 679 1485 profanum
697 1451 738 1476 est
760 1447 861 1476 dicere.
886 1447 978 1475 Restat

129 1506 205 1534 ergo,
227 1496 302 1534 quod
325 1496 360 1525 sit
382 1496 473 1532 culpa.

209 1545 261 1573 SED
282 1552 406 1573 comm:
432 1544 455 1571 1.
472 1538 643 1579 Augustinus
658 1542 692 1570 de
709 1542 806 1570 Libero
822 1541 976 1570 Arbitriossc

134 1592 247 1629 «Culpa
267 1594 309 1619 est
331 1591 452 1625 malum,
468 1590 542 1627 quod
557 1588 699 1626 factiuns,
716 1592 743 1617 et
758 1596 846 1625 poena
862 1589 978 1622 malum,

130 1639 205 1677 quod
222 1639 360 1676 patimur
372 1648 397 1665 »ς
415 1638 436 1666 si
452 1645 520 1674 ergo
534 1636 782 1673 corruptio-passio
805 1639 847 1664 est
863 1635 978 1669 malum,

130 1687 205 1724 quod
229 1686 383 1723 patimur,
412 1685 539 1718 videtur,
568 1683 643 1721 quod
673 1690 727 1711 non
750 1682 785 1711 sit
807 1682 906 1719 culpa,
929 1682 978 1710 sed

131 1742 228 1771 poena.

210 1782 236 1809 2.
258 1781 338 1814 Item,
359 1779 568 1817 Augustinus⁴:
597 1778 724 1806 «Malum
740 1777 840 1814 culpae
861 1780 903 1806 est
916 1777 980 1805 affe-

131 1829 184 1857 ctio
206 1827 379 1861 voluntaria,
402 1826 507 1855 malum
529 1833 596 1854 vero
622 1833 728 1862 poenae
749 1827 791 1853 est
812 1824 920 1852 affectio
943 1824 980 1851 in-

130 1875 289 1904 voluntaria
300 1886 327 1908 »3
349 1874 396 1903 sed
419 1872 665 1910 corruptio—passio
680 1879 734 1900 non
756 1874 798 1900 est
812 1871 979 1905 voluntaria,

130 1923 179 1952 sed
202 1922 402 1951 involuntaria,
425 1921 490 1958 quia
511 1928 593 1949 nemo
615 1919 676 1948 vult
698 1919 840 1955 corrumpi
864 1927 913 1947 nec
935 1919 980 1947 de-

130 1969 259 1998 formari:
291 1976 358 2005 ergo
386 1976 440 1996 non
470 1967 598 2001 videtur,
628 1966 703 2004 quod
729 1966 765 1995 sit
798 1966 897 2003 culpa,
930 1966 977 1994 sed

130 2024 228 2054 poena.

209 2063 234 2092 3.
257 2063 340 2097 item,
362 2062 491 2099 Magister
519 2062 545 2089 in
568 2061 692 2089 littera⁵z
721 2060 892 2089 «Peccatum
915 2060 980 2088 dici-

130 2114 177 2139 tur
197 2109 317 2148 privatio
340 2109 443 2142 active,
465 2116 520 2137 non
539 2108 657 2145 passive
665 2118 675 2141 ;
697 2116 761 2136 iiam
784 2107 846 2136 ideo
873 2107 978 2135 malum

130 2157 175 2186 vel
196 2160 340 2194 peccatum
364 2156 466 2185 dicitur
488 2155 649 2192 corruptio,
671 2155 738 2192 quia
758 2158 887 2183 naturam
915 2162 981 2191 qua-

128 2205 272 2241 licumque
293 2204 385 2241 privat
406 2203 516 2231 bono».

209 2252 236 2280 li.
248 2251 324 2285 Item,
336 2251 388 2278 boc
404 2250 495 2287 ipsum
512 2249 625 2278 videtur
641 2249 763 2277 ratione.
779 2248 876 2277 Omnis
891 2256 980 2285 poena

130 2302 172 2327 est
192 2298 265 2326 iusta
287 2301 314 2326 et
335 2296 485 2325 laudabilis
498 2296 524 2329 ὃς
546 2296 595 2324 sed
617 2296 707 2324 omnis
733 2295 980 2332 corruptio-passio

130 2348 172 2375 est
192 2353 296 2382 poena,
319 2353 382 2373 cum
406 2343 566 2372 damnificet
594 2347 620 2372 et
645 2343 744 2380 puniat
765 2350 830 2370 eum
852 2342 899 2379 qui
922 2350 981 2370 cor-

130 2392 288 2429 rumpitur:
311 2399 378 2428 ergo
399 2391 490 2419 omnis
518 2390 764 2426 corruptio-passio
796 2393 838 2417 est
860 2389 933 2416 iusta
953 2392 980 2416 et

1827 193 1882 221 825

1036 272 1194 301 laudabilis.
1218 272 1270 300 Sed
1293 271 1371 300 nulla
1393 271 1476 308 culpa
1497 274 1539 300 est
1561 271 1634 299 iusta
1661 273 1688 299 et
1717 270 1884 299 laudabilis:

1035 328 1101 357 ergo
1124 319 1201 348 nulla
1222 319 1306 356 culpa
1326 322 1368 348 est
1389 318 1533 355 corruptio
1555 318 1664 355 passive
1687 318 1769 346 dicta.

1115 368 1139 395 5.
1163 367 1243 401 Item,
1270 374 1356 395 causa
1384 370 1411 395 et
1438 366 1554 396 effectus
1583 365 1769 394 essentialiter
1791 365 1887 393 distin-

1035 418 1175 450 guuntur;
1197 414 1246 442 sed
1268 417 1413 450 peccatum
1428 413 1585 450 corrumpit
1606 416 1634 442 et
1654 416 1696 441 est
1715 412 1885 449 principium

1034 460 1223 497 corruptionis
1252 460 1391 497 passivae,
1424 460 1496 488 sicut
1527 460 1606 496 prius
1639 462 1781 488 ostensum
1805 458 1884 488 est⁷:

1034 514 1101 543 ergo
1123 506 1369 543 corruptio-passio
1390 510 1417 535 et
1439 507 1499 544 ipsa
1521 506 1604 543 culpa
1619 506 1831 543 distinguuntur
1846 513 1887 534 es-

1035 553 1202 581 sentialiter:
1225 561 1279 582 non
1302 557 1344 582 est
1365 553 1450 590 igitur
1472 553 1554 590 culpa
1576 554 1719 590 corruptio
1741 553 1804 581 boni
1827 561 1887 590 pas-

1036 600 1093 628 sive
1118 600 1200 628 dicta.

1352 701 1563 722 CONCLUSIO.

1036 786 1100 815 Nou
1133 790 1247 815 tautum
1279 787 1431 823 corruptio
1455 787 1515 815 siue
1539 788 1672 824 privatio
1699 787 1766 815 bont
1793 788 1886 816 active

1114 833 1204 867 clieta,
1220 834 1271 862 sect
1284 834 1384 862 eadem
1406 834 1494 862 etiam
1513 834 1632 870 passive
1647 834 1726 862 dicta
1741 834 1824 863 habet
1838 843 1888 863 rct-

1114 880 1220 909 tioaem
1242 880 1353 918 culpae.

1114 975 1294 1004 Rnsrouosso:
1317 975 1356 1004 Ad
1378 976 1586 1012 praedictorum
1611 974 1820 1011 intelligentiam
1844 978 1886 1004 est

1034 1023 1205 1057 notandum,
1227 1023 1299 1051 sicut
1314 1026 1489 1060 praetactum
1511 1022 1584 1051 estss:
1604 1025 1749 1059 peccatum
1772 1026 1814 1051 est
1828 1030 1886 1051 cor-

1035 1071 1143 1107 ruptio,
1171 1071 1325 1099 consistens
1346 1070 1420 1098 circa
1445 1069 1623 1098 volantatem
1650 1073 1677 1098 et
1698 1069 1759 1098 eius
1780 1073 1884 1104 actum,

1034 1126 1098 1147 cum
1121 1118 1156 1146 sit
1177 1117 1330 1155 obliquatio
1351 1125 1368 1145 a
1396 1117 1563 1146 rectitudine
1587 1117 1725 1145 iustitiae.'
1746 1116 1884 1145 Voluntas

1033 1169 1128 1193 autem
1150 1165 1176 1193 in
1192 1168 1256 1193 actu
1279 1173 1330 1193 suo
1349 1168 1391 1193 est
1417 1164 1661 1192 «instrumentum
1677 1172 1706 1192 se
1723 1164 1813 1200 ipsum
1830 1172 1886 1192 mo-

1036 1212 1121 1241 vens⁹
1134 1223 1161 1246 »ς
1183 1212 1274 1246 uude,
1296 1212 1409 1248 quando
1430 1211 1561 1240 voluntas
1582 1211 1616 1239 ad
1632 1211 1738 1248 aliquid
1756 1214 1885 1239 movetur

1035 1260 1135 1293 libere3
1151 1259 1171 1287 si
1190 1262 1336 1287 moveatur
1358 1258 1401 1287 vel
1424 1258 1562 1287 afficiatur
1585 1258 1757 1292 inordinate,
1779 1257 1826 1285 illa
1847 1257 1886 1285 in-

1034 1306 1173 1335 ordinatio
1196 1305 1309 1342 respicit
1330 1305 1501 1334 voluntatem
1531 1308 1690 1332 moventem
1712 1307 1739 1332 et
1760 1304 1885 1332 volunta-

1034 1357 1090 1382 tem
1112 1356 1233 1386 motam,
1256 1353 1321 1389 quia
1336 1352 1481 1385 voluntas,
1498 1352 1565 1380 dum
1582 1352 1739 1380 inordinate
1754 1351 1885 1386 afficitur,

1036 1400 1191 1429 inordinate
1219 1403 1311 1428 'movet
1336 1402 1363 1428 et
1395 1399 1550 1427 inordinate
1578 1402 1718 1427 mmmm.
1747 1399 1884 1435 Quoniam

1035 1448 1120 1484 igitur
1142 1447 1240 1484 culpa,
1262 1450 1346 1484 prout
1367 1446 1562 1475 consideratur
1579 1447 1604 1474 in
1620 1449 1699 1480 actu,
1722 1446 1791 1474 1111111
1806 1446 1883 1474 aliud

1035 1498 1076 1523 est
1097 1502 1182 1531 quam
1206 1497 1298 1523 motus
1320 1494 1471 1522 voluntatis
1493 1493 1685 1527 inordinatus,
1704 1496 1731 1522 et
1745 1493 1780 1521 ad
1804 1493 1883 1522 illum

1036 1546 1142 1570 motum
1172 1541 1315 1570 concurrit
1342 1541 1419 1569 actio
1446 1544 1473 1569 et
1497 1541 1611 1577 passio,
1634 1549 1688 1568 non
1712 1544 1819 1569 tantum
1842 1544 1884 1570 est

1035 1589 1269 1626 corruptio-actio,
1292 1588 1377 1616 immo
1399 1588 1481 1616 etiam
1499 1588 1752 1624 corruptio-passio.
1776 1588 1843 1616 Nam
1858 1591 1885 1617 et

1036 1636 1216 1670 inordinatio,
1237 1643 1293 1672 qua
1314 1635 1407 1663 anima
1430 1643 1458 1663 se
1480 1634 1642 1668 deordinat,
1666 1638 1692 1662 et
1709 1634 1884 1668 ii‘iordinatio,

1035 1690 1091 1719 qua
1111 1682 1204 1710 anima
1226 1681 1423 1715 deordinatur‚
1447 1684 1568 1718 utraque
1583 1684 1624 1710 est
1639 1681 1730 1718 culpa,
1753 1681 1885 1710 differens

1035 1729 1251 1766 comparatione,
1273 1737 1330 1757 una
1350 1732 1443 1757 tamen
1466 1736 1516 1765 per
1538 1728 1696 1757 essentiam.
1713 1745 1751 1748 ψ
1768 1729 1797 1756 Et
1819 1729 1885 1765 quia

1035 1776 1132 1813 quales
1154 1778 1219 1805 sunt
1240 1779 1335 1809 (tetus,
1358 1776 1426 1804 tales
1442 1778 1507 1804 sunt
1522 1774 1649 1809 liabitas,
1673 1776 1796 1804 maxime
1819 1784 1884 1804 cum

1036 1824 1148 1852 habitus
1170 1826 1340 1860 generantur
1361 1830 1398 1852 ex
1426 1823 1550 1856 actibus,
1574 1823 1646 1851 sicut
1671 1827 1713 1851 est
1735 1823 1761 1851 in
1784 1831 1886 1860 genere

1036 1871 1175 1899 malorum
1198 1870 1346 1899 habituum
1359 1870 1391 1904 ¹⁰3
1414 1870 1478 1898 binc
1493 1873 1550 1904 est,
1572 1870 1648 1907 quod
1663 1870 1825 1898 deformitas
1842 1870 1884 1898 vel

1036 1918 1154 1954 privatio
1177 1918 1203 1946 in
1227 1917 1373 1945 voluntate
1395 1917 1497 1945 relicta
1519 1920 1546 1945 et
1568 1917 1651 1945 babet
1674 1917 1699 1945 in
1722 1925 1751 1945 se
1777 1917 1883 1954 aliquid

1036 1965 1258 2001 correspondens
1270 1964 1390 1998 actioni,
1403 1968 1429 1993 et
1441 1964 1548 2001 aliquid
1564 1964 1787 2001 correspondens
1802 1964 1884 1992 etiam

1032 2012 1176 2049 passioni.
1199 2012 1266 2040 Nam
1289 2011 1434 2045 voluntas,
1456 2011 1523 2039 dum
1544 2014 1640 2048 peccat
1654 2010 1829 2044 actualiter,
1852 2011 1887 2039 ef-

1036 2059 1129 2088 ficitur
1152 2059 1292 2092 inhabilis,
1314 2063 1340 2087 et
1362 2059 1543 2095 inquantum
1566 2059 1649 2086 babet
1672 2058 1807 2086 rationem
1829 2067 1885 2086 1110-

1034 2107 1126 2135 veatis
1147 2110 1174 2135 et
1196 2106 1222 2134 in
1254 2109 1392 2143 quantum
1419 2106 1502 2134 babet
1525 2105 1659 2133 rationem
1689 2105 1768 2132 111011.
1796 2105 1825 2133 Et
1847 2106 1884 2133 ita

1036 2155 1131 2191 culpa,
1153 2154 1329 2183 considerata
1351 2156 1382 2182 ut
1404 2154 1431 2181 in
1454 2152 1566 2186 habitu,
1588 2156 1614 2181 et
1637 2153 1662 2180 in
1686 2156 1822 2189 quantum
1845 2160 1887 2181 re-

1037 2204 1130 2229 manet
1152 2202 1179 2229 in
1200 2201 1294 2229 anima
1317 2204 1377 2237 post
1398 2203 1491 2229 actum
1514 2199 1628 2237 peccati,
1645 2203 1672 2227 et
1686 2203 1728 2227 est
1742 2199 1885 2235 corruptio

1035 2249 1094 2277 sive
1115 2249 1234 2285 privatio
1256 2247 1479 2284 correspondens
1495 2247 1621 2280 actioni,
1637 2250 1664 2275 et
1686 2250 1727 2275 est
1742 2246 1885 2282 corruptio

1036 2296 1094 2324 sive
1116 2295 1235 2332 privatio
1263 2294 1485 2331 correspondens
1505 2293 1647 2329 passioni.
1671 2293 1700 2321 Et
1722 2294 1761 2322 sic
1786 2293 1883 2321 eadem

1034 2342 1118 2378 culpa
1146 2345 1188 2370 est
1214 2342 1357 2377 corruptio
1386 2341 1445 2369 sive
1478 2340 1597 2376 privatio
1620 2340 1693 2374 boni,
1716 2348 1770 2368 non
1793 2340 1883 2368 solum

1035 2389 1145 2422 ctcct'uc,
1167 2388 1215 2417 sed
1231 2388 1315 2416 etiam
1328 2388 1446 2424 passive
1461 2387 1543 2421 dicta,
1560 2387 1716 2416 secundum
1732 2387 1885 2415 veritatem

195 2571 201 2585 1
220 2570 275 2598 Cap.
304 2571 335 2592 12.
355 2577 375 2592 11.
404 2571 440 2597 19,
463 2569 503 2592 uhi
527 2572 600 2592 textus
622 2569 703 2596 origin.
726 2571 747 2590 et
771 2569 819 2590 Vat.
838 2574 880 2596 pro
901 2569 980 2590 motus

132 2609 239 2632 exhibent
255 2609 358 2636 animus,
378 2608 441 2637 quod
455 2609 510 2630 iufra
524 2608 546 2630 (l.
565 2608 601 2630 36.
614 2614 634 2630 a.
653 2608 673 2630 2.
686 2614 708 2636 q.
726 2608 742 2629 I.
762 2607 863 2629 fundam.
882 2607 898 2628 1.
912 2607 979 2628 ctiam

131 2648 198 2670 codd.
216 2651 237 2670 et
254 2648 306 2670 edd.
326 2651 421 2675 ponunt.
433 2659 464 2663 —
476 2647 507 2669 De
525 2652 618 2674 propos.
637 2652 685 2674 seq.
704 2647 744 2668 cfr.
767 2646 875 2673 August.y
896 2645 926 2666 ΙΙΙ.
952 2645 980 2666 dc

132 2687 179 2709 Lib.
197 2687 250 2709 Arb.
269 2693 288 2709 c.
311 2687 328 2708 1.
347 2693 367 2708 n.
391 2687 407 2708 l.
426 2692 489 2714 seqq.
508 2689 530 2707 et
547 2692 566 2707 c.
588 2685 620 2706 18.
640 2691 661 2707 n.
680 2685 716 2706 52.

195 2726 203 2740 ²
223 2726 279 2747 Vide
298 2726 311 2747 I.
331 2725 359 2747 de
376 2726 469 2751 Anima,
488 2728 539 2747 text.
558 2724 578 2746 3.
596 2727 618 2746 et
640 2724 672 2746 12.
691 2730 755 2752 seqq.
774 2723 802 2750 (c.
826 2723 860 2749 1.),
879 2722 918 2744 ubi
942 2728 980 2749 po-

132 2766 214 2787 tentiae
231 2768 253 2787 et
270 2765 414 2792 operationes
432 2764 521 2785 animae
538 2766 650 2785 vocantur
667 2762 787 2791 passiones
806 2760 899 2789 (πάθη),
912 2764 933 2783 ei
946 2768 980 2783 su-

132 2810 172 2831 pra
192 2810 245 2831 pag.
265 2803 321 2830 648,
340 2806 391 2825 nota
411 2803 431 2824 3.

195 2842 205 2857 3
223 2843 282 2864 Lihr.
296 2843 309 2864 I.
328 2849 346 2864 c.
364 2843 380 2864 1.
395 2848 415 2863 n.
433 2842 452 2863 I:
473 2841 568 2863 Duobus
580 2842 641 2862 enim
659 2840 734 2862 modiS
747 2840 863 2867 appellare
880 2839 981 2861 solemus

133 2882 232 2904 malum:
252 2887 308 2908 11110,
332 2887 385 2903 cum
404 2880 462 2902 male
480 2886 596 2908 quemque
618 2880 698 2901 secisse
716 2879 826 2905 dicimus;
849 2878 903 2905 alio,
927 2884 980 2900 eum

133 2921 186 2943 maii
204 2920 290 2948 aliquid
307 2926 357 2942 esse
375 2925 519 2947 perpessum.
534 2918 578 2941 Cfr.
597 2925 666 2946 supra
686 2924 737 2946 pag.
756 2918 808 2945 6⁶25,
827 2921 877 2939 nota
897 2918 917 2939 (t.

197 2958 204 2970 ⁴
222 2959 282 2981 Libr.
301 2959 332 2981 ΙΙΙ.
356 2959 384 2981 (le
402 2958 449 2980 Lib.
473 2958 527 2980 Arb.
551 2964 570 2980 c.
594 2958 614 2980 9.
633 2963 654 2979 n.
678 2958 714 2979 26.
735 2956 809 2979 Verbo
834 2956 887 2978 ride
911 2963 981 2984 supra

135 3005 188 3027 pag.
207 2999 264 3025 719,
283 3001 333 3020 nota
357 2999 373 3020 1.

259 3049 284 3072 S.
302 3049 390 3072 Borma».
408 3061 438 3065 —
457 3049 523 3071 Tom.
541 3048 564 3070 11.

1099 2567 1109 2581 ⁵
1126 2567 1166 2589 Hic
1188 2573 1206 2589 c.
1225 2567 1246 2589 3.
1264 2567 1286 2588 in
1305 2566 1355 2588 fine.

1099 2605 1108 2619 ⁶
1127 2606 1184 2627 Vide
1202 2605 1257 2627 infra
1282 2605 1303 2627 d.
1322 2605 1358 2627 36.
1377 2611 1396 2626 a.
1415 2605 1436 2626 3.
1459 2611 1481 2633 q.
1500 2605 1520 2626 2.
1539 2617 1570 2620 —
1587 2605 1681 2626 Inferius
1699 2604 1749 2626 cod.
1769 2604 1799 2626 bl)
1816 2610 1885 2634 quem

1036 2644 1170 2673 corrumpit
1186 2650 1228 2672 pro
1245 2650 1299 2666 enm
1321 2643 1362 2673 qui
1383 2643 1554 2672 corrzmtpltur.
1579 2643 1600 2665 ln
1624 2643 1668 2665 fine
1691 2650 1740 2671 arg.
1763 2643 1814 2666 Vat.
1833 2649 1885 2665 cum

1037 2684 1073 2706 od.
1096 2684 1100 2705 l
1129 2687 1149 2705 et
1168 2684 1282 2705 nonnullis
1304 2683 1370 2705 codd.
1394 2683 1456 2705 addit
1478 2682 1539 2705 sicut
1558 2682 1627 2712 prius
1650 2684 1770 2705 (mansion
1793 2684 1842 2711 es&
1864 2683 1885 2704 in

1008 2720 1010 2727 ¹
1038 2730 1085 2751 seq.
1104 2728 1152 2750 arg.
1172 2722 1221 2744 Vat.
1240 2728 1292 2744 cum
1310 2722 1363 2744 edd.
1382 2723 1402 2749 ⁴2,
1421 2722 1442 2749 3,
1462 2721 1473 2743 4
1493 2722 1548 2743 baec
1566 2721 1637 2743 verba
1655 2722 1744 2743 omittit.

1100 2760 1109 2775 ⁷
1128 2761 1220 2789 Quaest.
1243 2760 1350 2788 praeced.
1368 2773 1398 2776 ——
1419 2760 1452 2782 De
1473 2760 1562 2783 maiori
1582 2760 1635 2782 vide
1658 2767 1728 2788 supra
1753 2767 1805 2788 pag.
1829 2760 1886 2789 656,

1038 2803 1090 2821 nota
1107 2800 1128 2821 7.
1147 2800 1168 2821 in
1187 2799 1239 2821 fine.

1101 2839 1110 2853 8
1128 2839 1219 2867 Quaest.
1239 2838 1344 2866 praeced.
1362 2851 1392 2854 —
1410 2837 1482 2860 Corld.
1502 2838 1544 2860 Fi<
1564 2838 1689 2860 subiiciunt
1707 2838 1776 2868 quod.

1101 2878 1110 2892 '³
1128 2878 1260 2900 Secundum
1283 2878 1394 2905 Anselm.7
1419 2878 1447 2899 de
1470 2877 1582 2900 Concord.
1604 2884 1692 2906 praesc.
1716 2879 1755 2900 Dei
1779 2885 1831 2901 cum
1849 2878 1887 2901 lib.

1039 2917 1087 2939 arb.
1106 2924 1127 2946 q.
1147 2918 1167 2939 3.
1186 2923 1204 2939 c.
1228 2918 1260 2938 11.
1279 2916 1322 2939 Cfr.
1341 2923 1409 2944 supra
1429 2923 1482 2945 pag.
1502 2917 1554 2945 ³364,
1573 2920 1623 2939 uota
1644 2919 1665 2939 9.

1103 2956 1121 2971 ¹⁰
1139 2956 1196 2978 Vide
1214 2963 1282 2984 supra
1302 2963 1354 2984 pag.
1372 2956 1424 2983 718,
1444 2960 1494 2979 nota
1514 2958 1533 2979 9.
1552 2959 1574 2979 et
1591 2964 1643 2985 pag.
1661 2957 1714 2985 760,
1733 2960 1784 2980 nota
1803 2957 1824 2979 6.

1714 3048 1721 3069 ’1
1730 3047 1757 3069 Osi

1902 980 2016 999 I‘raeuotan-

1935 1004 1985 1022 duni.

1899 1450 1999 1468 *tout-Iasio
2012 1449 2028 1467 1.

1899 2295 1998 2313 Conclusio
2010 2295 2020 2311 ‘2
