2243 3425
189 2586 325 2605 Fundamenta.

335 178 370 207 30

334 257 404 285 meri
422 257 446 290 ¹,
468 264 525 284 non
546 256 669 294 potentia
690 255 831 285 sufficiens
853 263 903 293 per
925 263 973 290 se,
995 260 1022 285 et
1044 256 1106 285 ideo
1127 264 1181 285 non

334 303 446 332 omnino
467 303 600 337 actualis,
622 311 721 332 verum
744 303 827 331 etiam
849 302 944 340 aliquo
957 303 1041 332 modo
1056 303 1181 340 passiva,

334 350 465 388 quoniam
488 353 616 387 estpars
647 350 767 379 numeri.
797 349 872 378 Deus
903 353 997 379 autem
1029 350 1056 378 in
1088 350 1182 379 omnia

1014 177 1266 207 SENTENTIARUM
1288 178 1347 207 LlB.
1369 178 1399 206 11.

1240 260 1330 294 potest
1350 256 1473 294 potentia
1495 256 1608 285 omnino
1636 257 1741 290 activa,
1772 261 1797 286 et
1830 256 1893 286 ideo
1921 256 1980 285 sine
2011 256 2086 285 omni

1239 303 1331 332 medio
1353 306 1444 341 potest
1464 311 1560 332 creare
1581 304 1682 332 omnia.

1078 439 1341 476 SCHOLJON.

396 529 409 550 1.
427 529 457 550 Ex
475 528 538 551 libris
556 529 748 557 philosophorum
766 528 868 551 Arabum
887 529 951 551 multi
972 535 1063 552 errores
1085 530 1181 557 irrepso

331 571 385 590 runt
409 568 476 590 etiam
495 569 516 589 in
534 568 624 590 scholas
650 568 773 590 catholicas
799 568 867 591 medii
893 569 956 597 aevi,
979 569 1037 591 inter
1054 574 1112 597 quos
1130 575 1181 591 con-

332 606 453 629 demnatus
465 607 504 629 suit
517 613 529 629 a
542 607 657 634 Stephano
667 607 782 636 Tempier,
793 607 912 629 Parisiensi
922 608 1043 636 Episcopo,
1053 609 1121 630 ctiam
1131 609 1180 631 hie:

336 655 345 665 t<
359 646 426 674 Quod
443 647 545 674 primum
564 647 704 675 principium
723 653 767 669 non
793 650 869 675 potest
893 647 1026 670 immediate
1051 647 1182 675 producere

332 685 470 713 generabilia
479 703 484 713 ,
503 686 555 714 quia
568 689 619 708 sunt
633 686 727 708 effectus
744 687 805 708 novi.
818 686 916 708 Effectus
927 688 1004 708 autem
1017 687 1071 708 novi
1088 687 1183 714 exigunt

332 730 424 746 causam
443 725 599 747 immediatam
610 743 615 752 ,
629 731 688 754 quae
700 728 775 753 potest
787 726 851 747 aliter
863 732 887 747 sc
899 725 985 747 habere
998 734 1008 746 1³
1025 726 1180 754 (D'Argentre,

331 763 421 787 Collect.
434 764 537 787 iudicior.
551 767 565 787 t.
579 765 592 787 l.
606 771 659 793 pag.
681 765 731 793 ¹90,
749 771 798 793 cap.
817 765 854 787 Vl.
871 764 901 787 de
918 765 971 793 Deo,
985 771 1006 787 n.
1020 765 1066 793 27.)
1076 768 1098 787 et
1115 764 1180 793 (ibid.

332 810 352 826 n.
371 804 406 826 36.
418 806 441 832 );
463 813 472 824 α
484 804 550 832 Quod
568 805 662 826 effectus
680 804 828 827 immediatus
845 811 856 826 a
874 805 950 833 primo
968 804 1037 827 debet
1054 811 1104 827 esse
1122 811 1183 827 unus

331 846 418 865 tantum
430 847 452 866 et
464 844 593 866 simillimus
610 845 705 871 primo»
727 844 783 871 (etr.
802 844 870 866 etiam
888 850 909 866 n.
928 844 964 866 30.
975 844 989 872 ).

394 882 452 905 Cum
470 883 562 910 saepius
579 882 727 904 articulorum
746 885 919 904 censuratornm
937 882 967 905 ab
985 883 1103 911 Episcopis
1120 883 1181 905 Pari-

331 922 516 949 siensibnscum
530 922 624 944 consilio
642 922 803 949 theologorum
820 922 960 944 mentionem
982 922 1104 944 fecerimus
1116 926 1138 944 et
1149 922 1181 944 sa-

331 962 388 983 cturi
406 962 485 988 simus,
504 967 548 983 non
566 961 645 983 inutile
662 961 710 988 erit,
728 967 801 988 pauca
820 960 849 982 de
865 961 899 983 cis
916 961 952 983 hic
969 963 1085 983 annotare.
1098 961 1181 984 Prima

331 1001 426 1023 istarum
449 1006 599 1022 censurarum
617 1000 674 1022 sacta
692 1002 727 1022 est
743 1006 754 1021 a
772 999 900 1027 Gulielmo‚
918 999 1034 1027 Episcopo
1052 1000 1180 1026 varisiensi,

331 1046 350 1062 a.
373 1040 430 1062 1240
448 1040 470 1061 in
488 1043 568 1062 octava
587 1039 742 1067 Epiphaniae,
761 1045 814 1061 eum
838 1039 933 1061 consilio
959 1039 1096 1066 doctorum,
1123 1039 1181 1061 inter

330 1084 390 1108 quos
407 1078 524 1101 eminebat
539 1078 667 1100 Alexander
684 1078 731 1100 Hal.
749 1078 810 1100 Ilaec
835 1084 931 1099 censura
958 1077 1067 1106 reprobat
1085 1078 1113 1099 10
1131 1079 1180 1100 arti-

331 1118 401 1145 culos,
419 1118 476 1140 inira
494 1117 517 1140 (1.
536 1118 572 1139 23.
590 1118 612 1139 in
630 1117 675 1139 fine
692 1123 703 1139 a
722 1117 744 1139 S.
763 1117 923 1139 Bonaventura
941 1118 1029 1144 integre
1042 1117 1178 1142 recensitos:

330 1158 379 1185 ipsa
397 1160 473 1179 autem
492 1156 521 1179 ab
538 1156 647 1178 omnibus
664 1159 698 1178 cst
714 1159 814 1184 recepta.
832 1154 968 1178 Secundam
985 1161 1106 1178 censuram
1129 1162 1179 1184 pro-

330 1196 444 1224 mulgarit
468 1196 598 1224 Stephanus
624 1195 733 1223 Tcmpier
758 1201 777 1216 a.
800 1194 865 1222 ¹270,
883 1194 920 1216 die
944 1195 1047 1217 Mercurii
1074 1198 1125 1222 post
1148 1195 1179 1217 se—

331 1239 391 1257 stum
409 1234 432 1256 B.
451 1234 535 1256 Nicolai
554 1233 672 1261 hiemalis,
691 1235 768 1255 contra
788 1233 815 1255 l3
834 1233 941 1255 articulos
967 1234 1121 1255 communiter
1146 1240 1179 1255 re-

330 1273 447 1301 probatos.
467 1272 544 1295 Tertia
562 1272 592 1294 ab
609 1272 692 1294 eodem
710 1273 766 1294 iacta
785 1274 819 1294 est
842 1274 895 1300 post
913 1268 1011 1294 mortem
1025 1272 1059 1294 Ss.
1073 1272 1177 1294 Thomae

330 1316 351 1335 et
368 1313 543 1334 Bonaventurae
553 1329 558 1337 ,
571 1318 590 1333 a,
608 1311 672 1338 1276,
691 1310 805 1333 dominica
823 1310 937 1337 Laelure;
950 1314 972 1333 ct
984 1316 1037 1332 cum
1050 1310 1121 1332 modo
1139 1317 1180 1333 no-

329 1352 420 1374 minatis
446 1351 474 1373 13
500 1350 635 1378 reprobavit
651 1350 760 1372 articulos
781 1350 833 1372 219.
859 1350 885 1371 lii
908 1350 996 1372 articuli
1021 1356 1075 1372 cum
1101 1350 1179 1373 litteris

329 1391 436 1419 Episcopi
454 1390 562 1418 Stephani
580 1390 687 1417 impressi
704 1392 757 1411 sunt
773 1390 795 1411 in
819 1389 886 1411 citato
909 1388 967 1411 libro
986 1388 1094 1412 collectio
1121 1389 1179 1412 incli-

329 1430 386 1453 cior.
399 1436 452 1458 pag.
470 1428 574 1450 175-184.
586 1428 727 1450 —Adiectis
738 1427 844 1456 pluribus
855 1428 904 1450 aliis
916 1428 937 1450 in
949 1428 1028 1456 Angliu
1041 1428 1178 1451 condemna-

328 1471 370 1497 tis,
389 1472 468 1497 postea
494 1469 550 1491 sacta
577 1470 610 1490 est
636 1468 738 1489 collectio
765 1468 847 1489 harum
866 1473 1030 1495 censurarum,
1048 1468 1177 1490 secundum

328 1509 447 1531 materiam
465 1509 486 1530 in
505 1508 533 1529 22
552 1507 650 1535 capitula
668 1506 796 1529 distributa.
814 1507 874 1529 Haec
900 1510 976 1529 autem
1003 1507 1105 1530 collectio
1131 1514 1178 1530 sae>

328 1549 423 1576 pissime
440 1548 552 1574 impressa
571 1549 612 1574 cst,
630 1546 765 1574 praesertim
792 1546 813 1568 in
838 1546 944 1574 plurimis
961 1546 1101 1568 editionibus
1126 1547 1177 1569 libri

329 1587 496 1609 Sententiarum
522 1589 544 1608 et
561 1586 582 1607 in
600 1585 700 1613 antiquis
717 1584 856 1607 editionibus
874 1584 1086 1608 Commentatorum
1112 1586 1177 1608 Lom-

327 1627 402 1649 bardi.
420 1627 491 1654 Magis
508 1626 605 1648 correcti
622 1628 644 1647 et
661 1631 714 1647 cun]
732 1625 809 1647 multis
834 1625 1035 1648 observationibus
1053 1626 1106 1648 editi
1124 1630 1177 1649 sunt

328 1668 411 1689 iterum
429 1667 450 1687 in
464 1664 573 1688 Collecti«)
589 1663 697 1687 iudicior.
710 1670 763 1692 pag.
781 1663 931 1686 1845325.-
943 1664 988 1686 Sed
1006 1665 1120 1692 imprimis
1137 1665 1176 1687 ob-

328 1705 469 1728 servandum
487 1708 527 1732 est,
545 1702 674 1727 secundam
686 1704 795 1731 Stephani
813 1709 950 1731 censuram,
969 1704 1020 1725 licet
1037 1704 1175 1733 plerumque

328 1745 460 1767 manifestos
476 1749 566 1765 errores
583 1743 775 1771 philosophorum
793 1743 927 1770 praesertim
940 1742 1043 1765 Arabum
1058 1743 1174 1772 reprobet,

328 1788 403 1806 tamen
421 1784 443 1805 in
462 1783 576 1805 nonnullis
593 1781 696 1804 thesibus
714 1782 895 1804 condemnandis
920 1782 1003 1805 limites
1028 1784 1129 1806 veritatis
1154 1787 1176 1807 61

328 1823 492 1845 moderationis
509 1822 640 1844 excessisse.

391 1862 516 1884 Nonnullae
539 1861 600 1883 enim
623 1861 748 1888 positiones
771 1862 792 1882 S.
817 1861 935 1889 Tnomue,
960 1868 981 1883 v.
1006 1868 1028 1889 g.
1052 1862 1079 1884 de
1102 1863 1175 1890 Ange-

327 1902 371 1930 lis,
396 1901 424 1924 de
447 1901 532 1923 unitate
555 1900 642 1922 formae.
664 1899 836 1927 substantialis,
860 1901 895 1923 vel
923 1901 1009 1923 directe
1031 1901 1067 1923 vel
1091 1901 1175 1924 indire-

1238 532 1272 552 cte
1289 531 1446 558 impetuntur,
1465 535 1489 552 ut
1506 530 1580 552 videri
1597 533 1672 558 potest
1689 530 1711 552 in
1730 529 1788 552 libro
1807 529 1916 553 Colleclio
1933 529 2086 553 iudiciorum.

1238 569 1302 591 Unde
1320 576 1331 591 a
1350 575 1395 592 non
1413 570 1493 597 paucis
1509 570 1565 592 viris
1583 569 1655 591 doctis
1667 569 1726 591 illius
1738 570 1817 591 aetatis
1834 570 1966 591 contrahas
1977 575 2086 592 censuras

1238 610 1357 631 instantiae.
1374 609 1445 631 sactae
1457 612 1517 637 sunt,
1530 612 1552 631 et
1563 614 1583 631 a.
1598 608 1656 630 1324
1668 609 1705 630 vel
1725 608 1784 631 t325
1802 607 1872 635 (iuxta
1890 609 2085 636 computationem

1238 649 1290 670 anni
1309 648 1398 676 civilis)
1417 648 1446 670 ab
1464 648 1534 670 altero
1552 648 1668 676 Stephano
1685 648 1759 676 Episc.
1778 647 1847 669 Paris.
1868 653 1949 671 omnes
1975 653 2085 670 censurae

1238 690 1359 709 revocatae
1376 689 1442 714 sunt,
1464 687 1506 708 «in
1524 690 1636 715 quantum
1654 685 1781 708 doctrinam
1801 686 1824 708 B.
1843 686 1947 708 Thomae
1967 686 2086 715 praedicti,

1239 725 1339 748 doctoris
1350 726 1434 753 eximii,
1447 728 1542 753 tangere
1559 728 1686 753 possunt».
1695 725 1793 747 —Hinc
1804 728 1873 753 patet,
1886 731 1913 747 ex
1925 726 1973 747 istis
1985 726 2088 748 censuris

1238 765 1325 787 nullum
1343 764 1511 792 praeiudicium
1529 764 1577 786 fieri
1595 770 1663 792 posse
1686 764 1812 786 auctoritati
1835 763 1953 786 doctrinae
1970 765 2086 793 Angelici;

1238 810 1280 826 nec
1298 810 1352 832 nos,
1370 803 1464 833 quando
1481 803 1597 826 interdum
1614 804 1717 826 veritatis
1733 804 1854 826 historicae
1872 809 1940 825 causa
1957 803 2087 831 praedictos

1238 843 1345 865 articulos
1362 843 1474 870 citamus,
1492 843 1561 865 ullam
1588 843 1621 864 eis
1643 846 1721 865 eontra
1739 842 1867 864 doctrinam
1885 842 1907 864 S.
1926 842 2029 865 Thomae
2047 849 2087 865 au-

1238 883 1366 904 ctoritatem
1383 882 1514 904 tribuimus.
1532 882 1580 904 Hoc
1597 882 1668 904 semel
1687 881 1774 904 dictum
1792 882 1897 904 sufficiat.

1302 922 1324 944 ll.
1342 921 1435 944 Constat
1452 921 1515 949 apud
1533 927 1614 943 omnes
1631 921 1745 949 doctores,
1768 921 1809 943 soli
1826 920 1874 943 Deo
1892 922 2011 949 propriam
2036 927 2086 944 csse

1238 962 1363 989 potentiam
1381 961 1521 988 creativam,
1540 963 1561 982 et
1578 959 1607 981 de
1625 960 1683 982 sacto
1701 960 1777 988 ipsum
1804 960 1879 982 solum
1905 960 1982 982 omnia
2008 960 2087 982 imme-

1237 999 1297 1021 diate
1323 1005 1421 1021 creasse.
1439 998 1484 1021 Sed
1502 999 1531 1020 de
1550 999 1700 1027 quaestione,
1722 1001 1800 1021 utrum
1825 997 1934 1028 possibile
1958 999 2000 1027 sit,
2024 998 2086 1027 quod

1237 1039 1298 1061 Deus
1315 1039 1382 1060 alicui
1400 1041 1517 1060 creaturae
1535 1038 1690 1059 communicet
1706 1038 1831 1065 potentiam
1847 1038 1882 1059 vel
1896 1041 1973 1060 actum
1985 1038 2086 1066 creandi,

1238 1084 1282 1100 non
1300 1077 1383 1099 eodem
1402 1077 1472 1099 modo
1489 1082 1571 1098 omnes
1588 1075 1723 1098 sentiebant.
1736 1076 1860 1098 Durandus
1879 1077 1932 1104 (hic
1949 1083 1970 1105 q.
1990 1076 2028 1105 4.)
2046 1083 2086 1105 pu-

1237 1118 1282 1144 tat,
1301 1115 1395 1144 probari
1418 1121 1463 1137 non
1489 1121 1573 1144 posse,
1599 1115 1742 1144 impossibile
1767 1122 1832 1144 esse,
1859 1116 1921 1145 quod
1945 1116 2007 1138 Deus
2031 1123 2087 1139 suae

1237 1158 1356 1177 creaturae
1373 1155 1529 1177 communicet
1546 1156 1672 1183 potentiam
1684 1157 1707 1177 61
1717 1158 1794 1177 actum
1812 1155 1920 1184 creandi,
1933 1161 1978 1177 non
1991 1155 2086 1184 quidem

1237 1194 1365 1216 seeundum
1383 1196 1455 1215 totum
1473 1199 1542 1215 suum
1560 1193 1685 1221 ambitum,
1698 1193 1739 1215 sed
1752 1193 1781 1216 ad
1798 1194 1898 1223 aliquem
1913 1194 2037 1222 specialem
2055 1195 2087 1217 es-

1237 1234 1329 1255 16610111,
1347 1233 1389 1255 Α111
1412 1236 1437 1255 111
1453 1232 1560 1260 Magister
1577 1232 1632 1260 (Ν.
1650 1233 1711 1255 Seni.
1730 1232 1751 1255 d.
1769 1232 1790 1255 5.
1808 1239 1828 1255 c.
1846 1233 1885 1262 3.)
1904 1233 2002 1262 docent,
2019 1240 2086 1262 repu-

1237 1278 1309 1300 gnare
1326 1271 1437 1301 quidem,
1456 1275 1585 1294 creaturam
1612 1271 1660 1294 fieri
1687 1278 1780 1294 causam
1798 1272 1890 1294 creandi
1913 1271 2084 1302 principalem,

1237 1317 1281 1333 non
1300 1317 1356 1333 vero
1367 1329 1372 1339 ‚
1390 1311 1438 1333 sieri
1457 1317 1550 1333 causam
1567 1309 1783 1333 instmmzenlalem.
1796 1311 1837 1332 Alii
1849 1312 1987 1334 recentiores
2004 1312 2086 1333 iterum

1236 1351 1362 1379 potentiam
1379 1350 1577 1373 instrumentalem
1590 1349 1734 1378 distinguunt
1750 1351 1772 1372 in
1790 1349 1928 1373 naturalem
1945 1354 1968 1373 et
1984 1349 2087 1373 obedien-

1236 1389 1331 1418 tialem,
1352 1389 1380 1412 de
1398 1396 1444 1418 qua
1466 1389 1544 1411 ultima
1570 1390 1709 1417 opinantur,
1732 1395 1783 1411 eam
1809 1396 1821 1411 a
1847 1389 1894 1411 Deo
1919 1390 2085 1412 communicari

1236 1435 1312 1458 posse.
1330 1428 1449 1457 Quidquid
1467 1429 1495 1451 sit
1512 1429 1541 1451 de
1558 1429 1601 1451 hac
1619 1428 1696 1451 ultima
1717 1429 1841 1457 opinione,
1867 1430 2013 1452 communior
2037 1435 2086 1452 sen-

1235 1469 1318 1496 tentia,
1337 1469 1374 1490 cui
1391 1468 1547 1496 suffragantur
1558 1468 1620 1490 Alex.
1633 1467 1681 1489 Hal.
1692 1486 1697 1496 ,
1710 1468 1732 1489 S.
1746 1468 1829 1490 Thom.
1840 1486 1845 1496 ,
1863 1468 1885 1490 S.
1907 1468 2005 1497 Bonav.,
2025 1469 2085 1491 Scot.

1235 1508 1333 1536 aliique,
1352 1507 1486 1535 simpliciter
1504 1510 1586 1534 negat,
1605 1507 1649 1529 hoc
1673 1513 1723 1529 csse
1741 1507 1857 1535 possibile.
1883 1506 1927 1529 Cfr.
1951 1508 1973 1530 S.
1991 1508 2084 1536 Bonav.,

1235 1547 1271 1569 hic
1288 1546 1391 1568 fundam.
1411 1546 1431 1568 3.
1451 1546 1479 1574 4,
1497 1548 1518 1568 et
1536 1546 1558 1568 d.
1576 1546 1598 1568 7.
1617 1552 1639 1574 p.
1658 1546 1681 1568 ll.
1700 1552 1720 1568 a.
1739 1547 1760 1568 ⁴2.
1778 1553 1800 1575 q.
1821 1547 1839 1568 l.
1857 1547 1879 1568 in
1897 1546 1956 1574 tine3
1975 1547 2007 1569 111.
2023 1547 2084 1569 Sent.

1235 1586 1256 1608 (1.
1277 1586 1312 1608 11.
1332 1585 1387 1608 dub.
1407 1586 1434 1614 1,
1461 1585 1483 1608 d.
1502 1585 1539 1607 40.
1557 1585 1614 1608 dub.
1633 1585 1661 1613 33
1687 1585 1702 1607 l.
1720 1586 1782 1607 Sent.
1800 1585 1822 1607 d.
1843 1585 1877 1607 14.
1895 1592 1915 1607 a.
1934 1586 1954 1607 2.
1973 1592 1995 1614 q.
2014 1586 2034 1608 2.
2056 1585 2085 1608 ad

1234 1625 1263 1653 6;
1282 1625 1318 1648 Ν.
1336 1625 1390 1647 Sent
1417 1624 1438 1646 (1.
1457 1625 1477 1646 ¹l.
1495 1631 1517 1652 p.
1536 1625 1550 1647 l.
1569 1631 1592 1653 q.
1611 1624 1631 1647 4.
1650 1625 1672 1646 in
1690 1624 1750 1652 fine3
1769 1627 1790 1647 et
1808 1625 1916 1647 Richard.
1934 1631 1946 1647 a
1964 1624 2030 1653 Med„
2049 1626 2085 1648 hic

1233 1670 1253 1686 a.
1274 1663 1293 1686 4.
1313 1671 1334 1693 q.
1354 1663 1383 1691 4;
1402 1664 1430 1686 de
1448 1664 1515 1686 Scoto
1534 1663 1574 1686 cfr.
1592 1664 1750 1686 Montefortino
1768 1664 1832 1686 Sum.
1850 1667 1864 1686 t.
1883 1664 1906 1686 ll.
1928 1671 1950 1693 q.
1969 1664 2005 1686 65.
2024 1671 2044 1686 a.
2062 1664 2083 1687 5.

1295 1703 1327 1726 111.
1346 1703 1408 1725 Alex.
1426 1703 1474 1725 Hal.
1485 1721 1490 1731 ‚
1508 1703 1529 1724 S.
1548 1709 1570 1730 p.
1590 1703 1612 1724 ll.
1626 1709 1648 1731 q.
1662 1703 1682 1725 9.
1695 1709 1726 1725 m.
1739 1703 1760 1725 7.
1774 1704 1795 1726 8.
1806 1715 1837 1720 —
1849 1704 1909 1726 Scot.
1919 1722 1924 1732 ,
1938 1704 1974 1726 Ν.
1987 1705 2048 1726 Sent.
2061 1704 2084 1728 d.

1234 1747 1253 1768 1,
1264 1752 1285 1774 q.
1300 1745 1308 1766 1
1323 1751 1327 1772 ;
1341 1746 1363 1765 et
1375 1743 1403 1765 (16
1415 1743 1501 1765 Rerum
1514 1743 1612 1770 princip.
1625 1749 1647 1771 q.
1661 1742 1681 1764 6.
1691 1755 1721 1759 -—
1733 1742 1755 1764 S.
1768 1742 1859 1771 Thom.,
1871 1743 1908 1765 liic
1920 1750 1942 1772 q.
1957 1745 1976 1767 i.
1989 1751 2009 1767 a.
2023 1745 2035 1767 3
2046 1753 2050 1774 ;
2061 1747 2083 1769 S.

1231 1785 1246 1806 l.
1256 1791 1278 1813 q.
1292 1783 1327 1805 45.
1341 1789 1361 1805 a.
1375 1782 1396 1804 5.
1409 1782 1472 1804 —B.
1486 1781 1578 1809 Albert.,
1591 1782 1627 1804 hic
1640 1788 1659 1804 a.
1672 1781 1693 1803 7.
1703 1781 1801 1804 —Pem
1814 1788 1826 1804 a
1840 1782 1905 1810 Tar.,
1918 1783 1954 1805 hic
1963 1790 1985 1812 q.
1996 1785 2017 1806 2.
2029 1790 2049 1806 a.
2063 1784 2083 1807 3.

1230 1836 1262 1840 —
1279 1822 1408 1845 Richarda
1422 1822 1480 1844 Med.
1491 1840 1496 1849 ,
1510 1822 1546 1844 hic
1558 1828 1577 1843 a.
1591 1821 1611 1843 4.
1625 1828 1646 1850 q.
1661 1821 1681 1843 2.
1693 1833 1725 1837 —-
1742 1821 1817 1849 AEgid.
1840 1822 1873 1850 R„
1891 1823 1929 1845 hic
1946 1829 1968 1851 q.
1986 1824 2007 1845 2.
2025 1829 2044 1845 a.
2063 1823 2084 1846 5.

1230 1863 1341 1884 —Henr.
1360 1861 1447 1889 (iamt,
1466 1861 1488 1883 S.
1506 1868 1526 1883 a.
1545 1860 1582 1883 25.
1600 1867 1621 1890 q.
1641 1861 1670 1889 63
1689 1860 1771 1889 Quodl.
1791 1860 1811 1883 4.
1830 1867 1852 1889 q.
1871 1861 1908 1883 37.
1924 1873 1956 1877 —
1973 1862 2083 1892 Durand.,

1232 1903 1268 1924 hic
1286 1908 1308 1930 q.
1327 1901 1347 1924 4.
1360 1913 1390 1917 -
1408 1901 1499 1928 Dionys.
1517 1900 1609 1929 Carth„
1628 1901 1664 1922 hic
1682 1907 1703 1929 q.
1722 1901 1743 1923 6.
1760 1912 1791 1917 --
1809 1901 1870 1928 Biel,
1889 1901 1925 1923 hic
1942 1908 1964 1930 q.
1983 1901 2004 1924 4.

1045 1979 1278 2013 ARTICULUS
1305 1980 1358 2012 III.

910 2061 950 2088 De
972 2060 1037 2097 ipsa
1055 2061 1248 2098 productione
1269 2061 1329 2090 siue
1350 2062 1504 2090 creatione.

408 2148 472 2176 Viso
494 2147 528 2176 de
548 2146 661 2175 entitate
683 2150 710 2175 et
730 2146 885 2183 quidditate
914 2147 1041 2184 principii
1075 2148 1177 2184 produ-

329 2194 474 2228 ducentis,
497 2193 642 2231 quaeritur
665 2193 709 2222 liic
730 2193 812 2221 tertio
833 2193 867 2222 (16
888 2194 948 2230 ipsa
974 2194 1175 2230 productione,

328 2249 400 2279 quae
422 2241 525 2270 creatio
543 2240 709 2278 appellatur.
725 2240 803 2269 Circa
818 2248 902 2277 quam
918 2244 1094 2277 quaeruntur
1109 2241 1174 2269 duo.

1315 2148 1438 2176 Primum
1460 2151 1517 2182 est,
1539 2151 1636 2176 utrum
1658 2147 1732 2176 dicat
1752 2148 1932 2177 mutationem
1948 2148 2081 2186 aliquam.

1313 2195 1472 2223 Secundum
1499 2198 1556 2229 est,
1588 2198 1684 2223 utrum
1708 2194 1782 2223 dicat
1803 2195 1909 2232 aliquid
1923 2194 1932 2208 ²
1955 2195 2080 2224 medium

1233 2241 1304 2269 inter
1326 2241 1484 2270 Creatorem
1507 2244 1534 2270 et
1559 2245 1726 2270 creaturam.

1102 2326 1265 2362 QUAESTIO
1287 2326 1304 2354 I.

924 2400 1029 2428 Utrum
1051 2400 1161 2428 creatio
1182 2400 1374 2429 initiationem
1396 2401 1485 2429 (licat.

408 2487 487 2524 Quod
509 2490 602 2516 autem
624 2487 697 2516 dicat
718 2487 917 2521 mutationem,
939 2486 1069 2515 videtur:

412 2536 434 2562 1.
457 2534 549 2563 Primo
573 2542 624 2572 per
655 2534 848 2563 auctoritatem
881 2532 1042 2570 Augustini,
1074 2532 1178 2561 duode-

333 2581 405 2610 cimo
426 2581 460 2610 de
482 2581 597 2610 Civitate
618 2581 666 2609 Dei
683 2580 707 2609 ³:
736 2592 748 2606 «
763 2580 861 2609 Omnia
883 2588 955 2617 quae
976 2582 1069 2609 creata
1099 2582 1177 2613 sunt,

1234 2486 1379 2514 mutabilia
1400 2490 1480 2521 sunt,
1502 2487 1568 2524 quia
1590 2487 1624 2516 de
1645 2487 1732 2516 nihilo
1752 2487 1825 2516 sacta
1845 2491 1937 2516 sunt»
1954 2499 1960 2522 3
1976 2487 1997 2516 si
2014 2495 2080 2524 ergo

1234 2533 1354 2561 creabile
1375 2536 1416 2561 est
1438 2533 1588 2568 mutabile,
1610 2542 1676 2571 ergo
1698 2538 1823 2563 creatum
1853 2538 1894 2562 est
1924 2537 2079 2569 mutatum,

1234 2582 1261 2608 et
1282 2579 1384 2608 creatio
1406 2583 1447 2608 est
1469 2580 1593 2609 mutatiO.
1617 2581 1650 2610 Sz'
1671 2585 1702 2609 tu
1723 2581 1823 2614 dicas,
1845 2581 1918 2618 quod
1948 2584 1990 2609 est
2021 2588 2080 2609 mu-

392 2702 399 2716 l
418 2703 541 2731 Sequimur
554 2702 621 2725 codd.
634 2702 649 2724 F
658 2702 674 2724 N
685 2701 717 2724 bb
726 2705 837 2730 ponentes
849 2702 926 2725 omnis
937 2701 1034 2725 nunterz'
1044 2708 1086 2730 pro
1098 2700 1175 2724 omnis

329 2747 459 2770 numerus,
479 2747 538 2770 quac
556 2741 621 2764 lectio
639 2748 683 2763 non
701 2740 761 2763 hene
777 2742 868 2763 retineri
881 2744 955 2769 potest
967 2744 1062 2769 propter
1074 2744 1174 2762 constru-

330 2781 427 2803 ctionem
439 2781 635 2808 grammaticalem
648 2782 792 2809 sequentinm
806 2781 997 2809 propositionum,
1008 2782 1111 2808 respectu
1121 2786 1174 2808 qua-

329 2825 380 2841 rum
393 2820 460 2841 etiam
473 2820 494 2841 in
507 2819 574 2841 codd.
587 2820 702 2842 invenitur
714 2821 770 2842 mira
783 2821 893 2846 varictas;
906 2821 938 2841 sic
950 2819 1001 2841 cod.
1022 2819 1040 2841 Y
1056 2818 1174 2848 sufficiens

329 2864 371 2887 per
387 2863 411 2880 se
423 2858 443 2880 et
455 2857 550 2880 omnino
568 2857 683 2886 actualis,
703 2858 753 2881 cod.
766 2859 785 2881 M
797 2858 917 2888 sufficiens
933 2865 976 2888 pet·
991 2864 1015 2881 sc
1026 2859 1049 2881 ct
1064 2857 1114 2880 ideo
1126 2863 1174 2880 non

330 2896 406 2920 onmis
424 2896 552 2925 (omnino‘l)
570 2897 673 2920 actualis
682 2906 692 2926 ,·
709 2898 787 2925 plures
805 2897 872 2919 codd.
890 2899 911 2920 et
928 2897 978 2920 ideo
990 2896 1105 2924 actuali&
1123 2897 1173 2919 Vat.

330 2942 382 2958 cum
394 2935 501 2964 pluribus
512 2935 579 2958 codd.
592 2937 613 2959 et
623 2936 674 2959 ideo
686 2942 734 2959 non
745 2936 821 2959 solum
834 2936 936 2959 actualis
945 2945 953 2964 ‚·
967 2936 1048 2959 eadem
1062 2936 1110 2958 Vat.
1121 2941 1173 2957 cum

330 2975 410 3003 paucis
427 2980 480 2997 mss.
499 2978 550 3002 post
566 2974 668 2998 actualis
685 2975 748 2997 addit
765 2976 786 2998 et
802 2975 897 2998 ommno
915 2975 998 2998 activa.
1024 2975 1079 2997 Dein
1105 2975 1174 3003 aliqui

1232 2701 1299 2723 codd.
1318 2705 1342 2724 ut
1360 2702 1401 2730 ΡΩ
1418 2702 1522 2731 potestas
1538 2702 1649 2730 attineri,
1670 2703 1747 2730 plures
1770 2709 1823 2725 cum
1842 2703 1891 2725 Vat.
1916 2702 2020 2732 potentia
2036 2709 2079 2725 mt-

1231 2740 1292 2763 φησι-ι’
1308 2746 1351 2768 pro
1368 2740 1482 2770 quoniam
1499 2742 1606 2770 estpars
1623 2741 1729 2769 nurnerz',
1749 2748 1819 2770 quam
1838 2742 1957 2764 lectionem
1970 2749 1996 2764 ex
2010 2742 2077 2765 codd.

1232 2779 1250 2800 M
1269 2785 1295 2800 aa
1308 2779 1349 2805 (bb
1362 2786 1373 2801 a
1387 2779 1488 2801 secunda
1500 2782 1579 2807 manu)
1597 2781 1618 2802 in
1636 2783 1721 2802 textum
1739 2781 1877 2808 recepImus,
1895 2784 1916 2803 et
1934 2787 1945 2802 a
1963 2787 2008 2810 qua
2026 2780 2076 2803 cod.

1233 2818 1251 2840 V
1268 2824 1321 2840 cum
1339 2818 1375 2840 cd⁴
1398 2819 1402 2840 l
1425 2819 1446 2840 in
1465 2819 1507 2841 hoc
1525 2819 1620 2847 recedit,
1639 2819 1701 2848 quod
1720 2820 1801 2842 omittit
1818 2819 1932 2848 quoniam
1949 2819 1989 2842 est.

1294 2856 1303 2870 ‘²
1320 2856 1391 2879 Codd.
1410 2857 1426 2879 F
1435 2858 1453 2880 1<
1472 2857 1577 2887 ult'quod.

1293 2895 1301 2909 ³
1319 2894 1374 2923 Cap.
1396 2896 1413 2917 l.
1431 2902 1452 2918 n.
1471 2896 1500 2918 3:
1519 2897 1547 2918 lia
1566 2903 1629 2924 vero,
1648 2903 1706 2925 quac
1725 2897 1786 2922 lecit,
1812 2896 1872 2919 hom
1890 2896 1984 2925 quidem
2010 2902 2075 2924 esse,

1231 2934 1294 2964 quod
1311 2934 1340 2956 ab
1358 2934 1409 2962 illo;
1427 2939 1587 2958 verumtamen
1605 2935 1736 2963 mutabilia,
1754 2935 1817 2964 quod
1843 2941 1887 2957 non
1909 2935 1938 2957 de
1964 2935 2012 2963 illo,
2035 2935 2075 2957 sed

1231 2974 1259 2996 de
1278 2973 1346 2995 nihilo
1365 2972 1420 2995 sacta
1439 2977 1497 2996 sunt.
