2243 3425
14 341 78 359 Modus

3 1477 15 1496 d
27 1478 102 1502 opposi-

22 1503 65 1519 tum.

681 212 764 241 DIST.
786 213 874 242 XXIV.
898 213 924 241 P.
946 214 965 241 l.
987 213 1060 242 ART.
1081 213 1111 242 ΙΙ.
1133 213 1268 250 QUAEST.
1291 214 1319 242 11.

125 289 194 318 adeo
216 289 362 325 elongatur
390 290 426 318 ab
447 290 507 327 ipsa
539 290 710 325 substantia,
732 293 763 319 ut
795 291 868 320 dicat
889 291 972 320 aliam

92 341 109 359 4-
124 336 272 365 essentiam
295 337 471 374 completam.
491 354 529 357 —
543 337 570 365 Si
598 340 691 366 autem
715 340 780 366 sunt
808 337 975 366 similitudi-

123 391 190 416 neS,
213 383 252 412 sic
274 386 339 412 sunt
360 383 387 412 in
409 391 511 421 genere
528 392 582 421 per
603 383 801 412 reductionem
830 387 857 413 et
892 384 974 413 redu-

126 433 228 459 cuntur
257 430 290 458 ad
324 430 398 459 idem
419 438 522 467 genus,
555 430 608 459 sub
629 438 685 468 quo
716 431 893 459 continentur
925 431 972 460 illa

125 485 246 514 quorum
270 480 334 506 sunt
356 476 568 511 similitudines,
589 480 621 506 ut
641 479 717 513 patet
738 477 765 505 in
787 477 970 506 similitudine

125 523 262 552 albedinis
283 526 310 552 et
338 523 454 557 coloris,
475 530 547 560 quae
575 523 689 560 quidem
711 531 766 552 non
794 526 836 552 est
855 523 971 558 albedo,

1823 216 1878 245 563

1031 292 1080 320 sed
1110 295 1141 321 ut
1161 291 1277 326 albed03
1299 300 1354 321 non
1375 295 1417 321 est
1446 292 1537 327 color,
1560 293 1607 322 sed
1630 297 1661 322 ut
1682 294 1765 323 color.
1782 311 1819 314 —
1834 294 1879 323 Po-
1893 301 1987 320 :nodosa

1031 340 1150 373 stremo,
1172 338 1239 376 quia
1256 338 1439 376 privationes
1461 347 1516 368 non
1538 339 1641 369 habent
1662 340 1810 369 essentiam
1832 340 1878 369 ali-

1030 392 1114 422 quam
1136 385 1189 413 nisi
1210 392 1261 421 per
1283 385 1428 421 habitum,
1451 386 1477 414 in
1500 386 1597 415 eodem
1626 394 1727 424 genere
1748 395 1807 415 esse
1832 387 1877 416 ha—

1029 431 1114 465 bent,
1135 431 1162 460 in
1185 440 1240 469 quo
1261 435 1288 460 et
1310 432 1438 467 habitus,
1460 441 1510 470 per
1541 433 1734 462 reductionem
1749 434 1768 462 ¹.
1787 451 1824 455 -—
1848 434 1877 462 Et

1029 478 1068 507 sic
1090 481 1165 515 patet
1186 479 1330 516 responsio
1351 479 1387 508 ad
1409 480 1502 508 omnia
1522 481 1656 518 quaesita.

870 613 1133 650 SOHOLION.

186 704 200 725 l.
218 703 291 726 Huius
308 704 448 732 quaestionis
473 704 568 732 solutio,
593 706 618 726 ut
638 705 688 731 ipse
705 703 726 725 S.
745 703 829 726 Doctor
847 703 971 731 observat,

124 742 239 770 dependet
256 748 268 764 a
286 743 399 765 solutione
417 743 556 771 quaestionis
572 742 602 765 de
627 742 736 765 relatione
753 743 907 770 potentiarum
926 744 971 765 ani-

123 788 173 804 mae
191 782 220 803 ad
237 782 310 810 ipsius
327 783 462 810 essentiam,
481 781 508 804 de
531 788 576 810 qua
601 783 647 804 iam
664 781 807 810 disputatum
825 783 858 804 est
875 782 889 804 l.
908 782 967 804 Sent.

122 821 143 842 d.
164 821 183 842 3.
202 827 225 848 p.
244 821 268 843 11.
287 827 305 843 a.
328 821 345 843 i.
364 827 385 849 q.
404 821 425 849 3,
443 820 482 843 ubi
500 822 522 843 in
538 820 625 843 scholio
638 821 706 843 etiam
727 821 851 843 sententiae
864 820 970 844 diversae

121 866 174 882 cum
188 860 242 882 locis
257 862 377 882 auctorum
394 859 496 882 breviter
513 862 602 882 notatae
619 862 678 882 sunt.
690 859 731 882 Hic
748 862 836 882 tantum
853 859 968 888 addimus,

121 899 183 927 quod
202 900 260 921 lianc
277 901 364 927 quaest.
383 897 488 921 distincte
505 901 585 921 tractat
601 899 644 921 hoc
662 898 711 921 loco
738 898 795 921 petr.
813 905 825 921 a
844 899 912 927 Ta1·.‚
932 899 969 921 liic

120 945 141 967 q.
157 938 178 960 3.
196 944 216 960 a.
238 939 255 966 i,
273 942 295 961 et
311 938 356 960 sub
374 938 417 960 alio
435 941 540 966 respectu
559 938 580 960 S.
594 938 686 966 Tuom„
699 938 720 960 S.
738 938 752 960 1.
769 944 791 966 q.
805 938 841 960 80.
855 944 874 961 a.
892 939 909 966 t,
929 940 968 967 qui

120 976 249 1000 secundam
266 978 398 1006 opinionem
416 977 522 1005 praefert,
541 981 565 1000 ut
583 981 648 1000 antea
666 979 711 1000 iarn
730 977 816 1000 dictum
834 981 874 1000 est.
893 978 967 1000 Prima

1029 706 1106 726 autem
1123 705 1201 733 opinio
1221 705 1289 733 longa
1315 705 1468 734 disputatione
1488 706 1618 730 detenditur
1635 707 1664 730 ab
1680 708 1778 731 Henrico
1795 709 1874 737 Gand.,

1028 743 1110 771 Quodl.
1130 744 1150 765 3.
1168 750 1189 772 q.
1207 744 1240 766 14.
1255 745 1317 773 (non,
1336 748 1360 767 ut
1378 744 1409 767 ibi
1427 745 1513 768 dictum
1532 748 1572 774 est,
1585 746 1668 774 Quodl.
1687 747 1707 769 4.
1726 754 1748 776 q.
1766 746 1805 776 7,).
1824 748 1875 770 Sco-

1027 785 1063 804 tus
1080 788 1137 805 vero
1155 782 1187 810 (lI.
1205 783 1266 805 Sent.
1284 783 1306 806 d.
1326 783 1362 805 16.
1379 789 1400 812 q.
1419 784 1496 812 unica)
1527 783 1609 807 diffuse
1634 786 1675 807 has
1692 788 1738 808 tres
1755 787 1874 814 opiniones

1027 826 1157 850 eorumque
1182 825 1316 849 argumenta
1343 824 1446 845 evertere
1472 823 1549 846 nititur
1571 829 1684 852 suamque
1706 823 1874 847 distinctionem

1026 859 1153 888 formalem
1171 861 1208 883 hic
1229 860 1329 883 adhibet.
1355 873 1385 877 ——
1406 861 1429 883 ln
1447 864 1492 884 tota
1510 862 1553 884 hac
1574 863 1720 891 quaestione,
1738 864 1873 891 pi‘aeserum

1026 899 1048 921 in
1066 905 1128 927 corp.
1147 902 1169 921 et
1185 900 1207 921 in
1226 900 1291 922 solut.
1310 899 1340 922 ad
1358 901 1378 922 2.
1398 900 1418 922 4.
1437 900 1457 922 6.
1476 901 1497 928 8,
1516 904 1641 924 occurrunt
1658 902 1722 924 varia
1734 904 1755 924 et
1767 901 1873 925 notabilia

1027 937 1163 961 documenta
1182 939 1347 967 philosophica.

887 1067 1050 1104 QnAesrio
1072 1068 1100 1096 n.

393 1153 498 1182 Utrum
518 1153 655 1190 superior
682 1157 707 1182 et
728 1152 854 1190 inferior
873 1153 971 1190 portio
994 1154 1196 1190 potentiarum
1217 1154 1276 1182 sint
1298 1154 1432 1184 diversae
1451 1155 1603 1192 potentiae.

196 1240 322 1269 Secundo
338 1240 484 1277 quaeritur
500 1239 534 1269 de
556 1239 603 1268 illa
618 1239 754 1269 divisione
776 1240 963 1277 potentiarum

117 1287 242 1321 animae,
264 1294 336 1324 quae
358 1290 398 1315 est
421 1294 470 1324 per
492 1286 667 1324 superiorem
682 1289 709 1315 et
730 1286 889 1315 inferiorem
905 1295 966 1324 por-

117 1334 233 1368 tionemg
249 1337 275 1363 et
290 1337 331 1363 est
353 1334 491 1371 quaestio,
512 1336 607 1362 utrum
631 1333 759 1370 superior
781 1334 871 1370 portio
886 1337 913 1362 et
927 1334 965 1362 in-

115 1380 199 1409 ferior
222 1380 276 1408 sint
298 1380 425 1409 diversae
447 1380 594 1416 potentiae.
618 1380 648 1408 Et
669 1380 743 1417 quod
767 1380 821 1414 sic,
844 1380 963 1409 videtur.

197 1429 220 1455 1.
244 1427 319 1456 Sicut
341 1427 407 1455 dicit
429 1427 600 1464 Augustinus
626 1427 793 1456 duodecimo
822 1427 856 1456 de
879 1427 965 1456 Trini—

115 1473 210 1508 tate²,
232 1474 303 1502 inter
332 1474 506 1510 superiorem
528 1473 684 1510 portionem
714 1473 829 1502 rationis
851 1477 878 1502 et
900 1473 965 1502 infe-

114 1522 216 1550 riorem
247 1523 288 1549 est
319 1521 495 1558 coniugium,
527 1520 593 1557 quia
615 1520 683 1549 haec
716 1520 819 1549 dicitur
851 1520 915 1554 vir,
937 1524 965 1549 et

114 1568 161 1596 illa
183 1567 285 1597 dicitur
307 1567 429 1601 muner,-
451 1567 500 1596 sed
521 1575 575 1595 non
598 1570 639 1596 est
655 1567 814 1604 coniugium
837 1567 962 1596 eiusdem

113 1615 149 1644 ad
171 1622 215 1649 se,
244 1615 293 1644 sed
315 1615 419 1644 diversi
449 1615 484 1643 ad
506 1614 666 1643 diversum:
690 1622 753 1643 cum
782 1614 868 1651 igitur
890 1615 961 1644 inter

114 1663 182 1691 haec
197 1662 254 1691 duo
269 1662 304 1691 sit
325 1662 502 1699 coniugium,
524 1661 550 1690 in
567 1664 704 1698 quantum
725 1665 790 1690 sunt
811 1662 962 1698 potentiae,

114 1716 181 1745 ergo
202 1709 228 1737 in
252 1716 353 1745 genere
377 1709 514 1745 potentiae
536 1712 601 1737 sunt
623 1708 761 1737 diversae.

193 1758 218 1785 ἰ).
241 1757 323 1790 Item,
346 1756 417 1785 sicut
440 1757 465 1784 in
481 1756 612 1792 pluribus
633 1755 700 1784 locis
720 1756 745 1784 in
770 1756 841 1785 libro
857 1756 891 1785 de
907 1757 964 1786 Tri-

112 1804 218 1833 nitate³
240 1803 305 1833 dicit
326 1803 512 1839 Augustinus,
536 1803 626 1839 imago
648 1810 702 1831 non
725 1803 851 1832 consistit
872 1804 899 1832 in
921 1813 963 1834 ra—

112 1851 186 1880 tione
207 1854 343 1888 quantum
365 1850 401 1879 ad
424 1849 582 1878 inferiorem
605 1853 730 1887 partem,
753 1849 801 1878 sed
823 1854 960 1887 quantum

111 1897 147 1926 ad
180 1897 373 1934 superiorem3
405 1896 453 1926 sed
486 1905 544 1924 esse
575 1896 616 1925 acl
646 1896 804 1933 imctgyinem
837 1904 891 1925 non
920 1901 961 1926 est

111 1944 239 1974 accidens
269 1944 398 1981 potentiis
430 1944 551 1977 animae,
584 1944 632 1972 sed
661 1947 703 1972 est
727 1943 766 1972 eis
798 1944 959 1972 essentiale:

112 2000 175 2022 cun]
212 1991 296 2028 igitur
331 1991 460 2028 superior
495 1990 586 2027 portio
621 1994 647 2019 et
683 1990 796 2019 inferior
831 1990 961 2019 differant

110 2047 161 2077 per
182 2047 241 2067 esse
262 2038 303 2067 αα
327 2038 486 2075 z'mayinem
511 2041 538 2067 et
558 2045 616 2066 iton
637 2046 696 2066 esse
725 2037 765 2066 ad
786 2037 958 2076 imaginem,

110 2087 238 2120 videtur,
261 2085 336 2122 quod
351 2085 406 2113 sint
427 2085 564 2122 potentiae
580 2092 630 2121 per
650 2084 799 2113 essentiam
822 2085 958 2116 diversae.

189 2133 215 2161 3.
237 2132 319 2166 ltem,
336 2132 407 2160 sicut
422 2132 483 2161 vult
498 2132 668 2168 Augustinus
680 2132 701 2165 ⁴,
723 2133 852 2169 superior
867 2135 958 2170 portio

110 2189 138 2210 se
161 2181 245 2209 babet
266 2179 301 2208 ad
333 2178 508 2213 inferiorem,
541 2179 613 2208 sicut
635 2187 735 2217 repens
760 2179 795 2208 ad
827 2184 958 2215 rectum,-

109 2235 211 2265 reyens
240 2229 334 2255 autem
363 2229 389 2254 et
409 2229 521 2254 recitem
550 2225 671 2254 suntad
693 2225 810 2254 invicem
842 2226 957 2256 relative

109 2274 249 2312 opposita:
273 2274 293 2302 si
317 2281 383 2310 ergo
405 2273 521 2301 relative
535 2273 662 2310 opposita
683 2281 737 2301 non
759 2277 876 2310 possunt
897 2281 957 2304 esse

109 2321 183 2350 circa
204 2320 295 2354 idem,
317 2327 429 2348 necesse
451 2323 507 2351 est,
529 2319 611 2348 aliam
634 2327 694 2348 esse
713 2320 864 2356 potentiam
887 2329 958 2357 quae

109 2367 196 2404 regit,
218 2366 301 2395 aliam
323 2373 394 2403 quae
416 2366 531 2402 regitur.

188 2414 214 2442 lt.
237 2413 317 2446 Item,
340 2412 408 2440 nihil
424 2412 579 2441 secundum
602 2412 675 2441 idem
698 2413 753 2449 agit
768 2416 794 2441 et
816 2414 920 2450 patitur
936 2415 958 2449 ⁵3

109 2462 158 2491 sed
180 2460 333 2498 superioris
362 2459 496 2496 portionis
527 2462 569 2487 est
591 2467 703 2487 movere
725 2459 900 2494 inferiorem,
932 2465 959 2489 et

109 2508 248 2537 inferioris
280 2510 321 2536 est
352 2507 478 2535 meteri:
502 2514 567 2543 ergo
600 2506 770 2543 impossibile
799 2510 852 2541 est,
882 2508 956 2545 quod

109 2558 278 2584 concurrant
299 2555 326 2583 in
349 2553 466 2583 eandem
488 2554 652 2590 potentiam:
676 2561 742 2590 ergo
764 2557 814 2583 etc.

189 2603 214 2630 ὃ.
236 2601 318 2634 Item,
342 2601 363 2629 si
397 2601 466 2629 ratio
493 2601 620 2637 superior
649 2604 676 2629 et
697 2600 812 2629 inferior
834 2609 887 2630 non
910 2601 958 2630 dif-

985 2460 989 2632 l

1023 1239 1141 1274 ferrent,
1160 1240 1211 1269 nisi
1228 1241 1293 1277 quia
1308 1240 1376 1269 haec
1392 1241 1509 1270 intendit
1524 1242 1657 1275 aeternis,
1679 1246 1706 1271 et
1721 1242 1768 1271 illa
1789 1243 1874 1272 inten-

1024 1286 1064 1316 dit
1088 1287 1290 1324 temporalibus
1304 1288 1321 1322 ⁶,
1351 1295 1417 1325 ergo
1439 1296 1493 1316 non
1514 1288 1578 1325 plus
1601 1288 1758 1324 differrent,
1787 1298 1872 1327 quam

1023 1334 1122 1362 oculus
1143 1334 1280 1371 aspiciens
1301 1343 1414 1364 sursum
1437 1338 1464 1364 et
1491 1335 1628 1372 aspiciens
1650 1336 1801 1369 deorsum;
1824 1337 1872 1366 sed

1023 1381 1100 1410 nullo
1123 1381 1205 1410 modo
1226 1381 1362 1410 dividitur
1383 1382 1482 1411 oculus
1504 1383 1531 1411 in
1553 1383 1727 1420 superiorem
1757 1387 1784 1413 et
1809 1384 1873 1413 infe-

1023 1429 1142 1463 riorem,
1164 1436 1216 1466 pro
1237 1436 1269 1458 eo
1298 1429 1372 1466 quod
1401 1429 1500 1466 aspicit
1521 1437 1636 1459 sursum
1667 1433 1694 1458 et
1721 1431 1870 1460 deorsum:

1023 1482 1089 1511 ergo
1111 1482 1161 1504 nec
1182 1475 1253 1504 ratio
1275 1475 1312 1504 sic
1332 1475 1419 1504 dividi
1441 1476 1562 1505 deberet.
1586 1476 1611 1504 Si
1634 1484 1700 1513 ergo
1722 1477 1870 1512 dividitur,

1022 1529 1088 1559 ergo
1117 1523 1188 1550 ratio
1219 1523 1348 1559 superior
1379 1526 1405 1551 et
1428 1523 1540 1552 inferior
1562 1532 1616 1552 non
1650 1524 1783 1553 differunt
1814 1529 1871 1553 tan-

1021 1571 1082 1597 tum
1104 1576 1189 1606 penes
1218 1572 1297 1598 actus
1325 1573 1352 1598 et
1376 1573 1522 1607 aspectus.
1554 1571 1600 1599 sed
1624 1571 1707 1599 etiam
1737 1579 1821 1608 penes
1844 1572 1870 1601 id

1022 1616 1097 1653 quod
1119 1619 1192 1645 sunt.

1103 1665 1127 1692 6.
1150 1664 1233 1698 Item,
1261 1664 1283 1693 si
1306 1664 1396 1693 solum
1425 1672 1511 1701 penes
1532 1668 1661 1702 aspectus
1690 1665 1816 1694 diversos
1844 1669 1871 1695 et

1021 1713 1099 1739 actus
1121 1714 1194 1739 esset
1216 1711 1251 1739 ibi
1268 1711 1439 1746 differentia,
1462 1719 1525 1740 cum
1548 1712 1618 1740 ratio
1639 1712 1733 1749 Angeli
1755 1712 1869 1749 aspiciat

1020 1760 1047 1786 et
1078 1758 1224 1794 superiora
1256 1762 1283 1787 et
1315 1758 1457 1792 inferiora,
1491 1758 1617 1793 videtur,
1649 1759 1723 1796 quod
1755 1759 1870 1788 deberet

1020 1803 1106 1833 dividi
1123 1804 1150 1833 in
1166 1805 1341 1842 superiorem
1357 1808 1384 1834 et
1399 1805 1574 1839 inferiorem3
1597 1805 1645 1834 sed
1666 1805 1727 1834 talis
1748 1805 1847 1835 divisio
1861 1807 1870 1821 ⁷

1017 1851 1045 1879 in
1069 1852 1198 1888 potentiis
1219 1852 1312 1889 Angeli
1335 1860 1389 1881 non
1412 1853 1556 1881 consuevit
1575 1853 1726 1890 assignari:
1748 1853 1870 1891 amplius

1019 1905 1085 1935 ergo
1107 1898 1241 1927 differunt
1269 1907 1352 1936 quam
1386 1899 1541 1928 secundum
1564 1903 1644 1929 actus
1666 1903 1693 1929 et
1721 1904 1868 1937 aspectus:

1018 1952 1084 1982 ergo
1108 1945 1180 1974 redit
1200 1946 1275 1975 idem
1291 1946 1367 1983 quod
1388 1947 1480 1984 prius,
1503 1946 1578 1984 quod
1594 1950 1659 1976 sunt
1681 1947 1809 1976 diversae
1824 1956 1871 1984 po-.

1017 1992 1119 2021 tentiae
1141 1993 1297 2022 secundum
1320 1994 1347 2023 id
1370 1994 1444 2031 quod
1468 1998 1541 2022 sunt.

1096 2040 1149 2068 SED
1170 2048 1298 2069 CONTRA:
1324 2042 1347 2069 1.
1370 2041 1541 2078 Augustinus
1556 2041 1623 2070 dicit
1643 2042 1810 2071 duodecimo
1832 2043 2008 2072 dePundamenta.

1016 2087 1149 2116 Trinitate
1162 2087 1183 2115 Β;
1211 2098 1224 2113 «
1239 2087 1309 2116 Cum
1331 2087 1497 2117 disserimus
1519 2087 1553 2117 de
1574 2091 1676 2117 natura
1697 2089 1797 2118 mentis
1819 2090 1869 2119 hu-

1016 2142 1128 2168 manae,
1150 2134 1185 2163 de
1200 2142 1256 2163 una
1278 2134 1399 2172 quadam
1422 2143 1452 2164 re
1467 2135 1645 2169 disserimus,
1667 2143 1717 2164 nec
1738 2143 1799 2164 eam
1815 2144 1865 2173 per

1015 2180 1084 2210 haec
1106 2181 1178 2215 duo,
1199 2189 1271 2218 quae
1302 2181 1535 2215 commemoravi,
1567 2181 1620 2210 nisi
1644 2189 1695 2218 per
1716 2181 1806 2210 officia
1824 2190 1867 2219 ge-

1015 2227 1156 2256 minamus
1169 2239 1181 2252 »
1199 2245 1237 2248 —
1258 2235 1351 2256 sermo
1372 2231 1562 2265 praecesserat
1584 2228 1618 2256 de
1644 2229 1781 2265 superiori
1804 2237 1865 2265 por-

1016 2274 1089 2302 tione
1111 2274 1225 2303 rationis
1247 2279 1274 2303 et
1296 2274 1418 2303 inferiori
1434 2291 1471 2295 ——
1487 2282 1553 2311 ergo
1577 2278 1627 2303 etc.

1097 2322 1122 2349 02.
1146 2321 1225 2351 Item.
1253 2331 1265 2347 (ι
1280 2321 1384 2353 anima.
1408 2321 1480 2349 sicut
1501 2321 1567 2350 dicit
1589 2321 1804 2358 Pliilosopliils⁹‚
1826 2330 1866 2352 se-

1016 2368 1140 2396 cundum
1164 2367 1334 2396 intellectum
1351 2367 1471 2404 quodam
1495 2367 1578 2396 modo
1598 2370 1640 2396 est
1655 2369 1747 2397 omnia
1762 2380 1774 2394 n
1786 2367 1863 2403 ,sed

1016 2415 1068 2443 hoc
1083 2423 1136 2442 non
1159 2418 1244 2448 esset,
1260 2415 1311 2443 nisi
1327 2415 1448 2451 potentia
1464 2414 1644 2449 intellectiva,
1660 2423 1723 2444 cum
1743 2416 1778 2444 sit
1793 2424 1862 2452 una,

1015 2465 1080 2490 nata
1101 2465 1173 2490 esset
1194 2469 1360 2498 cognoscere
1391 2462 1497 2489 omnia:
1521 2462 1543 2490 si
1576 2470 1642 2499 ergo
1668 2462 1770 2492 dicitur
1792 2464 1862 2493 ratio

1015 2508 1168 2544 superior,
1195 2508 1221 2536 in
1239 2510 1375 2544 quantum
1398 2509 1537 2545 cognoscit
1559 2509 1716 2545 superiora,
1745 2514 1772 2539 et
1793 2510 1863 2548 infe-

1015 2555 1096 2588 rior,
1120 2555 1146 2582 in
1163 2558 1299 2591 quantum
1329 2555 1468 2591 cognoscit
1490 2555 1635 2591 inferiora,
1657 2564 1723 2593 ergo
1743 2565 1798 2585 non
1820 2561 1861 2587 est

1015 2602 1067 2630 alia
1091 2604 1117 2629 et
1138 2601 1192 2629 alia
1214 2602 1344 2638 potentia.

172 2732 177 2746 ¹
198 2732 241 2755 Csr.
262 2733 275 2754 l.
294 2733 354 2755 Sont.
375 2733 396 2754 d.
417 2733 437 2754 3,
455 2739 477 2760 p.
496 2733 518 2754 ll.
537 2740 556 2754 a.
579 2734 595 2754 l.
614 2739 635 2761 q.
655 2733 675 2754 3.
694 2736 714 2755 ct
732 2734 793 2756 Alex.
812 2734 874 2757 Hal..
894 2734 914 2755 S.
934 2740 954 2761 p.

109 2773 132 2795 ll.
151 2780 172 2802 111.
191 2773 227 2794 87.
246 2779 275 2795 ni⁴
300 2774 315 2794 1.
334 2779 353 2794 a.
373 2773 392 2794 2.
411 2772 424 2800 S
447 2773 450 2793 Ι

171 2811 181 2826 2
197 2811 251 2839 Cap.
270 2812 290 2833 3.
310 2818 329 2833 n.
349 2812 369 2833 3.
388 2815 410 2834 et
427 2818 445 2834 c.
468 2812 500 2833 12.
519 2818 539 2833 n.
563 2811 595 2833 17.
614 2811 658 2835 Csr.
677 2813 713 2834 luc
732 2812 761 2833 lit.
781 2812 886 2839 Magistri,
902 2818 914 2834 c
935 2812 954 2834 4.

109 2857 188 2879 seqq,
208 2850 247 2872 ubi
265 2853 286 2871 et
304 2850 415 2877 principia
434 2856 497 2879 seqq.
516 2856 581 2878 argg.
601 2850 720 2872 habentur.

172 2888 181 2902 ³
198 2888 258 2910 Libr.
278 2888 325 2910 Kll.
345 2894 363 2910 c.
383 2887 402 2909 4.
423 2894 442 2909 n.
462 2887 490 2915 ἇς
508 2894 526 2910 c.
539 2888 560 2910 7.
574 2894 594 2910 n.
612 2889 645 2910 iO.
664 2888 695 2910 12.
709 2891 730 2910 el
743 2888 801 2910 XIV.
817 2894 836 2910 c.
849 2888 868 2909 8.
884 2894 905 2910 n.
923 2889 954 2910 ΙΙ.

171 2927 180 2941 4
198 2926 257 2949 Libr.
276 2927 298 2949 ll⁴
318 2927 347 2949 de
365 2927 420 2949 Gen.
439 2930 516 2949 contra
534 2927 628 2949 Manich.
647 2933 665 2949 c.
689 2927 721 2949 14.
741 2933 761 2949 n.
784 2927 820 2949 ²20.
835 2927 893 2949 Vide
920 2928 955 2949 liic

112 2967 141 2989 lit.
160 2967 274 2994 Magistri,
294 2972 312 2988 c.
335 2967 366 2988 ΙΙ.
384 2965 428 2988 Ci'r.
447 2967 514 2988 etiam
533 2967 644 2994 August,
663 2966 708 2988 Xll.
728 2966 756 2988 de
774 2966 836 2988 Trin.
856 2972 874 2988 c.
893 2967 913 2988 3.
933 2973 953 2988 n.

110 3006 130 3027 3.
149 3009 170 3028 et
187 3012 205 3027 c.
225 3006 244 3027 9,
265 3012 284 3027 n.
308 3006 339 3027 13.

1077 2734 1086 2748 5
1103 2733 1147 2756 Csr.
1166 2740 1235 2761 supra
1255 2740 1306 2761 pag.
1326 2733 1380 2762 347,
1395 2735 1479 2756 notnr7⁴
1496 2735 1525 2757 Ex
1538 2735 1620 2757 eodem
1633 2737 1746 2764 principio
1759 2737 1862 2765 Aristeu,

1014 2773 1046 2794 111.
1066 2772 1094 2794 de
1112 2773 1210 2799 Anima,
1228 2775 1278 2795 text.
1297 2772 1332 2794 ¹17.
1351 2779 1398 2801 seq.
1424 2774 1458 2799 (c.
1477 2773 1522 2801 5.),
1541 2773 1707 2797 distinctionem
1734 2775 1860 2798 intellectus

1013 2811 1103 2841 aqentz's
1115 2814 1137 2834 et
1147 2810 1264 2840 possibilis
1282 2811 1383 2840 derivat,
1397 2811 1425 2834 de
1437 2818 1483 2841 qua
1501 2812 1644 2835 distinctione
1662 2813 1715 2835 vide
1728 2814 1785 2836 infra
1798 2820 1819 2843 q.
1838 2814 1858 2837 4..

1075 2850 1084 2865 ‘⁵
1102 2851 1164 2873 Sicut
1183 2850 1249 2873 docet
1266 2852 1378 2879 August.y
1397 2851 1441 2873 ΧΗ.
1461 2851 1489 2873 de
1507 2852 1568 2874 Trin.
1588 2859 1606 2875 c.
1626 2853 1645 2874 3.
1665 2859 1685 2874 n.
1705 2854 1724 2875 3.

1075 2889 1085 2903 ⁷
1103 2889 1152 2911 Vat.
1171 2888 1300 2918 [liferemz'ct.

1075 2927 1085 2942 S
1102 2927 1156 2956 Cap.
1176 2928 1196 2950 4.
1216 2934 1236 2950 n.
1256 2928 1280 2957 li,
1300 2929 1338 2951 ubi
1357 2931 1377 2951 in
1397 2933 1456 2952 textu
1475 2931 1579 2958 originali
1597 2931 1622 2953 in
1634 2930 1690 2954 haec
1702 2931 1749 2954 clito
1762 2938 1804 2960 pro
1816 2938 1859 2961 per

1013 2967 1069 2990 haec
1086 2966 1140 2990 duo.

1074 3006 1084 3019 ⁹
1102 3005 1161 3028 Libr.
1181 3006 1212 3028 111.
1232 3006 1260 3028 dc
1278 3007 1373 3035 Anima,
1392 3010 1443 3030 text.
1463 3008 1499 3030 37.
1519 3009 1552 3036 (c.
1572 3009 1591 3030 8.
1604 3010 1618 3037 ).
