2243 3425
34 721 88 748 dplex·
99 726 128 747 ra-

44 746 111 764 menti.

33 815 94 835 «Radix
108 814 125 833 1.

35 1237 93 1257 Radix
106 1238 124 1256 Ξ.

36 1567 95 1586 Radix
108 1567 124 1586 3.

34 1944 99 1963 :clusio
108 1944 125 1963 1.

25 2367 100 2388 {nclusio
110 2368 127 2387 2.

739 214 822 243 DIST.
845 214 932 243 XXIX.
955 215 1028 243 ART.
1051 215 1091 243 IIl.
1114 215 1249 252 QUAEST.
1273 216 1300 244 ll.

456 299 667 321 CONCLUSIO.

140 385 366 415 Ratioitabiliter
390 386 550 424 eolligyitur,
573 386 650 424 quod
672 387 879 415 muneratione
900 386 990 415 maio-

219 433 263 462 ris
292 433 475 472 difficultatis
497 437 524 461 et
543 433 659 461 ratione
677 433 797 470 pratitae
818 433 877 461 sint
898 433 990 471 effind-

219 480 303 509 ciorct
325 480 403 508 donet
421 480 560 517 gratuita
581 480 622 508 act
642 480 831 514 merendum,
847 488 936 518 quam
958 480 989 509 in

218 531 298 556 statii
314 527 514 561 innocentiae,
528 535 587 555 11011
601 530 700 556 (tutem
721 527 837 555 ratione
850 528 990 564 prompti-

220 575 331 603 tudinis
345 574 512 603 voluntatis.

219 670 395 698 ussspommo:
408 668 572 702 Dicendum,
588 667 663 705 quod
675 667 797 697 efficacia
810 667 902 696 meriti
916 667 990 704 prin-

140 717 266 755 cipaliter
281 724 317 745 ex
336 716 427 744 tribus
442 715 526 749 venit,
548 715 678 743 videlicet
693 722 728 743 ex
745 714 915 753 difficultate
929 722 990 750 ope-

139 765 197 799 ris,
213 772 249 792 ex
262 762 495 800 promptitudine
508 761 668 790 volzt'ntatis
683 765 710 790 et
731 769 767 790 ex
783 761 989 799 moynitmlioze

139 811 285 841 caritatis.
307 827 346 831 ——
368 809 534 848 Difficultas
554 809 650 846 operis
665 808 786 837 multum
804 808 869 837 facit
883 807 918 836 ad
934 815 989 836 ine-

138 859 234 893 ritum,
255 861 283 887 et
303 858 373 886 adeo
393 857 467 891 facit,
488 860 520 885 ut
540 856 633 890 1101110,
649 855 697 893 qui
711 859 753 884 est
767 855 857 884 multo
871 854 989 883 minoris

139 906 262 936 caritatis
283 913 366 943 quam
390 904 518 941 Angelus,
540 904 627 941 possit
649 903 768 938 mereri,
790 906 821 932 ut
843 902 988 940 perveniat

139 954 174 983 ad
206 953 406 983 sublimitatem
435 951 605 989 angelicam,
628 951 784 980 secundum
816 950 891 988 quod
914 949 988 979 colli-

138 1001 214 1039 gitur
235 1008 270 1029 ex
299 999 347 1028 illo
368 999 444 1036 quod
473 998 576 1027 dicitur
597 998 727 1027 Matthaei
756 997 905 1027 undecimo
920 998 927 1012 1
954 997 988 1026 de

137 1048 238 1076 Ioanne
260 1046 396 1084 Baptista:
422 1045 480 1082 Qui
499 1045 598 1073 minor
619 1045 705 1073 estin
726 1053 816 1082 reyno
838 1044 988 1073 coetorum

137 1094 237 1124 maior
258 1097 300 1122 est
320 1102 359 1122 ee.
381 1093 439 1121 Non
461 1092 535 1121 enim
557 1094 598 1121 est
613 1092 810 1127 dubitandum,
826 1092 894 1129 quin
916 1092 990 1120 loan-

137 1150 187 1171 nes
202 1142 237 1170 sit
255 1140 395 1170 exaltatus
411 1139 447 1168 ad
462 1139 575 1168 ordines
590 1138 791 1168 excellentium
806 1138 989 1176 Angelorum

139 1193 166 1219 et
193 1192 285 1218 tamen
315 1187 471 1217 secundum
501 1190 605 1216 statum
633 1187 695 1215 viae
720 1186 837 1215 minoris
866 1186 990 1215 caritatis

138 1240 198 1266 erat
219 1244 303 1273 quam
325 1235 426 1272 aliquis
448 1241 554 1263 eorum.
571 1250 609 1254 —
624 1233 831 1270 Promptitttdo
847 1233 930 1262 etiam
948 1241 990 1261 oo-

139 1283 261 1313 sztcttis
282 1283 438 1320 plurImum
454 1281 518 1311 facit
528 1282 551 1313 ἢ
566 1281 588 1310 si
604 1281 734 1310 voluntas
749 1284 880 1318 prompta
894 1283 936 1310 est
951 1288 990 1310 se-

139 1330 264 1360 cundum
295 1329 322 1358 id
352 1328 427 1366 quod
457 1328 556 1362 habet,
583 1331 697 1365 accepta
725 1330 767 1356 est
788 1327 823 1356 ad
846 1327 989 1356 meritum.

139 1379 371 1415 Quantacumque
391 1376 465 1405 enirn
493 1376 529 1404 sit
549 1375 577 1403 in
599 1375 712 1404 homine
733 1375 837 1412 gratia,
869 1375 921 1403 nisi
955 1374 990 1404 sit

139 1425 270 1454 voluntas
292 1423 397 1461 gratiae
417 1426 615 1456 consentanea,
630 1430 776 1459 nunquam
792 1422 882 1451 eliciet
903 1430 989 1459 opera

138 1471 298 1506 meritoria3
313 1474 340 1500 et
361 1473 466 1508 quanto
487 1470 576 1507 magis
590 1469 721 1498 voluntas
736 1469 842 1506 gratiae
864 1469 990 1498 subiacet

140 1522 166 1549 et
188 1518 394 1552 conformatur,
416 1519 492 1546 tanto
513 1517 602 1553 magis
623 1516 708 1544 homo
730 1516 757 1544 in
780 1516 914 1553 operibus
936 1524 990 1545 nie-

139 1566 243 1595 ritoriis
264 1568 424 1594 exercetur.
446 1581 484 1585 —
505 1563 678 1601 Magnitudo
700 1563 838 1592 caritatis
853 1563 990 1600 principa-

138 1613 219 1643 11ῑθΓ3
232 1614 304 1642 inter
319 1612 412 1641 omnia
434 1615 491 1646 est,
512 1619 584 1649 quae
605 1610 670 1640 facit
690 1610 726 1639 ad
753 1611 902 1645 meritum,
923 1610 990 1647 quia

138 1660 293 1691 secundum
315 1660 391 1688 illius
412 1659 595 1697 quantitatem
622 1658 776 1688 attenditur
799 1658 990 1688 remunerabo

136 1707 254 1746 praemii
277 1706 477 1736 substantialis.
500 1705 612 1734 Pondus
634 1706 707 1734 enim
729 1705 834 1734 amoris
856 1705 989 1742 estquod

138 1755 185 1785 dat
206 1755 330 1783 valorem
352 1753 486 1791 operibus
508 1753 666 1782 meritoriis.

217 1802 243 1830 Si
259 1802 345 1839 igitur
359 1800 408 1829 fiat
423 1800 594 1837 comparatio
604 1799 743 1829 efficaciae
756 1799 882 1829 merendi
902 1800 928 1828 in
944 1800 990 1829 do-

137 1849 181 1878 nis
202 1848 333 1886 gratuitis
361 1847 518 1877 secuudum
546 1850 651 1876 statum
680 1850 742 1884 post
770 1847 880 1884 lapsum
902 1850 929 1876 et
951 1855 990 1876 se-

140 1896 264 1926 cundum
293 1898 398 1925 statum
429 1897 493 1923 ante
522 1894 650 1932 lapsl1m3
683 1894 847 1932 responderi
879 1897 990 1931 potest,

139 1944 215 1982 quod
242 1946 380 1981 quantum
408 1943 444 1971 ad
462 1942 596 1979 primam
625 1941 831 1976 conditionem,
859 1941 991 1971 videlicet

139 1993 275 2028 quantuni
297 1989 334 2018 ad
354 1988 571 2027 difficultatem,
593 1987 763 2017 efficaciores
785 1991 850 2017 sunt
871 1988 991 2018 virtutes

139 2045 230 2072 nunc,
252 2044 338 2074 quam
359 2040 426 2065 tunc
447 2036 570 2065 fuerunt.
593 2035 671 2064 Nunc
693 2035 767 2064 enim
791 2035 880 2073 magis
902 2036 991 2073 impu-

140 2088 242 2123 gnatur
257 2087 284 2112 et
298 2083 490 2121 impugnando
510 2082 649 2120 probatur
663 2087 690 2112 et
705 2083 884 2112 examinatur
900 2083 991 2112 virtus

139 2140 223 2170 quam
246 2135 327 2166 tunc,
350 2131 423 2160 sicut
442 2133 518 2168 patet
533 2130 560 2158 in
582 2130 685 2159 sanctis
706 2130 884 2167 Martyribus.
906 2148 945 2151 —
960 2131 991 2159 Et

140 2179 179 2209 sic
200 2178 356 2216 procedunt
377 2178 498 2206 rationes
513 2177 699 2212 ostendentes,
721 2177 793 2206 dona
815 2178 936 2215 gratuita
955 2178 991 2207 ad

140 2226 308 2256 merendum
330 2233 390 2254 esse
412 2233 487 2254 nunc
508 2224 673 2254 efficaciora..

220 2273 362 2310 Quantum
384 2275 479 2301 autem
501 2271 536 2300 ad
550 2271 712 2300 secundam
726 2271 926 2307 conditionem,
942 2272 991 2301 sci-

141 2320 205 2350 licet
227 2322 363 2358 quantum
379 2319 414 2348 ad
429 2319 692 2356 promptitudinem
706 2319 880 2353 voluntatis,
902 2319 992 2348 effica-

141 2368 230 2397 ciores
251 2367 370 2396 fuissent
391 2367 511 2395 virtutes
532 2366 559 2394 in
575 2366 710 2395 merendo
724 2369 791 2395 tunc
806 2374 890 2403 quam
907 2374 990 2398 nunc,

141 2423 193 2453 pro
214 2423 247 2444 eo
268 2414 343 2451 quod
364 2413 494 2442 voluntas
516 2416 582 2441 tunc
604 2413 684 2450 quasi
706 2413 836 2441 continue
851 2412 949 2441 fuisset
964 2413 991 2441 111

142 2462 222 2492 bonis
250 2461 384 2499 operibus
412 2460 469 2489 Deo
497 2459 673 2497 placentibus
702 2459 761 2488 sine
783 2459 991 2494 retardatione3

141 2517 216 2539 nunc
238 2512 333 2538 autem
354 2507 413 2537 sive
433 2514 470 2536 ex
491 2507 656 2536 lassitudine
678 2507 737 2535 sive
756 2514 792 2534 ex
815 2506 991 2543 surreptione

141 2556 304 2594 frequenter
335 2559 425 2584 cessat
449 2563 465 2583 a
492 2554 571 2583 bonis
596 2554 731 2591 operibus
758 2556 785 2582 et
806 2553 924 2582 intendit
945 2553 992 2582 ali-

143 2603 254 2640 quando
275 2602 361 2632 rebus
376 2602 490 2637 nocivis,
505 2601 656 2638 aliquando
671 2600 834 2635 inutilibus,
849 2602 909 2628 tum
932 2608 992 2637 pro-

206 2747 213 2761 ¹
232 2747 298 2770 Vers.
320 2748 354 2770 ll.

208 2786 217 2800 2
234 2787 304 2815 Epist.
323 2786 346 2809 Il.
364 2785 415 2809 Cor.
434 2787 459 2814 9,
477 2785 507 2808 7:
525 2786 625 2808 Hilarem
642 2785 704 2808 enim
722 2784 827 2807 datorem
840 2784 912 2813 diligit
924 2785 992 2807 Deus.

144 2836 174 2840 —
191 2824 241 2847 Mox
258 2827 310 2853 post
325 2824 348 2848 si
363 2824 431 2847 codd.
450 2825 468 2847 M
480 2824 527 2853 QY
545 2830 571 2847 aa
588 2823 713 2846 subiiciunt
730 2823 800 2846 enlm.
826 2823 869 2845 Pro
886 2822 908 2845 si
923 2823 976 2845 edd.
987 2841 992 2851 ,

145 2866 237 2891 excepta
257 2864 265 2886 fl
278 2882 283 2892 ,
300 2863 441 2886 substituunt
457 2863 498 2887 sed
514 2867 535 2886 et
553 2863 637 2885 deinde
653 2863 761 2885 omittunt
777 2863 817 2885 est.

207 2901 217 2916 ³
234 2902 284 2924 Vat.
296 2908 350 2925 curn
362 2902 416 2925 edd⁴
429 2903 454 2931 3,
468 2902 481 2924 4
491 2901 650 2932 piincipalior
662 2904 684 2924 et
696 2901 748 2923 dein
765 2899 858 2929 sociant
875 2907 917 2929 pro
929 2900 993 2930 facit.

207 2940 216 2955 ⁴
233 2940 289 2964 Cod.
307 2948 334 2964 aa
351 2941 410 2964 bene
427 2941 491 2964 addit
507 2941 613 2964 rationes
629 2939 668 2969 ad,
683 2943 705 2962 et
723 2940 792 2968 paulo
805 2940 899 2962 iuferius
913 2939 994 2962 substi-

146 2980 187 3002 tuit
204 2979 234 3002 Et
251 2979 361 3003 similiter
377 2986 420 3009 pro
438 2980 469 3003 Et
484 2980 524 3003 sic.

211 3018 220 3033 ⁵
236 3018 291 3042 Cod.
308 3021 327 3041 A
344 3019 408 3042 addit
424 3019 462 3043 vel
478 3019 566 3042 minus.

1840 218 1896 245 707

1046 296 1108 330 pter
1131 293 1323 323 difficultatem
1340 294 1375 323 ad
1390 294 1505 329 bonum,
1521 297 1581 323 tum
1599 298 1715 332 propter
1730 295 1897 332 pronitatem

1046 339 1081 368 ad
1105 340 1220 369 malum.
1244 341 1274 369 Et
1296 344 1433 378 quantum
1455 342 1490 370 ad
1510 341 1582 369 hanc
1597 342 1782 370 conditionem
1806 350 1899 379 proce·

1047 387 1117 416 dunt
1140 388 1262 417 rationes
1283 389 1449 425 probantes,
1465 389 1540 426 quod
1557 389 1629 418 dona
1644 389 1766 426 gratuita
1782 389 1808 418 in
1824 392 1897 418 statu

1046 436 1165 463 naturae
1187 434 1329 464 institutae
1350 435 1468 464 fuissent
1487 436 1522 465 ad
1544 436 1710 465 merendum
1732 436 1896 465 efficaciora.

1046 496 1084 499 -—
1097 480 1127 508 Et
1148 488 1199 518 per
1213 481 1266 510 hoc
1282 485 1357 519 patet
1370 483 1515 519 responsio
1530 483 1566 512 ad
1577 482 1586 497 ⁴
1600 486 1751 521 utramque
1772 487 1881 520 partem
1890 494 1897 518 ;

1047 527 1203 563 procedunt
1224 529 1298 557 enim
1320 529 1476 558 secundum
1499 530 1626 559 diversas
1647 530 1719 565 vias,
1741 531 1897 560 secundum

1047 581 1117 610 quas
1139 582 1167 603 se
1190 575 1294 603 liabent
1316 576 1388 604 dona
1410 577 1532 613 gratuita
1553 577 1580 605 111
1604 578 1738 606 merendo
1759 579 1831 606 sicut
1852 586 1898 607 ex-

1046 620 1173 649 cedentia
1195 625 1222 649 et
1250 630 1382 657 excessa3
1404 626 1431 651 et
1460 624 1601 660 reperitur
1627 624 1654 652 in
1680 625 1720 653 eis
1741 625 1897 654 secuudum

1046 666 1173 696 diversas
1195 668 1367 697 conditiones
1389 670 1478 698 maior
1500 673 1527 699 et
1546 671 1637 699 minor
1659 671 1790 700 efficacia.
1813 672 1843 700 Et
1858 672 1897 700 sic

1045 713 1123 741 nulla
1145 718 1187 742 est
1209 715 1280 743 inter
1310 716 1431 745 rationes
1453 716 1515 746 illas
1538 719 1719 754 repugnantia
1732 729 1738 752 ;
1760 722 1897 756 utraeque

1045 760 1119 788 enim
1142 769 1241 789 verum
1269 762 1441 791 concludunt
1466 764 1621 793 secundum
1651 765 1790 794 diversam
1814 767 1897 794 viani.

1126 808 1153 836 Si
1175 811 1269 837 autem
1291 814 1446 847 quaeratur
1468 810 1588 840 ulterius
1610 812 1645 840 de
1666 813 1823 841 maioritate
1843 813 1899 842 effi-

1045 854 1137 883 caciae
1158 858 1294 893 quantuni
1323 856 1359 885 ad
1389 857 1509 885 tertiam
1530 858 1733 893 conditionem,
1761 863 1828 888 tunc
1859 868 1900 889 re.

1045 902 1241 938 spondendum
1263 906 1313 937 est,
1336 903 1411 940 quod
1433 907 1482 932 aut
1498 904 1528 932 fit
1543 905 1714 942 comparatio
1734 906 1897 942 particula·
1917 911 2032 953 {uhciistin-

1044 949 1089 978 γε’-ς
1107 958 1251 987 persmzae
1273 950 1308 979 ad
1330 951 1530 987 particularem
1546 960 1711 989 personam,
1733 956 1782 982 aut
1802 957 1898 982 status
1911 940 1955 953 ω’

1045 996 1080 1025 acl
1103 999 1216 1025 statum.
1240 997 1264 1025 Si
1285 997 1385 1034 primo
1407 997 1672 1032 1110(10;(11οθ11(111111
1694 1003 1750 1034 est,
1773 1001 1847 1037 quod
1870 1009 1899 1030 se
1912 1004 2012 1023 Conclusio
2026 1005 2044 1023 3-

1046 1044 1182 1073 baberent
1204 1044 1276 1073 sicut
1297 1045 1462 1074 excedentia
1476 1048 1504 1074 et
1518 1054 1642 1075 excessa.
1659 1047 1730 1076 Satis
1750 1047 1823 1076 enim
1839 1056 1900 1085 pro-

1045 1090 1176 1120 babiliter
1197 1091 1272 1120 credi
1296 1094 1395 1129 potest,
1418 1092 1493 1129 quod
1515 1092 1601 1130 aliqui
1624 1097 1704 1129 suut,
1726 1095 1773 1132 qui
1796 1095 1900 1124 habent

1045 1138 1182 1166 maiorem
1204 1138 1323 1175 gratiani
1345 1139 1497 1176 aliquibus,
1519 1140 1567 1177 qui
1583 1140 1701 1170 fuissent
1722 1142 1749 1170 in
1772 1145 1847 1171 statu
1862 1142 1900 1171 in-

1046 1185 1202 1220 nocentiae,
1224 1186 1246 1214 si
1269 1186 1356 1214 Adam
1379 1186 1513 1221 stetisset,
1535 1187 1582 1215 alii
1605 1196 1672 1217 vero
1694 1189 1831 1218 minorem
1853 1189 1900 1218 ali-

1047 1232 1165 1270 quibus,
1187 1233 1260 1262 sicut
1282 1233 1336 1262 dici
1352 1234 1512 1267 consuevit,
1528 1243 1592 1264 cum
1608 1239 1789 1273 comparatur
1810 1240 1900 1267 status

1046 1280 1126 1317 Legis
1146 1280 1268 1318 scriptae
1289 1281 1324 1310 ad
1341 1284 1445 1310 statum
1462 1282 1541 1319 Legis
1556 1283 1743 1320 evangelicae.
1759 1301 1797 1305 —
1811 1284 1837 1313 Si
1853 1292 1900 1313 au-

1046 1329 1103 1355 tem
1126 1331 1307 1364 comparetur
1328 1329 1496 1365 generaliter
1517 1332 1614 1358 status
1635 1330 1671 1359 ad
1693 1333 1811 1365 statum,
1831 1335 1900 1361 tunc

1046 1381 1101 1402 11011
1124 1374 1234 1403 videtur
1256 1383 1461 1413 usquequaque
1482 1379 1604 1411 certum,
1627 1377 1654 1405 in
1676 1386 1732 1415 quo
1754 1381 1828 1407 statu
1849 1378 1900 1407 Do-

1045 1421 1140 1450 minus
1161 1421 1267 1450 homini
1289 1422 1380 1451 maius
1393 1422 1402 1435 ⁵
1424 1431 1528 1452 munus
1543 1424 1666 1453 caritatis
1687 1427 1714 1453 et
1729 1425 1835 1462 gratiae
1855 1425 1901 1454 tri-

1046 1468 1170 1504 buisset,
1193 1477 1245 1506 pro
1267 1477 1299 1498 eo
1321 1469 1395 1507 quod
1412 1470 1570 1499 secundum
1586 1471 1713 1501 diversas
1727 1473 1899 1502 conditiones

1046 1516 1188 1552 reperitur
1209 1516 1299 1545 maior
1320 1519 1347 1545 et
1368 1517 1459 1545 minor
1482 1517 1617 1547 idoneitas
1639 1519 1665 1547 in
1688 1519 1801 1549 homine
1816 1520 1901 1549 susci-

1046 1563 1154 1600 piente,
1176 1566 1203 1592 et
1218 1563 1294 1600 quod
1309 1564 1374 1600 plus
1388 1568 1438 1599 est,
1460 1565 1625 1602 magnitudo
1640 1567 1746 1603 gratiae
1768 1567 1899 1596 distribu—

1049 1613 1091 1638 lae
1112 1610 1177 1647 plus
1198 1610 1352 1639 attenditur
1381 1611 1538 1640 secundum
1567 1612 1764 1642 discretionem
1777 1614 1786 1627 ⁵
1809 1614 1900 1643 distri-

1046 1656 1171 1692 buentis,
1193 1665 1265 1694 quae
1287 1657 1472 1694 cognitionem
1489 1662 1613 1688 nostram
1629 1659 1704 1689 latet.
1720 1660 1790 1689 llaec
1805 1664 1900 1690 autem

1047 1712 1113 1741 pars
1126 1704 1300 1742 probabilior
1314 1704 1428 1733 videtur
1442 1708 1469 1734 et
1483 1706 1572 1743 magis
1584 1707 1799 1736 auctoritatibus
1810 1709 1819 1723 ⁷
1840 1716 1902 1737 con-

1047 1760 1126 1785 sona,
1142 1754 1174 1780 ut
1189 1751 1331 1787 dloamus,
1352 1752 1428 1789 quod
1444 1753 1518 1782 Deus
1533 1753 1641 1782 maiora
1662 1762 1780 1783 munera
1794 1756 1900 1792 gratiae
1915 1758 1985 1776 Maiora
1993 1763 2043 1776 nunc

1910 1782 1950 1799 dari
1965 1786 2043 1800 munera

1046 1798 1181 1836 elargitus
1203 1802 1245 1828 est
1266 1799 1372 1828 homini
1394 1799 1482 1837 lapso,
1497 1809 1582 1838 quam
1604 1801 1989 1847 (1θ11155θῐ1101111111,311111111ζέ1
2010 1805 2045 1847 *33

1048 1846 1073 1874 in
1103 1849 1177 1875 statu
1208 1846 1381 1876 innocentiae
1409 1848 1622 1884 permansisset:
1646 1851 1706 1878 tum
1728 1850 1794 1886 quia
1815 1850 1899 1879 1101110
1910 1839 1970 1870 lam.
2002 1834 2013 1852 p

1048 1893 1146 1922 maiori
1175 1893 1316 1923 adiutorio
1345 1895 1450 1931 gratiae
1479 1895 1601 1932 indiget;
1630 1899 1689 1924 tum
1722 1897 1806 1925 etiam
1835 1897 1901 1935 quia

1047 1941 1127 1970 decet
1147 1941 1253 1975 Deum,
1275 1941 1310 1970 de
1331 1941 1406 1970 malo
1434 1942 1526 1971 maius
1548 1942 1653 1971 bonum
1676 1943 1792 1978 elicere,
1815 1951 1899 1981 quan]

1048 1987 1083 2015 sit
1104 1987 1175 2016 illud
1196 1987 1315 2022 bonum,
1337 1988 1413 2025 quod
1427 1988 1578 2018 adimendo
1600 1989 1706 2018 malum
1730 1993 1824 2025 uocet,
1840 1994 1899 2019 tum

1047 2034 1130 2062 etiam
1155 2034 1222 2071 quia
1243 2034 1377 2063 Mediator
1399 2038 1426 2063 et
1448 2035 1618 2065 Intercessor
1634 2045 1691 2074 pro
1719 2037 1800 2066 nohis
1815 2037 1900 2066 inter-

1045 2081 1151 2118 pellat,
1177 2089 1262 2118 quein
1295 2082 1374 2111 decet
1400 2083 1542 2111 exatcdiri
1566 2083 1594 2112 in
1616 2084 1747 2113 omnibus
1764 2093 1821 2121 pro
1842 2093 1899 2112 sua

1046 2128 1240 2157 reuerentiass.
1264 2129 1340 2158 Unde
1362 2137 1425 2158 cum
1452 2133 1586 2167 appareat
1607 2130 1698 2159 vultui
1718 2131 1766 2160 Dei
1787 2139 1900 2168 semper

1048 2175 1089 2204 (1ιί
1110 2175 1357 2213 interpellcmtizmi
1375 2185 1433 2213 pro
1448 2177 1541 2210 uobis,
1557 2181 1584 2206 et
1598 2186 1650 2215 pro
1671 2178 1751 2206 nobis
1774 2178 1800 2206 111
1816 2186 1899 2207 cruce

1047 2224 1158 2252 oblatus
1179 2224 1265 2252 fuerit
1285 2227 1312 2253 et
1333 2224 1458 2261 quotidie
1479 2225 1629 2259 offeratur3
1652 2226 1733 2254 valde
1754 2225 1899 2262 probabile

1047 2271 1169 2305 videtur,
1185 2271 1259 2308 quod
1277 2272 1367 2300 maius
1390 2280 1493 2301 munus
1515 2273 1620 2309 gratiae
1642 2273 1784 2301 tribuatur
1806 2273 1899 2307 nobis,

1048 2326 1132 2355 quam
1155 2318 1177 2347 si
1200 2318 1259 2355 ipse
1281 2326 1335 2346 non
1364 2318 1462 2347 fuisset
1491 2319 1652 2348 incarnatus
1682 2319 1724 2348 vel
1746 2327 1797 2356 pro
1819 2319 1899 2348 nobis

1048 2365 1167 2394 oblatus.
1191 2365 1222 2393 Et
1250 2365 1303 2394 hoc
1329 2373 1464 2402 expresse
1493 2365 1605 2394 videtur
1627 2366 1705 2394 innui
1730 2366 1839 2395 loannis
1861 2373 1900 2395 se-

1048 2412 1135 2449 ptimo
1152 2411 1175 2446 ⁹,
1204 2420 1269 2440 cum
1291 2412 1403 2445 dicitur,
1425 2412 1501 2449 quod
1530 2412 1661 2449 Spiritus
1682 2413 1814 2441 nondum
1835 2417 1899 2441 erat

1048 2459 1147 2492 dotus,
1169 2458 1241 2496 quiet
1262 2459 1345 2486 Iesus
1366 2459 1497 2487 nondum
1518 2462 1583 2487 erat
1601 2459 1798 2497 yloril‘z'ecttus,
1822 2460 1899 2489 Unde

1049 2513 1114 2534 cum
1135 2505 1260 2534 ascendit
1275 2505 1303 2534 in
1324 2505 1423 2540 altum,
1440 2508 1505 2535 tunc
1520 2506 1597 2534 dedit
1618 2506 1697 2535 <tona
1724 2505 1898 2535 hominibus.

1050 2552 1089 2581 Ex
1112 2552 1163 2581 bac
1189 2551 1274 2589 igitur
1300 2552 1402 2589 triplici
1430 2553 1552 2586 ratione,
1579 2561 1701 2590 quarum
1731 2562 1786 2582 una
1807 2558 1849 2583 est
1870 2554 1896 2582 111

1051 2599 1291 2628 commendatione
1313 2599 1552 2633 misericordiae,
1574 2603 1601 2631 et
1627 2600 1750 2629 secunda
1779 2601 1805 2629 in
1828 2609 1900 2630 com-

1114 2745 1124 2759 s
1140 2744 1198 2767 Edd.
1216 2750 1268 2766 cum
1287 2743 1393 2772 pluribus
1410 2744 1478 2767 codd.
1496 2743 1677 2768 distinctionem.

1113 2784 1123 2798 ⁷
1140 2783 1195 2807 Cod.
1213 2790 1239 2805 aa
1261 2783 1338 2806 adiicit
1362 2783 1516 2806 Sanctorum.
1535 2796 1564 2799 —
1580 2783 1614 2805 De
1631 2790 1695 2813 seqq.
1714 2783 1841 2807 rationibus
1859 2784 1898 2807 cfr.

1052 2823 1066 2845 l.
1084 2823 1144 2845 Seut.
1162 2822 1184 2845 (1.
1203 2822 1239 2844 47.
1258 2829 1280 2851 q.
1299 2822 1320 2844 3.

1117 2860 1127 2875 ⁸
1140 2860 1209 2883 Hebr.
1227 2861 1253 2889 5,
1272 2861 1293 2883 7.
1312 2874 1342 2876 —
1359 2861 1410 2890 Seq.
1437 2864 1510 2884 textus
1534 2864 1568 2884 est
1584 2861 1640 2884 ibid.
1658 2868 1676 2885 c.
1695 2862 1721 2890 7,
1739 2862 1783 2885 25:
1802 2863 1899 2891 Semper

1051 2901 1133 2922 vivens
1150 2900 1179 2922 ad
1197 2900 1388 2928 interpellandum
1406 2907 1449 2928 pro
1466 2900 1539 2923 uobis.
1743 2898 1746 2904 “

1114 2939 1124 2954 ‘³
1141 2940 1205 2962 Vers.
1223 2939 1260 2961 39.
1278 2951 1309 2955 —
1326 2940 1378 2968 Seq.
1399 2943 1473 2962 textus
1496 2942 1530 2963 est
1552 2941 1608 2968 Eph.
1627 2940 1653 2969 4,
1672 2941 1704 2963 8:
1726 2941 1859 2964 Ascendens
1875 2942 1897 2964 111

1052 2979 1133 3005 altum,
1151 2979 1266 3006 captivam
1279 2978 1343 3001 duxit
1354 2979 1520 3007 captivitatem,
1539 2979 1602 3002 dedit
1619 2979 1679 3003 dona
1696 2981 1835 3003 homiuibus.
1853 2980 1899 3004 Csr.

1052 3018 1087 3040 Ps.
1106 3018 1147 3045 67,
1170 3018 1202 3039 111.
