2243 3425
725 204 806 232 DlsT.
830 204 918 232 xxiv.
942 203 968 231 P.
991 204 1009 232 1.
1031 203 1153 232 DIVISIO
1175 204 1312 232 TEXTUS.
1838 202 1893 231 553

139 281 240 317 piditas
261 285 349 308 nostra
372 289 422 308 non
442 285 582 308 moveatur
595 281 628 308 ad
642 281 823 316 peccandum,
837 281 989 308 excluditur

140 326 273 360 serpentis
292 326 397 352 astutia.
418 324 443 351 Si
465 327 554 351 autem
575 328 643 351 mota
664 325 756 355 fuerit,
777 325 853 359 quasi
868 325 921 351 iam
936 331 990 350 mu—

139 369 197 396 lieri
219 375 376 403 persuasum
397 368 464 399 01·11;
482 367 529 394 sed
542 367 686 401 aliquando
698 367 768 393 ratio
785 367 897 394 viriliter
910 367 989 394 etiam

140 414 301 438 commotam
315 410 491 445 cupiditatem
515 410 630 437 refrenat
652 413 732 444 atque
745 409 900 444 compescit.
914 409 989 441 Quod

140 462 201 481 cnm
223 454 264 486 tit,
286 461 337 480 non
363 453 479 479 labimur
499 453 524 479 in
547 456 703 487 peccatum,
723 452 770 479 sed
790 459 851 479 cum
872 452 991 487 aliquan>

141 497 194 524 tula
215 496 359 523 luctatione
388 503 557 522 coronamur.
578 495 603 522 Si
625 499 713 522 autem
743 496 811 522 ratio
842 497 990 522 consentiat

141 544 166 566 et
186 539 256 574 quod
286 539 369 565 libido
399 539 574 565 commoverit
603 538 753 564 faciendum
777 545 835 564 esse
863 538 991 564 decernat

140 582 174 609 ab
195 583 265 608 omni
287 582 340 608 vita
367 581 444 608 beata
474 585 600 615 tanquam
629 580 662 607 de
691 580 817 614 paradiso
847 580 990 615 expellitur

140 625 228 652 homo.
249 625 302 651 lam
322 625 392 651 enim
412 627 552 658 peceatum
574 624 732 658 imputatur,
747 624 850 650 etiamsi
865 631 917 650 non
931 623 991 650 sub-

141 671 269 702 sequatur
296 668 410 698 sactum,
439 667 546 701 quando
576 674 620 693 rea
646 670 749 693 tenetur
769 667 793 692 in
815 667 990 693 consensione

142 711 305 737 conscientia
320 721 343 736 ».

211 755 283 781 Haec
302 754 335 781 de
355 755 459 781 animae
479 753 601 788 partibus
621 753 838 785 interseruimus,
858 757 887 780 ut
907 754 992 787 ipsius

141 799 245 825 animae
277 800 371 823 natura
404 797 510 831 plenius
538 799 759 830 cognosceretur,
788 800 813 822 et
843 795 989 822 secundum

141 848 221 875 quam
249 840 290 867 sui
319 840 468 873 portionem
492 840 518 865 in
539 847 570 866 ea
596 840 631 865 sit
655 839 769 865 liberum
791 838 931 866 arbitrium
957 839 991 865 111-

1048 281 1196 315 telligatur,
1215 281 1318 307 scilicet
1335 281 1481 308 secundum
1498 281 1642 313 rationem,
1656 288 1709 315 (1110
1721 281 1727 293 ¹
1744 287 1821 307 omne
1836 288 1895 314 pec-

1047 327 1135 351 catum
1165 324 1276 351 mortale
1304 325 1420 359 geritur,
1446 324 1492 351 sed
1513 332 1564 351 11011
1585 331 1663 351 0111110
1682 324 1802 355 veniale,
1830 324 1893 350 illud

1047 367 1164 399 seilicet,
1185 368 1255 401 quod
1278 368 1302 393 in
1322 368 1378 394 solo
1399 371 1470 394 1110111
1492 368 1671 394 sensualitatis
1692 368 1788 394 existit.

1399 454 1458 481 CAP.
1479 455 1543 481 Xlll.

1092 538 1193 571 Quibus
1213 538 1300 565 modis
1320 539 1451 574 accipitur
1470 541 1631 568 sensualitas
1652 541 1681 568 ia
1701 541 1849 577 Scriptura.

1119 624 1176 651 Non
1197 628 1236 651 est
1256 629 1343 651 autem
1357 625 1462 652 silentio
1476 627 1716 660 praetereundiun,
1730 628 1801 662 quod
1816 635 1897 663 saepe
1913 639 1993 657 numum
2009 638 2025 655 3.

1049 667 1073 692 in
1089 666 1227 700 Scriptura
1244 667 1349 693 nomine
1363 668 1546 695 sensualitatis
1559 677 1608 695 non
1621 669 1646 695 id
1657 669 1742 696 solum
1758 671 1782 696 in
1798 671 1895 701 anima,

1049 711 1121 744 quod
1142 713 1181 736 est.
1206 710 1282 736 nobis
1309 717 1452 737 commune
1472 718 1532 737 cum
1553 719 1666 746 pecore,
1686 713 1732 739 sed
1752 714 1831 740 etiam
1859 714 1896 741 ia-

1048 751 1133 787 sio-ior
1159 752 1249 787 portio
1277 752 1410 784 rationis,
1430 761 1499 788 quae
1520 755 1707 789 temporalium
1728 756 1896 790 dispositioni

1050 795 1179 827 intendit,
1200 795 1363 830 intelligitur.
1383 797 1459 828 Quod
1479 797 1592 831 diligens
1611 798 1696 825 lector
1710 799 1734 825 in
1751 799 1816 826 locis
1830 799 1896 826 Scri-

1050 842 1161 873 pturae,
1183 839 1226 865 nbi
1249 839 1281 865 de
1302 840 1359 873 ipsa
1381 840 1407 866 tit
1427 841 1540 873 mentio,
1561 841 1701 874 vigilanter
1721 846 1828 869 annotet
1839 843 1856 869 ².

421 987 860 1036 COMMENTARIUS
896 988 955 1035 IN
991 988 1429 1037 DISTINGTIONEM
1464 989 1621 1037 XXIV.

963 1128 1034 1156 Pans
1056 1128 1072 1156 l.

402 1239 446 1271 De
473 1238 566 1272 libero
592 1238 731 1279 arbitrio,
759 1244 911 1283 quatenus
938 1238 975 1271 ad
1002 1238 1077 1271 alias
1103 1239 1223 1272 animae
1252 1239 1400 1284 potentias
1427 1246 1630 1284 comparatur.

689 1356 774 1385 Nune
796 1356 948 1394 (11119οη101·
970 1358 1144 1395 iauestiqari
1165 1362 1275 1394 oportet
1297 1362 1346 1386 etr.

877 1479 999 1507 DIVISIO
1021 1480 1159 1509 TEXTUS.

220 1603 311 1639 Supra
322 1602 520 1630 determinavit
536 1601 663 1638 Magister
681 1601 715 1630 de
730 1601 822 1639 culpa,
840 1610 889 1638 per
905 1609 989 1638 qnam

141 1649 225 1677 homo
247 1648 353 1677 cecidit.
376 1648 403 1677 ln
427 1648 478 1677 hac
510 1652 589 1686 parte
621 1649 789 1678 determinat
810 1648 845 1678 de
868 1649 990 1683 auxilio,

141 1704 192 1733 per
213 1695 287 1733 quod
310 1699 384 1725 stare
407 1696 503 1733 potuit.
528 1696 558 1724 Et
579 1696 708 1733 quoniam
726 1696 778 1725 hoc
793 1696 932 1724 auxilium
949 1700 991 1724 est

141 1743 261 1772 liberum
294 1743 460 1777 arbitrium,
492 1747 519 1772 et
550 1743 669 1772 liberum
704 1743 871 1772 arbitrium¹
908 1743 990 1771 babet

142 1790 288 1828 tripliciter
310 1790 497 1823 considerari⁷
520 1790 648 1819 videlicet
670 1791 698 1818 in
715 1790 936 1827 comparatione
951 1790 992 1818 ad

142 1837 221 1866 alias
250 1837 394 1874 potentias
425 1837 544 1866 (1111111110
574 1841 601 1866 01
627 1837 658 1865 ia
688 1846 718 1865 Se
740 1841 766 1866 et
788 1838 815 1865 in
838 1845 991 1874 ‹semipara-

143 1885 217 1913 tioite
238 1884 279 1913 acl
296 1883 502 1921 perfectionem
521 1885 657 1922 111-1111110,
674 1885 736 1913 ideo
758 1892 823 1921 pars
840 1885 891 1913 ista
907 1884 990 1913 babet

141 1936 198 1961 tres
219 1935 321 1969 partes.
345 1932 373 1960 In
395 1932 486 1969 prima
508 1932 675 1961 determinat
708 1931 743 1960 de
766 1931 853 1960 libero
874 1931 991 1960 arbitrio

141 1980 167 2007 in
186 1979 406 2016 comparatione
422 1979 462 2007 acl
477 1978 554 2007 alias
570 1978 724 2015 potentias
742 1978 769 2006 ln
784 1979 908 2007 secunda
925 1986 990 2007 vero

142 2026 309 2055 determinat
331 2026 365 2054 de
388 2026 447 2062 ipso
468 2026 629 2054 secantium
650 2035 696 2059 se,
720 2026 791 2054 infra
814 2026 990 2055 distinctione

142 2073 276 2110 vigesima
297 2073 407 2110 quinta:
428 2073 491 2101 Iam
512 2073 553 2101 ad
566 2073 753 2110 propositam
775 2073 940 2101 redeamus.
963 2073 990 2101 ln

143 2121 223 2149 tertia
245 2128 310 2149 vero
333 2120 501 2149 determinat
523 2120 557 2149 de
579 2120 639 2156 ipso
661 2128 712 2156 per
739 2120 990 2156 comparationem

142 2168 183 2196 aa
201 2167 349 2205 qratiam,
373 2167 444 2195 infra
459 2167 635 2196 distinctione
652 2167 787 2204 vigesima
802 2170 894 2195 sexta:
912 2167 991 2195 Haec

141 2220 182 2245 est
201 2215 305 2253 qratia
326 2223 452 2251 operatis
474 2218 498 2242 et
520 2222 687 2251 cooperans.

223 2263 252 2291 Et
285 2262 417 2299 quoniam
450 2261 605 2290 secundum
639 2262 876 2298 comparationem
912 2262 990 2290 liberi

143 2311 250 2340 arbitrii
273 2309 307 2338 ad
340 2309 477 2346 potentias
507 2309 616 2337 animae
648 2308 801 2337 attenditur
824 2317 991 2346 progressus

144 2362 171 2387 et
192 2357 394 2387 consummatio
416 2356 531 2393 peccati,
547 2355 608 2384 ideo
622 2356 714 2393 prima
730 2364 795 2392 pars
812 2356 895 2385 nabet
911 2357 991 2385 duas.

142 2404 171 2432 ln
195 2404 286 2441 prima
308 2402 473 2432 determinat
497 2402 531 2430 de
547 2402 634 2431 libero
656 2402 788 2434 arbitrio,
805 2403 830 2430 in
854 2406 990 2439 quantum

143 2452 177 2480 ad
200 2451 269 2479 alias
297 2450 406 2478 animae
438 2449 574 2486 potentias
605 2452 793 2485 comparatur.
818 2449 845 2477 ln
869 2449 991 2478 secunda

145 2506 211 2528 vero
234 2497 415 2529 determinat,
435 2495 555 2533 qualiter
572 2496 596 2523 in
613 2496 725 2523 homine
743 2496 900 2524 tentationis
922 2497 991 2525 ordo

145 2549 172 2574 et
194 2544 351 2582 progressio
373 2546 598 2576 consummatur,
614 2542 665 2570 ibi:
684 2542 760 2570 1111111
777 2551 889 2580 quoque
907 2551 992 2579 prae-

148 2591 364 2621 termittemlmn
385 2598 443 2618 non
464 2594 575 2618 estete.
608 2589 697 2618 Prima
723 2597 787 2626 pars
821 2593 875 2618 tres
908 2590 991 2618 babet

1048 1602 1207 1638 particulas.
1246 1602 1273 1630 ln
1306 1603 1397 1639 prima
1427 1603 1609 1637 determinat,
1632 1604 1665 1632 ad
1699 1604 1765 1640 quid
1799 1604 1895 1632 datum

1050 1649 1133 1678 fuerit
1155 1649 1224 1678 illud
1246 1650 1385 1678 auxilium
1404 1650 1516 1678 bomini.
1537 1650 1564 1678 ln
1580 1650 1704 1679 secunda
1726 1658 1800 1685 vero,
1822 1651 1897 1688 (111011

1050 1697 1085 1724 sit
1106 1696 1175 1725 illud
1198 1697 1386 1731 adiutorium,
1410 1697 1458 1725 ibi:
1483 1697 1537 1725 Hie
1570 1698 1818 1726 coiis-ideramlam
1839 1702 1896 1731 est,

1049 1743 1126 1781 qaod
1145 1742 1205 1780 fuit
1227 1743 1301 1772 1111111
1322 1744 1507 1772 adiutorium
1536 1748 1586 1773 010.
1610 1745 1638 1773 In
1662 1745 1742 1774 tertia
1773 1753 1840 1774 vero
1862 1746 1897 1774 ad

1050 1791 1184 1819 maiorem
1200 1791 1426 1828 explanationem
1442 1791 1586 1829 subiungit
1601 1792 1805 1821 distinctionem
1821 1800 1898 1829 prae-

1050 1838 1188 1866 dictarum
1198 1838 1215 1873 ²,
1251 1839 1303 1867 ibi:
1342 1839 1391 1867 Est
1426 1839 1502 1867 enim
1537 1839 1718 1868 sensualitas
1752 1840 1898 1877 qaaedam

1049 1886 1093 1913 uis
1115 1889 1165 1914 etc.
1187 1886 1333 1922 Quaelibet
1354 1890 1448 1915 autem
1471 1887 1572 1915 harum
1599 1887 1722 1923 partium
1745 1887 1831 1916 dividi
1854 1896 1899 1924 po-

1051 1936 1103 1961 test
1134 1933 1159 1961 111
1190 1933 1270 1962 duas.
1303 1933 1331 1961 ln
1358 1934 1448 1970 prima
1478 1934 1648 1963 determinat
1682 1935 1835 1963 veritatem.
1869 1935 1896 1963 ln

1051 1979 1173 2008 secunda
1195 1983 1320 2009 removet
1346 1980 1563 2015 dubitationem,
1587 1981 1639 2010 ibi:
1674 1981 1729 2010 Secl
1756 1982 1898 2019 quomodo

1051 2031 1161 2055 rectam
1182 2031 1206 2055 et
1229 2027 1335 2055 honam
1356 2027 1533 2056 volantatem
1555 2032 1605 2057 etc.
1621 2029 1753 2057 Similiter
1775 2029 1898 2057 secunda

1050 2082 1130 2110 pars,
1164 2074 1189 2102 in
1222 2082 1277 2111 qua
1309 2075 1491 2110 determinat,
1521 2076 1595 2113 quod
1629 2076 1681 2104 fuit
1708 2076 1896 2110 adiutorium,

1051 2121 1121 2149 duas
1154 2121 1237 2150 babet
1269 2126 1370 2158 partes.
1406 2123 1430 2150 ln
1464 2123 1554 2160 prima
1586 2123 1723 2160 explicat,
1744 2124 1818 2160 (111011
1847 2124 1898 2152 fuit

1050 2168 1119 2197 illud
1142 2168 1313 2197 adiutorium
1336 2170 1520 2204 nominando,
1543 2170 1568 2198 in
1592 2170 1714 2199 secunda
1730 2170 1899 2205 definiendo,

1051 2215 1102 2243 ibi:
1128 2214 1263 2243 Liberam
1285 2216 1446 2244 arbitriam
1468 2220 1508 2245 est
1539 2216 1670 2253 facultas
1692 2221 1742 2245 etc,
1765 2216 1896 2245 Similiter

1051 2262 1131 2290 tertia
1152 2270 1233 2299 pars,
1257 2263 1281 2291 in
1304 2271 1360 2300 qua
1392 2263 1555 2292 divisionem
1580 2264 1657 2300 ponit
1688 2264 1894 2300 potentiarum,

1051 2309 1122 2337 duas
1144 2309 1226 2337 hahet
1258 2313 1358 2346 partes.
1392 2310 1417 2337 ln
1451 2311 1542 2346 prima
1563 2311 1685 2347 assignat
1710 2311 1895 2340 differentiam

1051 2356 1238 2384 sensualitatis
1261 2356 1295 2384 ad
1318 2357 1470 2389 rationem;
1495 2357 1519 2384 in
1542 2357 1663 2385 secunda
1689 2366 1754 2386 vero
1776 2358 1896 2387 ostendit

1051 2402 1140 2433 viam,
1156 2410 1206 2439 per
1221 2411 1305 2439 quam
1322 2404 1447 2440 cognosci
1471 2407 1560 2440 potest
1582 2408 1608 2433 et
1624 2404 1743 2433 discerni
1760 2405 1806 2433 illa
1821 2405 1896 2435 diffe-

1052 2450 1153 2483 rentia,
1170 2449 1205 2477 ibi
1219 2460 1224 2476 :
1243 2449 1392 2487 Quidquid
1416 2459 1484 2487 erqo
1500 2450 1530 2478 iii
1546 2451 1649 2479 1111111111.
1671 2456 1772 2480 nostra
1794 2456 1844 2481 etc.
1856 2469 1894 2472 —

1052 2496 1093 2524 Sic
1118 2496 1207 2524 totalis
1230 2496 1315 2525 liuius
1337 2497 1490 2533 particulae
1512 2498 1647 2526 sententia
1663 2499 1736 2527 circa
1759 2499 1814 2528 duo
1838 2508 1896 2529 ver-

1050 2547 1142 2577 satur,
1165 2543 1294 2572 videlicet
1315 2544 1388 2573 eirca
1409 2544 1597 2579 adiutorium,
1620 2546 1694 2582 (111011
1718 2546 1769 2574 fnit
1792 2546 1895 2576 1101111111

1049 2590 1194 2624 collatum,
1217 2594 1243 2619 et
1264 2591 1337 2619 cirea
1353 2591 1556 2620 distinctionem
1580 2593 1775 2628 potentiarum,

208 2893 214 2906 1
235 2893 263 2915 lta
282 2891 348 2914 codd.
368 2892 383 2913 Α
395 2891 438 2913 BD
456 2895 477 2914 et
494 2891 529 2913 ed.
551 2892 574 2919 ¹3
592 2892 613 2913 in
632 2891 680 2913 aliis
697 2897 751 2920 qua.

207 2930 216 2944 ²
234 2929 277 2952 Cir.
297 2931 407 2957 August„
424 2929 469 2950 Xll.
488 2929 516 2951 de
535 2929 597 2951 Trin.
615 2935 634 2951 c.
657 2929 689 2951 13.
707 2936 776 2957 snpra
795 2931 882 2952 citatus.

358 2967 453 2990 NOTAE
471 2967 508 2990 AD
526 2966 772 2991 COMMENTARIUM.

209 3007 214 3020 ¹
236 3008 277 3029 pro
295 3008 329 3029 est
346 3005 444 3029 lilim-um
464 3005 607 3034 arbitrium,
627 3008 648 3029 el
671 3005 770 3029 liberum
794 3006 922 3029 arbitrium
941 3008 989 3030 Vnt.

271 3057 295 3081 S.
313 3058 400 3080 Ronuo.
419 3069 449 3073 —
468 3058 532 3079 Toni.
553 3058 574 3078 ΙΙ.

1047 2891 1135 2915 scillcet
1163 2891 1231 2915 liberi
1258 2892 1368 2920 arbitrii,
1399 2893 1451 2915 edd.
1482 2894 1494 2915 3
1512 2913 1515 2921 ‚
1546 2894 1557 2915 si
1586 2894 1672 2918 scilicet
1702 2894 1800 2918 liberum
1833 2895 1897 2919 (ιι-111-

1048 2931 1128 2953 trium.

1112 2969 1121 2983 ²
1137 2970 1223 2998 Supple
1236 2976 1289 2992 cum
1302 2970 1352 2993 cod.
1367 2973 1383 2992 Α
1397 2974 1416 2993 et
1430 2971 1465 2993 ed.
1483 2972 1487 2993 1
1504 2971 1672 3000 potentiarum,
1688 2974 1765 3000 plures
1778 2974 1813 2995 alii
1828 2974 1894 2996 codd.

1049 3012 1135 3030 tantum
1153 3008 1313 3037 palmiferum
1331 3012 1369 3030 ant
1384 3008 1569 3038 praedictorum.

1744 3064 1768 3083 lt)
