2243 3425
20 2231 136 2250 undameuta.

777 191 859 218 DlST.
882 189 913 218 Χ.
934 189 1006 217 ART.
1029 188 1047 216 Ι.
1070 187 1205 224 QUAEST.
1228 187 1246 215 l.

460 320 899 372 COMMENTARIUS
938 320 999 367 IN
1033 317 1474 367 DISTINOTIONEM
1508 316 1561 364 X.

779 448 824 481 De
851 446 1016 480 ministerio
1043 446 1242 490 Angelorum.

729 553 790 581 Hoc
812 553 901 581 etiam
923 551 1160 588 investiyamlum
1182 555 1221 579 est
1243 554 1295 579 ete.

871 650 994 679 DIVISIO
1015 649 1152 678 TEXTUS.

214 754 305 790 Supra
326 755 381 789 egit
403 751 532 788 Magister
553 751 588 780 de
619 749 856 787 consequentibus
887 748 985 777 contir-

135 802 285 830 mationem
306 799 475 836 Angelorum
496 801 632 835 quantum
655 797 691 826 ad
713 797 916 826 distinctionem
943 805 985 824 or-

136 849 250 883 dinum,
276 848 303 875 in
326 847 378 875 hae
404 854 473 874 vero
502 848 582 882 parte
613 844 670 881 agit
691 847 827 881 quantum
850 843 885 872 ad
908 843 985 871 mini-

135 895 261 925 sterium.
284 894 316 922 Et
336 893 468 930 quoniam
501 891 687 920 ministerium
720 893 879 927 respectum
902 890 986 918 hahet

136 946 163 971 et
184 942 219 970 ad
241 949 305 970 eum
321 940 368 977 qui
385 939 537 973 ministrat,
559 941 586 967 et
600 938 636 967 ad
652 946 717 967 eum
733 938 776 966 eui
793 937 985 971 ministratum

136 989 198 1018 ideo
230 996 296 1025 pars
327 987 379 1016 ista
411 986 482 1015 duas
513 986 606 1014 habet.
639 985 667 1013 In
695 985 787 1022 prima
819 985 986 1013 determinat

136 1036 171 1065 de
202 1034 357 1064 ministerio
378 1033 545 1070 Angelorum
578 1035 716 1069 quantum
738 1032 773 1060 ad
806 1032 881 1069 ipsos
902 1033 987 1068 Ange-

137 1083 177 1112 los
199 1082 398 1110 ministrantes.
430 1080 459 1108 In
491 1080 615 1108 secunda
646 1087 714 1107 vero
736 1079 904 1107 determinat
936 1086 986 1115 per

137 1129 373 1166 comparationem
399 1128 434 1156 ad
450 1127 593 1161 homines,
616 1127 718 1164 quibus
750 1127 927 1159 ministrant,
950 1126 986 1154 in-

137 1178 179 1206 fra
201 1176 377 1205 distinctione
406 1174 570 1204 undecima:
596 1173 675 1202 Illud
700 1182 811 1211 quoque
835 1173 986 1201 sciendum

138 1228 179 1252 est
199 1227 251 1252 etc.

1121 747 1213 775 Prima
1235 754 1316 784 pars,
1348 746 1376 774 in
1408 754 1464 783 qua
1496 745 1621 782 quaerit,
1647 744 1751 781 quibus
1781 743 1891 780 Angelis

1042 794 1175 831 competit
1196 793 1356 822 ministrare
1378 792 1436 821 sive
1458 792 1545 826 mitti,
1568 792 1652 820 habet
1673 794 1730 819 tres
1745 794 1847 828 partes.
1862 791 1892 818 ln

1043 842 1134 879 prima
1155 841 1232 878 ponit
1253 840 1380 869 diversas
1393 840 1401 855 ¹
1424 839 1568 876 opiniones
1590 846 1655 867 eum
1670 838 1729 866 suis
1750 837 1895 866 confirma-

1044 889 1173 918 tionibus.
1196 888 1225 916 In
1246 887 1370 917 secunda
1391 895 1458 915 vero
1490 889 1569 923 parte
1591 888 1684 914 movet
1705 884 1894 913 dubitationes

1043 939 1070 965 et
1091 936 1272 969 determinat,
1294 935 1346 963 ibi:
1370 934 1425 962 Hic
1454 933 1552 962 oritur
1574 931 1722 971 quaestio,
1744 931 1772 959 si
1796 939 1894 959 omnes

1043 983 1203 1011 mittuntur
1224 985 1249 1010 et
1277 980 1377 1009 nuntii
1407 980 1461 1009 Dei
1488 980 1624 1008 existima.
1658 979 1686 1007 In
1718 978 1800 1007 tertia
1826 985 1893 1006 vero

1044 1033 1123 1068 parte
1144 1030 1207 1058 illas
1228 1029 1300 1058 duas
1321 1028 1464 1065 opiniones
1486 1027 1596 1056 reducit
1616 1026 1652 1055 ad
1668 1025 1809 1063 quandam
1832 1032 1893 1053 oon-

1045 1077 1233 1108 cordantiam,
1255 1076 1379 1105 formans
1401 1075 1481 1112 quasi
1503 1083 1539 1103 ex
1566 1074 1620 1103 illis
1649 1073 1760 1102 duabus
1792 1072 1895 1109 opinio-

1046 1132 1108 1153 nem
1131 1132 1232 1158 unam,
1254 1124 1326 1152 inter
1342 1126 1492 1159 utramque
1516 1122 1650 1152 mediam,
1672 1121 1725 1149 ihi:
1749 1119 1812 1148 Alit
1825 1127 1893 1147 vero

1046 1172 1156 1205 (licum,
1180 1175 1237 1199 tres
1259 1170 1377 1198 ordines
1397 1177 1551 1206 supremos
1571 1172 1620 1197 ete.
1646 1168 1748 1196 Harum
1772 1166 1895 1204 partium

1046 1219 1251 1248 subdivisiones
1273 1217 1435 1245 manifestae
1459 1219 1523 1245 sunt
1546 1216 1572 1243 in
1596 1215 1695 1243 littera.

791 1318 978 1346 TRACTATIO
1000 1316 1242 1354 QUAESTIONUM.

218 1419 256 1447 Ad
279 1419 489 1455 intelligentiam
514 1418 598 1446 liuius
619 1418 707 1455 partis
722 1418 819 1446 incidit
841 1418 884 1446 liic.
907 1425 989 1454 quae-

140 1467 191 1495 stio
213 1467 287 1495 circa
310 1466 370 1494 tria.

221 1514 311 1541 Prima
342 1513 468 1550 quaestio
500 1516 557 1547 est,
588 1515 684 1540 utrum
717 1512 781 1540 boni
804 1512 897 1548 Angeli
930 1511 990 1539 mit-

141 1564 244 1589 tantur.

220 1607 347 1636 Secundo
368 1607 528 1645 quaeritur,
550 1606 585 1634 ad
608 1606 674 1644 quid
698 1606 852 1634 mittantur.

1126 1416 1218 1445 Tertio
1239 1415 1401 1453 quaeritur,
1423 1415 1544 1452 qualiter
1574 1414 1642 1442 illud
1673 1413 1796 1442 officium
1818 1421 1896 1442 exse-

1047 1467 1178 1500 quantur.

1126 1511 1205 1539 Circa
1226 1510 1351 1547 primum
1374 1512 1552 1547 quaeruntur
1574 1510 1639 1538 duo.

1127 1558 1219 1586 Primo
1234 1558 1389 1595 quaeritur,
1406 1560 1503 1586 utrum
1519 1557 1604 1594 aliqui
1627 1556 1719 1593 Angeli
1740 1556 1895 1584 mittantur.

1127 1605 1254 1634 Secundo
1277 1605 1439 1643 quaeritur,
1461 1608 1558 1633 utrum
1581 1612 1678 1632 omnes
1699 1604 1855 1632 mittantur.

877 1704 1112 1737 ARTICULUS
1138 1704 1160 1736 l.

767 1798 871 1826 Utrum
895 1797 961 1825 bom?
982 1797 1088 1835 Augyelz'
1108 1797 1274 1825 titillantur.

918 1895 1081 1933 QUAEsno
1103 1895 1120 1923 1.

757 1983 859 2011 Utrum
883 1983 978 2021 ulique?
999 1983 1104 2020 Angyeli'
1126 1983 1291 2011 amittuntur.

221 2082 300 2110 Circa
321 2082 444 2118 primum
477 2082 515 2110 sic
547 2082 725 2119 proceditur,
758 2085 784 2110 et
815 2082 990 2113 ostenditur,

143 2130 217 2167 quod
240 2129 333 2166 Angeli
357 2129 512 2158 mittantur.

225 2178 249 2206 l.
272 2177 360 2205 Lucae
382 2176 511 2213 primo²r
534 2176 642 2204 Missus
663 2180 705 2204 est
722 2176 841 2205 Gabriel
863 2176 992 2213 ,lamellas

143 2233 162 2252 ct
187 2224 242 2252 Deo
274 2224 305 2251 in
333 2223 479 2252 caritatem
501 2227 561 2258 etc„
583 2227 610 2251 et
632 2223 659 2251 in
681 2222 813 2260 pluribus
841 2223 902 2251 aliis
924 2222 992 2250 Scri-

142 2274 242 2308 pturae
264 2271 339 2299 loris.

223 2320 249 2347 2.
272 2319 348 2353 Item,
370 2318 491 2355 Angelus
512 2325 613 2346 nomen
635 2320 677 2346 est
698 2317 797 2345 nuntii
828 2320 855 2345 et
886 2316 992 2354 offleii,

145 2366 217 2394 sieut
238 2365 304 2393 dieit
319 2365 414 2394 Glossa
429 2372 514 2402 super
531 2364 601 2393 illud
616 2364 714 2393 Psalmi
725 2364 751 2392 ³:
776 2364 834 2400 Qttz'
846 2362 921 2400 facit
936 2364 994 2391 An-

142 2412 221 2451 gelos
239 2420 308 2440 suos
329 2412 470 2449 spiritus:
493 2419 560 2448 ergo
582 2411 605 2440 si
628 2419 693 2440 vere
714 2414 741 2440 et
763 2411 877 2448 proprie
899 2411 994 2439 dicun-

144 2463 191 2488 tur
214 2459 323 2496 Angeh,
350 2466 415 2487 vere
447 2461 474 2487 et
504 2458 619 2495 proprie
651 2461 716 2486 sunt
744 2458 848 2486 nuntii:
871 2465 938 2494 ergo
970 2457 992 2485 si

145 2507 308 2535 nuntiorum
330 2509 371 2534 est
393 2505 480 2540 mitti,
502 2508 578 2542 patet
599 2508 650 2533 etc.

226 2554 252 2582 3
274 2554 354 2587 Item,
376 2556 480 2590 quanto
502 2553 604 2589 aliquis
625 2552 710 2581 habet
740 2551 875 2580 maiorem
898 2551 995 2580 carita-

149 2605 218 2636 tem,
250 2604 326 2629 tanto
358 2600 501 2629 sollicitior
532 2603 574 2628 est
602 2600 675 2629 cirea
708 2607 773 2628 eum
799 2606 882 2636 quem
905 2601 994 2635 potest

147 2649 261 2682 iuvare3
283 2648 331 2676 sed
353 2647 445 2684 Angeli
478 2647 581 2675 liabent
612 2646 761 2683 perfectam
794 2645 938 2673 caritatem
968 2647 995 2672 et

147 2698 264 2731 possunt
286 2697 409 2722 nostram
439 2694 619 2730 indigentiam
648 2692 811 2721 sublevare:
834 2698 901 2727 ergo
922 2690 995 2719 vide-

148 2745 210 2771 tur.
233 2742 307 2778 quod
329 2742 383 2769 sint
404 2741 512 2769 solliciti
545 2749 595 2769 nos
626 2740 769 2769 adiuvare.
792 2740 844 2768 Sed
867 2738 919 2768 hoe
941 2748 994 2767 non

1049 2081 1153 2110 faciunt
1174 2081 1288 2119 propria
1310 2082 1490 2115 auctoritate,
1514 2082 1562 2111 sed
1589 2082 1713 2110 Domini:
1737 2090 1803 2119 ergo
1826 2083 1899 2111 vide-

1050 2132 1111 2163 tur.
1134 2129 1208 2166 quod
1231 2129 1378 2157 mittantur
1400 2138 1415 2157 a
1438 2129 1563 2158 Domino.

1129 2177 1155 2204 [ι.
1179 2176 1260 2211 item,
1283 2176 1376 2213 Angeli
1398 2180 1535 2213 quantum
1556 2177 1591 2205 ad
1624 2180 1727 2205 statum
1756 2180 1783 2205 et
1814 2177 1900 2214 digni-

1050 2227 1134 2253 tatem
1157 2226 1222 2252 sunt
1245 2224 1326 2252 medii
1350 2224 1422 2252 inter
1443 2232 1493 2252 nos
1515 2227 1542 2252 et
1562 2224 1666 2252 Deum:
1690 2232 1756 2261 ergo
1778 2224 1899 2258 videtur,

1051 2271 1125 2308 quod
1147 2271 1180 2299 ad
1207 2271 1297 2299 Deum
1328 2271 1418 2299 serant
1450 2271 1596 2308 petitiones
1624 2274 1733 2299 nostras
1755 2275 1782 2299 et
1804 2279 1820 2299 a
1842 2271 1898 2300 Deo

1050 2318 1130 2347 nobis
1162 2318 1346 2347 revelationes
1378 2318 1500 2348 referant
1532 2318 1680 2352 divinas⁴3
1711 2318 1760 2347 sed
1783 2318 1835 2347 hoc.
1856 2321 1898 2347 est

1051 2366 1197 2402 proprium
1220 2365 1399 2393 nuntIOrum:
1422 2372 1489 2401 ergo
1511 2368 1561 2393 etc.

1130 2412 1260 2440 CoNTnA:
1286 2413 1310 2439 l.
1332 2412 1446 2440 Frustra
1478 2412 1561 2441 mittit
1592 2412 1654 2449 quis
1682 2413 1827 2448 nuntium,
1849 2414 1898 2443 ubi
1913 2415 2029 2457 ²³d231s³ul¹⁰⁵i·

1052 2459 1110 2495 ipse
1132 2466 1264 2494 praesens
1290 2461 1332 2486 est
1362 2461 1389 2486 et
1422 2458 1522 2487 melius
1554 2462 1645 2495 potest
1675 2459 1765 2487 faeere
1786 2468 1837 2497 per
1869 2469 1898 2490 se
1989 2453 1992 2457 ’

1052 2506 1159 2542 ipsum:
1182 2513 1249 2542 ergo
1280 2506 1302 2534 si
1334 2506 1409 2535 Dens
1442 2506 1521 2534 nohis
1543 2507 1787 2543 praesentissimus
1809 2510 1851 2536 est
1872 2511 1899 2537 et

1051 2553 1144 2581 omnia
1166 2556 1255 2589 potest
1275 2553 1367 2582 faeere
1388 2561 1438 2590 per
1460 2561 1489 2582 se
1504 2554 1606 2590 ipsum⁷
1628 2562 1695 2591 ergo
1711 2554 1815 2584 frustra
1838 2555 1898 2584 mit-

1053 2599 1084 2627 tit
1105 2599 1141 2627 ad
1162 2607 1213 2628 nos
1244 2600 1386 2637 Angelum.
1409 2600 1459 2629 Sed
1484 2600 1543 2637 ipse
1576 2601 1644 2629 nihil
1666 2601 1771 2630 frustra
1792 2602 1897 2631 faeit⁵:

1052 2655 1119 2683 ergo
1140 2650 1190 2675 ete.

1132 2695 1157 2722 Q.
1180 2694 1263 2727 item,
1285 2694 1360 2723 Deus
1383 2694 1460 2723 Pater
1483 2695 1557 2723 misit
1589 2695 1688 2724 Filium
1716 2699 1742 2724 et
1764 2696 1899 2733 Spiritum

1053 2744 1178 2769 sanctum
1195 2741 1230 2769 ad
1246 2742 1455 2777 procurandum
1472 2745 1595 2771 nostram
1612 2743 1729 2771 salutem
1737 2744 1754 2775 ἣ
1770 2746 1818 2771 aut
1833 2752 1900 2781 ergo

213 2874 218 2887 ¹
238 2872 292 2895 Cod.
312 2879 336 2895 ce
353 2876 375 2895 et
391 2873 427 2895 ed.
451 2874 455 2894 1
478 2872 545 2895 [luas.
847 2874 856 2888 ⁴²
875 2875 939 2897 Vers.
958 2876 994 2897 ⁶26.

211 2912 220 2927 ³
239 2913 319 2934 psalm.
347 2913 400 2940 103,
424 2912 444 2934 si.
462 2924 493 2928 —
510 2913 613 2935 messam
638 2913 817 2940 interlinearem,
840 2920 899 2942 quae
921 2917 995 2936 sumtu

150 2956 183 2974 est
200 2958 226 2973 ex
245 2953 348 2979 August„
367 2952 467 2973 Enarrnt.
487 2952 507 2972 in
527 2952 587 2973 nune
600 2952 641 2979 Ps.‚
657 2958 725 2974 serm.
749 2953 764 2974 l.
779 2959 800 2974 n.
818 2952 850 2979 15,
868 2953 921 2975 vido
933 2954 995 2980 apud

150 2991 278 3019 Lyranum7
292 2991 346 3013 ibid.

1116 2875 1124 2889 ⁴
1142 2875 1186 2897 Cir.
1206 2876 1262 2897 Tol).

1118 2915 1127 2929 5
1143 2915 1240 2939 Aristot..
1259 2915 1272 2936 l.
1286 2915 1314 2937 de
1332 2914 1399 2937 Caelo
1417 2918 1438 2937 et
1455 2915 1554 2943 mundo7
1575 2919 1624 2938 text.
1644 2917 1681 2939 32.
1700 2917 1728 2944 (r.
1748 2917 1786 2945 ln).

1117 2953 1126 2967 ὓ
1144 2952 1188 2975 cfr.
1207 2954 1220 2975 1.
1238 2954 1298 2976 Seni.
1317 2954 1339 2976 d.
1363 2954 1394 2976 15.
1417 2955 1449 2977 16.

1287 2876 1324 2903 12,
1348 2876 1380 2897 12.
