2243 3425
29 662 58 680 Ad
72 663 145 685 opposi-

767 203 851 232 DIST.
874 203 947 231 XLII.
970 203 1042 231 ART.
1065 202 1104 230 lll.
1127 202 1267 239 QUAEST.
1286 202 1303 230 Ι.

159 285 220 311 cata
241 282 417 311 solummodo
433 282 672 319 distinguerentur
686 288 737 318 per
759 280 930 310 differentias
952 288 1010 309 ma-

160 329 293 358 terialiter
309 329 478 363 differentes,
494 336 637 365 nunquam
652 331 797 365 peccatum
815 331 907 365 posset
921 328 1009 357 dividi

160 376 307 405 sufficienti
329 376 474 405 divisione.
497 375 524 403 Si
546 375 631 412 igitur
653 375 680 403 in
696 374 841 412 Scriptura
863 378 1008 412 peccatum

159 423 296 452 dividitur
318 423 494 456 differentiis,
510 423 603 459 ipsum
618 421 789 450 sufficienter
818 421 1009 450 dividentibus

159 474 186 499 et
208 478 290 499 omne
311 474 456 507 peccatum
482 468 748 506 complectentibus;
780 469 908 503 videtur,
933 468 1009 505 quod

159 520 272 554 peccata
293 517 328 545 ad
360 516 478 545 invicem
504 515 712 552 distinguantur
737 522 791 543 non
814 515 906 543 solum
934 515 1010 543 diffe-

160 564 257 593 rentiis
278 563 486 598 materialibus,
508 570 606 591 verum
629 562 712 591 etiam
734 562 909 590 formalibus.

239 612 291 639 SED
313 619 435 639 conum:
456 611 479 638 1.
501 609 626 638 Formale
641 609 669 638 in
691 616 794 646 genere
816 608 920 646 peccati
937 616 1009 637 mor-

161 658 223 686 talis
245 661 286 686 est
306 657 440 690 aversi0;
456 656 504 686 sed
526 659 639 693 peccata
653 664 670 684 a
683 659 763 693 parte
784 656 939 684 aversionis
954 664 1008 684 non

161 704 382 741 distinguuntur,
404 704 489 732 immo
511 703 680 732 conveniunt
700 719 739 722 —
760 702 854 731 omnia
875 702 949 731 enim
972 702 1011 730 di—

161 755 228 780 cunt
248 751 424 780 aversionem
445 758 462 778 a
483 750 540 779 Deo
560 766 599 770 —
630 750 652 779 si
679 757 746 786 ergo
775 750 989 786 distinguuntur
1002 772 1009 784 ,

160 799 212 827 hoc
234 802 276 827 est
297 798 387 826 solum
411 805 427 825 a
455 800 534 834 parte
564 796 780 830 conversionis,
813 804 885 833 quae
911 799 953 825 est
981 796 1007 824 in

160 848 273 883 peccato
294 844 461 873 materialis:
487 852 554 881 ergo
582 847 691 872 tantum
707 843 843 872 dividitur
862 847 1009 880 peccatum

160 901 211 931 per
226 892 397 921 differentias
419 891 587 926 materiales,
609 899 663 920 non
684 899 735 928 per
756 890 896 919 formales.

240 940 266 968 2.
288 939 372 974 Item,
394 942 557 976 peccatum,
577 938 732 967 formaliter
762 937 917 975 loquendo,
940 937 1010 965 nihil

160 990 218 1021 est,
239 987 286 1015 sed
310 986 385 1023 qnod
407 985 475 1014 nibil
498 989 539 1014 est
560 993 615 1014 non
637 985 721 1014 habet
750 985 921 1014 differentias
943 984 1011 1013 divi-

162 1034 293 1063 dentes¹:
324 1041 390 1070 ergo
420 1033 442 1061 si
471 1036 616 1069 peccatum
649 1032 803 1066 dividitur,
826 1031 904 1060 nullo
927 1031 1010 1060 [nodo

162 1080 306 1115 dividitur,
329 1080 355 1108 in
371 1083 509 1117 quantum
524 1079 679 1108 formaliter
696 1078 906 1107 consideratur:
923 1081 1010 1107 restat

161 1128 255 1165 igitur,
277 1128 351 1165 qnod
375 1127 466 1156 solum
482 1126 625 1155 dividatur
640 1134 690 1163 per
706 1125 776 1154 illud
798 1125 873 1163 quod
895 1129 937 1154 est
952 1134 1011 1154 ma-

162 1175 259 1204 teriale
281 1175 308 1203 in
331 1175 405 1212 ipso,
428 1178 454 1203 et
475 1174 513 1202 ita
533 1173 606 1203 redit
627 1173 701 1202 idem
724 1173 799 1210 quod
822 1173 910 1210 prius.

241 1222 267 1250 3.
290 1222 370 1256 item,
392 1229 473 1250 omne
505 1221 591 1255 illud,
620 1220 696 1257 quod
722 1220 807 1249 habet
839 1220 1011 1248 differentias

162 1269 292 1300 formales
324 1273 351 1297 et
377 1267 532 1305 specificas,
554 1267 649 1304 aliquo
677 1267 776 1301 modo,
798 1266 953 1295 formaliter
975 1267 1011 1295 lo-

162 1317 289 1355 quendo,
311 1315 395 1344 habet
417 1315 553 1352 speciem;
576 1314 624 1343 sed
646 1317 792 1351 peccatum
815 1314 873 1342 sive
894 1313 1010 1348 malum,

162 1363 317 1392 formaliter
333 1361 489 1398 loquendo,
505 1363 546 1389 est
560 1360 680 1397 privatio
696 1360 797 1397 speciei
811 1359 834 1394 ²3
850 1363 876 1388 et
891 1360 1011 1396 privatio

163 1409 263 1447 speciei
296 1417 350 1437 non
384 1408 468 1436 habet
499 1407 636 1444 speciem,
657 1410 684 1436 et
705 1407 781 1444 quod
810 1410 888 1435 caret
919 1406 1011 1443 specie

163 1460 239 1486 caret
260 1455 416 1485 differentia
438 1454 547 1483 formali
570 1458 595 1483 et
618 1454 762 1491 specifica:
786 1462 852 1491 ergo
874 1457 924 1483 etc.

242 1503 268 1531 [t.
291 1503 370 1536 item,
393 1502 415 1530 si
437 1505 583 1539 peceatum
599 1501 717 1530 haberet
732 1501 903 1530 differentias
919 1501 1012 1538 ipsum

164 1549 319 1579 formaliter
352 1548 524 1582 dividentes,
555 1556 622 1585 ergo
649 1548 765 1576 liaberet
788 1556 869 1576 veras
891 1548 1012 1584 species,

164 1598 212 1626 sed
236 1605 318 1626 omne
339 1596 393 1625 tale
415 1596 500 1624 habet
530 1595 654 1624 ordinari
685 1595 711 1623 in
738 1603 840 1632 genere
872 1595 1013 1630 directe³3

163 1644 234 1673 illud
256 1646 364 1677 autem,
386 1643 462 1680 quod
484 1646 526 1671 est
553 1642 580 1670 in
603 1650 721 1679 genere,
742 1650 758 1670 a
787 1642 843 1671 Deo
864 1644 919 1671 est:
946 1649 1013 1678 ergo

164 1694 326 1728 peccatum,
349 1689 504 1718 formaliter
532 1689 688 1726 loquendo,
710 1697 727 1717 a
748 1688 805 1717 Deo
827 1692 915 1722 esset;
937 1689 1013 1726 quod

164 1741 206 1767 est
228 1740 324 1766 contra
346 1737 439 1765 fidem.

245 1786 269 1813 3.
293 1784 375 1818 item,
397 1784 489 1821 prima
511 1784 611 1813 divisio
632 1783 737 1821 peccati
766 1786 807 1812 est
829 1783 856 1811 in
878 1783 1013 1820 originale

164 1837 191 1862 et
212 1833 336 1867 actuale3
359 1832 407 1861 sed
436 1831 570 1868 originale
598 1835 625 1860 et
653 1831 762 1860 actuale
791 1834 936 1868 peccatum
960 1839 1013 1859 non

165 1881 377 1917 distinguuntur
399 1879 563 1912 formaliter,
578 1879 644 1915 quia
659 1878 735 1916 quod
750 1881 791 1907 est
815 1878 950 1914 originale
965 1878 1013 1906 uni

165 1928 217 1956 fuit
237 1927 317 1955 alteri
340 1926 465 1960 actuale,
487 1926 559 1955 sient
580 1929 662 1962 patet,
685 1926 751 1963 quia
773 1925 848 1962 quod
871 1928 913 1954 est
934 1925 1015 1962 origi-

165 1975 227 2003 nale
249 1974 328 2002 nobis
350 1974 402 2002 fuit
423 1973 532 2002 actuale
557 1973 638 2001 Adae.
661 1972 687 2000 Si
710 1972 795 2009 igitur
818 1972 909 2009 prima
932 1980 1016 2000 mem-

166 2022 217 2050 bra
240 2021 362 2049 maxime
385 2020 553 2054 differunt⁴,
575 2023 601 2048 et
622 2019 757 2056 originale
780 2023 806 2047 et
828 2019 938 2047 actuale
960 2027 1015 2047 non

165 2072 230 2097 sunt
245 2068 418 2097 differentiae
438 2067 542 2104 peccati
558 2067 712 2095 formaliter
728 2066 904 2100 differentes3
928 2066 1015 2095 multo

165 2115 265 2144 fortius
288 2123 337 2144 nec
359 2115 439 2143 aliae.

247 2163 271 2190 6.
295 2162 378 2196 item,
400 2162 492 2198 prima
512 2161 612 2190 divisio
634 2160 752 2189 actualis
775 2161 879 2197 peccati
903 2164 945 2189 est
965 2168 1016 2197 per

166 2210 284 2238 mortale
306 2213 333 2238 et
354 2209 479 2243 veniale;
501 2208 549 2237 sed
573 2208 690 2237 mortale
712 2211 738 2237 et
768 2208 875 2237 veniale
898 2216 952 2236 non
975 2208 1017 2236 di-

167 2260 233 2286 cunt
255 2257 382 2285 diversas
404 2256 576 2285 differentias
597 2255 753 2284 secundnm
776 2255 893 2283 formam
918 2258 944 2283 et
959 2263 1018 2292 spe-

167 2305 249 2333 ciem:
273 2312 339 2340 ergo
367 2303 456 2331 multo
486 2303 579 2331 minus
604 2310 654 2331 nec
685 2302 755 2330 aliae
781 2302 956 2330 differentiae
979 2310 1018 2330 se-

167 2351 291 2380 eundum
314 2350 434 2387 speciem
457 2353 484 2378 et
505 2349 623 2377 sormam
646 2349 751 2377 faciunt
778 2348 901 2376 differre.
921 2348 1017 2376 Maior

168 2397 321 2435 propositio
350 2396 496 2425 manifesta
524 2399 574 2424 est.
600 2395 696 2423 Minor
718 2395 854 2432 probatur
876 2402 926 2432 per
949 2395 1017 2428 boc,

233 2530 239 2544 ¹
257 2530 301 2552 Cfr.
311 2536 380 2557 supra
394 2535 447 2557 pag.
462 2529 466 2550 l
478 2529 481 2550 1
494 2529 510 2556 Ι,
522 2532 572 2551 nota
586 2529 606 2550 3.
616 2541 646 2545 —
656 2529 686 2550 De
698 2527 786 2551 intueri
797 2528 850 2550 vide
862 2534 931 2555 supra
946 2528 967 2550 d.
979 2527 1015 2550 3i.

167 2577 186 2592 a.
206 2571 226 2592 2.
244 2576 266 2598 q.
285 2569 305 2590 3.
434 2567 443 2581 '2
460 2567 488 2589 Ut
505 2567 629 2595 probatum
647 2571 681 2589 est
697 2573 766 2595 supra
786 2567 807 2588 d.
826 2567 862 2588 35,
881 2574 900 2588 a.
920 2568 940 2589 2.
954 2574 975 2595 q.
999 2568 1016 2588 l.

230 2608 239 2623 3
258 2608 315 2630 Vide
332 2614 403 2635 supra
421 2613 474 2635 pag.
493 2606 534 2634 48,
554 2610 604 2628 nota
628 2607 644 2628 Ι.
661 2607 788 2628 Enuntiatio
806 2613 854 2634 seq.
874 2606 982 2628 fundatur
995 2607 1016 2628 in

167 2654 207 2675 co,
226 2648 288 2676 (pund
315 2646 370 2669 illud
396 2646 459 2675 quod
476 2649 510 2668 est
527 2647 549 2668 in
567 2652 664 2673 genere,
684 2645 737 2668 dicit
754 2646 810 2674 quid
827 2645 969 2675 positivum,
994 2649 1017 2668 ut

168 2689 213 2710 iam
231 2693 299 2715 snpra
319 2693 372 2714 pag.
391 2685 448 2713 814,
467 2689 518 2707 nota
537 2686 557 2707 8.
576 2686 596 2707 in
616 2685 660 2706 sine
678 2685 764 2707 (lictum
782 2688 822 2707 est.
836 2685 857 2706 in
871 2685 1017 2707 conclusione

169 2727 237 2748 liuius
254 2732 302 2753 aig
321 2731 363 2752 pro
381 2731 394 2747 a
412 2724 459 2747 Deo
477 2726 537 2747 esset
561 2724 611 2746 cod.
631 2724 648 2745 T
667 2730 680 2746 α
700 2723 746 2746 Deo
764 2724 803 2746 est.
822 2723 854 2745 Do
872 2723 1018 2745 conclusione

169 2767 216 2793 ipsa
236 2765 275 2787 cir.
294 2771 362 2792 supra
383 2764 404 2785 d.
423 2763 460 2785 37.
478 2770 498 2785 a.
517 2764 538 2785 Ξ.
557 2770 578 2791 q.
601 2764 618 2784 1.

232 2803 240 2817 ⁴
258 2803 302 2825 Cir.
321 2803 376 2825 lonc.
395 2809 421 2824 cx
440 2803 529 2824 Aristot.
548 2808 617 2829 snpra
636 2808 689 2829 pag.
708 2801 766 2829 937,
786 2804 836 2823 nota
859 2801 875 2822 1.
894 2801 939 2823 citt.

232 2843 241 2856 5
260 2843 281 2864 ln
301 2843 349 2863 turc
370 2848 419 2863 can.
441 2842 461 2863 3.
483 2841 504 2863 [1.
526 2841 562 2862 25.
577 2840 652 2862 Unum
665 2841 765 2862 orarium
777 2845 782 2861 2
795 2840 885 2861 Nullum
898 2844 1018 2867 peccatum

170 2886 203 2904 cst
215 2882 272 2903 adeo
286 2882 386 2908 mutale,
405 2880 467 2909 quod
487 2886 530 2902 non
550 2880 587 2901 fiat
604 2880 734 2906 criminale,
753 2879 808 2900 duni
827 2879 908 2907 placet.
926 2878 970 2901 Csr.
984 2886 1019 2902 su-

170 2928 211 2950 pra
230 2927 282 2949 pag.
302 2920 358 2947 5376,
377 2923 428 2942 nota
448 2920 468 2941 [3.
486 2932 518 2935 —
535 2919 602 2947 Quod
622 2918 698 2948 υῐῐιρὶδ
717 2922 738 2941 ct
755 2918 836 2941 minus
863 2925 906 2940 non
930 2920 1019 2942 variant

171 2961 285 2988 speciem,
304 2959 357 2981 vide
370 2965 439 2987 snpra
455 2965 507 2986 pag.
527 2958 583 2985 659,
596 2962 647 2980 nota
660 2958 682 2979 7.
694 2970 725 2973 —
738 2958 806 2979 Panlo
819 2958 927 2985 superius
939 2964 1020 2980 omnes

170 2999 223 3021 cdd.
243 3005 365 3027 perperam
383 2997 510 3021 intentione
528 3003 570 3025 pro
588 2996 722 3020 intensione.
742 2997 762 3018 ln
782 2996 825 3018 fine
844 3003 892 3024 arg.
911 3003 953 3024 pro
971 2996 1020 3019 alia

1858 204 1910 232 971

1066 281 1141 318 quod
1163 280 1273 309 veniale
1301 284 1447 318 peccatum
1469 280 1589 310 efficitur
1611 281 1729 309 mortale
1750 281 1809 309 sola
1830 282 1915 311 inten-

1066 327 1142 356 sione
1165 327 1289 356 libidinis
1310 328 1384 356 circa
1406 327 1479 356 idem
1510 336 1597 365 genus
1616 328 1790 357 delectabilis
1803 328 1821 356 ⁵.
1844 329 1914 366 Ergo

1066 373 1088 402 si
1110 374 1208 412 magis
1229 377 1256 403 et
1277 374 1377 402 minas
1399 382 1454 403 non
1480 374 1585 403 faciunt
1607 374 1796 403 diversitatem
1820 383 1915 404 secun-

1066 420 1135 449 dnm
1156 420 1277 457 speciem
1300 424 1327 449 et
1347 421 1482 455 formam,
1505 421 1633 456 videtur,
1662 422 1737 458 quod
1769 425 1914 458 peccatum

1066 467 1174 496 veniale
1195 471 1222 496 et
1254 467 1372 497 mortale
1396 476 1452 496 non
1472 468 1578 497 addant
1610 468 1755 497 formalem
1788 468 1915 497 differen-

1066 514 1150 542 tiam:
1173 522 1240 551 ergo
1262 522 1314 543 nec
1334 514 1397 543 alia.

1369 616 1610 637 CONCLUSIO.

1068 701 1227 729 Peccatum
1249 700 1395 730 abstracte
1416 706 1548 730 sonitant
1563 701 1647 730 leabct
1661 702 1842 740 differentias
1856 702 1915 740 for-

1145 748 1237 776 males
1259 752 1374 776 tantam
1392 757 1446 785 per
1468 749 1618 783 accidens,
1634 754 1763 778 concrete
1784 754 1914 778 sumtum

1146 795 1234 824 etiam
1252 804 1307 832 per
1328 804 1367 824 se.

1146 890 1325 918 RESPONDEO:
1347 889 1520 925 Dicendum,
1542 890 1618 927 quod
1644 890 1794 927 dupliciter
1816 891 1919 919 contin-

1067 937 1106 973 git
1127 937 1203 973 loqui
1232 936 1268 965 de
1289 940 1415 973 peccato:
1447 940 1496 965 aut
1525 937 1552 965 in
1585 937 1782 971 concretione,
1812 941 1862 966 aut
1890 938 1916 966 in
1932 945 2040 964 Distinetiu.

1067 983 1266 1012 abstractione
1278 983 1297 1011 θ.
1320 983 1346 1011 Si
1368 984 1396 1012 in
1411 983 1627 1017 abstractionc;
1642 983 1682 1012 sic
1696 984 1848 1013 dicendum
1864 988 1919 1019 est,

1066 1031 1141 1068 quod
1165 1031 1406 1068 quemadmodum
1428 1034 1590 1068 peccatum,
1622 1039 1687 1059 cum
1720 1031 1755 1060 sit
1783 1032 1919 1069 privatio,

1067 1086 1122 1106 non
1144 1078 1229 1107 habet
1259 1078 1384 1107 ordinari
1412 1078 1464 1106 nisi
1490 1086 1544 1115 per
1566 1078 1719 1112 accidens,
1742 1079 1847 1108 scilicet
1869 1087 1918 1116 per

1067 1125 1305 1162 comparationem
1328 1125 1363 1153 ad
1386 1133 1470 1153 suum
1497 1125 1674 1162 oppositum,
1697 1126 1736 1154 sic
1757 1126 1840 1154 etiam
1864 1134 1918 1155 non
1932 1133 2032 1152 conciusm
2047 1134 2063 1152 ι.

1068 1172 1153 1201 habet
1174 1172 1330 1201 formaliter
1351 1172 1485 1209 distingui
1508 1173 1560 1201 nisi
1582 1173 1698 1201 ratione
1713 1173 1763 1201 sai
1777 1174 1903 1210 oppositi
1909 1185 1919 1208 ,-

1066 1219 1238 1256 privationes
1259 1219 1334 1248 enim
1356 1219 1570 1256 distinguuntur
1592 1228 1642 1256 per
1658 1220 1779 1249 habitus.
1797 1221 1873 1250 Unde
1889 1221 1922 1250 si—

1067 1270 1115 1295 cut
1137 1266 1249 1295 castitas
1270 1270 1298 1295 et
1318 1266 1453 1295 fortitudo
1475 1270 1540 1295 sunt
1556 1267 1676 1295 virtutes
1695 1267 1850 1296 formaliter
1872 1268 1918 1296 dif-

1068 1314 1188 1342 ferentes
1220 1313 1245 1341 in
1279 1321 1381 1350 genere
1413 1313 1541 1347 virtutis,
1570 1314 1608 1342 sic
1641 1314 1725 1342 etiam
1756 1314 1871 1343 luxuria
1893 1319 1921 1344 et

1068 1359 1299 1397 pusillanimitas,
1322 1367 1394 1397 quae
1415 1363 1481 1388 sunt
1508 1361 1632 1397 opposita
1656 1361 1773 1389 istarum
1797 1361 1918 1390 duarum

1068 1407 1215 1441 virtutum,
1237 1406 1392 1435 formaliter
1414 1407 1548 1436 dicuntur
1574 1407 1688 1436 differre
1711 1408 1738 1436 in
1761 1416 1862 1445 genere
1885 1409 1922 1437 vi-

1068 1454 1189 1488 tiorum,
1211 1462 1266 1482 non
1289 1457 1381 1483 tamen
1409 1454 1564 1483 secundum
1598 1455 1716 1483 sormam
1745 1464 1848 1489 suam,
1871 1456 1918 1484 sed

1069 1501 1225 1530 secundum
1254 1501 1373 1530 formam
1406 1501 1457 1529 sui
1485 1502 1638 1539 oppos-ilfi.
1662 1519 1699 1522 —
1721 1503 1747 1530 Si
1768 1506 1862 1531 antem
1886 1503 1921 1531 lo-

1070 1556 1192 1585 quamur
1213 1548 1248 1577 de
1270 1552 1383 1585 peccato
1405 1549 1430 1577 in
1454 1549 1652 1583 concretione,
1675 1550 1713 1578 sic
1735 1558 1789 1578 non
1813 1554 1919 1579 tantum

1070 1595 1136 1623 dicit
1166 1595 1369 1632 privationem,
1397 1596 1447 1624 sed
1479 1596 1562 1624 etiam
1588 1600 1699 1631 actum⁷
1727 1597 1770 1625 vel
1793 1597 1920 1625 habitum

1070 1642 1259 1675 substratum3
1280 1645 1307 1671 et
1328 1643 1459 1679 quoniam
1482 1647 1575 1678 actus,
1598 1643 1641 1671 vel
1664 1644 1778 1672 habitus
1799 1644 1922 1672 substra-

1071 1694 1116 1718 tus
1138 1693 1251 1726 peccato
1284 1698 1338 1718 non
1368 1691 1563 1719 tantummodo
1585 1691 1815 1720 diversificaturS
1836 1695 1922 1719 nutte-

1070 1736 1204 1771 riatitcr,
1235 1738 1320 1765 immo
1349 1737 1433 1766 etiam
1457 1736 1585 1773 formati
1614 1737 1772 1766 differentia
1804 1755 1842 1758 —
1867 1738 1921 1767 alia

1071 1788 1112 1812 est
1134 1784 1207 1812 enim
1230 1784 1355 1820 pronitas
1386 1784 1420 1813 ad
1454 1784 1617 1819 luxuriam,
1649 1785 1703 1813 alia
1730 1785 1855 1822 pronitas
1886 1785 1921 1814 ad

1072 1831 1250 1868 superbiam,
1272 1835 1299 1860 et
1318 1831 1391 1860 alius
1413 1834 1509 1865 actus,
1532 1840 1587 1869 quo
1609 1832 1737 1868 superbit
1759 1832 1876 1869 aliquis,
1896 1835 1923 1861 et

1071 1878 1143 1906 alius
1171 1886 1227 1915 quo
1257 1878 1437 1912 luxuriatur,
1460 1886 1515 1906 non
1536 1878 1740 1915 jtantummodo
1763 1879 1919 1907 secundum

1072 1925 1247 1959 inatcriain,
1277 1925 1327 1954 sed
1355 1926 1438 1954 etiam
1467 1926 1624 1954 secundum
1645 1926 1775 1962 sormam
1807 1930 1922 1963 propter

1072 1972 1219 2001 formalem
1251 1972 1437 2001 differentiam
1470 1973 1667 2001 obiectorum⁹
1701 1990 1739 1993 —
1771 1974 1835 2002 hine
1865 1978 1922 2006 est,

1073 2019 1146 2056 quod
1164 2022 1322 2056 peccatum,
1339 2019 1493 2048 seeundum
1510 2020 1585 2056 quod
1601 2020 1761 2048 concretive
1775 2020 1920 2057 accipitur,
1935 2033 2035 2051 0000111510
2048 2033 2066 2050 2.

1074 2066 1159 2095 dividi
1183 2066 1267 2095 habet
1288 2074 1338 2103 per
1360 2066 1532 2095 differentias
1548 2075 1602 2094 non
1620 2070 1725 2095 tantuin
1742 2067 1921 2101 materiales,

1073 2121 1174 2141 verum
1196 2113 1278 2141 etiam
1294 2111 1453 2149 formales,
1470 2113 1601 2142 formales
1618 2114 1695 2148 dico,
1718 2122 1772 2142 non
1795 2117 1923 2151 respectu

1074 2158 1289 2196 deformitatis,
1312 2160 1361 2188 sed
1383 2163 1511 2197 respectu
1536 2159 1664 2194 liabitas,
1689 2160 1731 2189 vel
1754 2165 1839 2189 actas
1861 2161 1924 2189 snb-

1075 2207 1163 2235 strati.

1156 2255 1185 2282 Et
1206 2254 1244 2283 sic
1277 2257 1368 2291 patet,
1400 2255 1475 2291 qnod
1502 2254 1561 2283 sive
1592 2258 1737 2291 peccatum
1770 2255 1924 2292 accipiatur
1940 2268 2035 2291 Epilogus.

1074 2301 1229 2335 abstracte,
1251 2301 1309 2329 sive
1329 2305 1473 2335 concrete,
1506 2301 1679 2329 differentias
1711 2301 1794 2330 habet
1823 2302 1922 2330 sorma-

1075 2348 1131 2381 les;
1153 2348 1201 2376 sed
1224 2355 1280 2375 uno
1302 2347 1384 2375 modo
1402 2356 1456 2384 per
1476 2356 1520 2381 se,
1544 2348 1598 2376 alio
1616 2348 1697 2376 modo
1709 2357 1763 2384 per
1778 2349 1925 2383 (cecidetis,

1076 2394 1139 2431 quia
1162 2402 1218 2422 uno
1241 2394 1324 2423 modo
1353 2394 1419 2423 dicit
1440 2402 1488 2423 ens
1519 2395 1545 2422 in
1579 2403 1679 2431 genere
1701 2396 1856 2423 secundum
1881 2405 1925 2424 re-

1075 2528 1136 2556 [scil.
1156 2528 1281 2550 differentia
1304 2528 1352 2550 sive
1374 2527 1456 2549 dix-isio
1480 2528 1594 2555 per-‹fatiL
1619 2534 1689 2556 quani
1713 2528 1831 2550 tectionom
1856 2528 1926 2550 madri.

1074 2567 1089 2589 L
1101 2567 1117 2588 O
1135 2566 1253 2594 exhibent,
1273 2567 1295 2588 in
1313 2567 1361 2588 aliis
1379 2566 1446 2588 codd.
1465 2570 1486 2588 et
1498 2566 1551 2588 odil.
1565 2567 1686 2589 exhibetur
1700 2574 1820 2595 perperim
1834 2567 1906 2589 [iliam
1917 2576 1925 2594 ‚-

1075 2607 1096 2628 in
1115 2606 1166 2627 cod.
1184 2605 1227 2633 bb,
1247 2606 1285 2634 qni
1303 2611 1363 2627 nunc
1381 2612 1433 2628 cum
1452 2606 1502 2628 Vat.
1521 2605 1657 2634 concordat,
1676 2607 1782 2633 primitus
1806 2606 1925 2634 legebatur

1075 2651 1131 2675 erqo
1150 2651 1191 2668 nec
1208 2644 1256 2667 alia
1275 2644 1357 2667 aliam.

1138 2684 1148 2698 6
1166 2684 1197 2706 De
1215 2690 1261 2712 quo
1279 2683 1332 2706 vide
1350 2690 1419 2712 supra
1439 2684 1460 2706 d.
1479 2684 1515 2706 34.
1529 2692 1548 2706 a.
1567 2685 1586 2706 2.
1606 2691 1627 2713 q.
1648 2685 1668 2706 3.
1687 2685 1707 2706 in
1726 2691 1789 2713 corp.
1809 2698 1838 2700 ἡ
1856 2685 1924 2707 Panlo

1077 2723 1171 2745 inferius
1190 2726 1241 2750 post
1259 2722 1368 2745 ordinari
1384 2723 1434 2745 Vnt.
1453 2723 1516 2745 addit
1533 2723 1556 2746 in
1574 2730 1666 2752 φήμη-ι).

1139 2761 1148 2775 ⁷
1165 2761 1209 2783 Cfr.
1228 2762 1330 2789 Aristot.,
1350 2762 1376 2783 V.
1396 2762 1464 2784 tinne.
1484 2769 1501 2783 c.
1526 2763 1542 2783 l.

1139 2800 1149 2814 ²3
1166 2800 1234 2828 fidet,
1253 2804 1346 2828 excepta
1370 2801 1391 2828 l,
1409 2800 1558 2830 dirersisicat.
1586 2802 1689 2823 Proximo
1716 2805 1766 2829 post
1792 2808 1834 2829 pro
1852 2804 1925 2825 malc—

1077 2839 1170 2862 riuliter
1187 2839 1254 2861 codd.
1273 2838 1316 2861 Ctl
1327 2839 1344 2861 R
1355 2840 1369 2861 S
1380 2840 1397 2861 T
1411 2840 1427 2861 V
1439 2840 1455 2861 Υ
1466 2840 1482 2861 Ζ
1500 2847 1525 2862 cc
1542 2839 1694 2868 formaliter,
1715 2841 1777 2863 falso.

1140 2880 1149 2893 ἱ·
1167 2878 1210 2901 Ct'r.
1229 2885 1298 2906 supra
1326 2884 1379 2906 pag.
1403 2878 1460 2907 5361,
1479 2883 1530 2901 nota
1550 2880 1570 2901 3.
1589 2892 1618 2894 —
1638 2880 1705 2901 i'aulo
1724 2881 1817 2903 insci-ins
1836 2887 1877 2908 pro
1895 2881 1926 2903 [Ii-

1077 2918 1126 2941 ridi
1142 2917 1210 2940 habet
1227 2917 1276 2939 cod.
1291 2917 1308 2939 T
1322 2917 1395 2940 [lii-idi
1415 2919 1495 2947 potest.
1515 2918 1653 2941 Procedente
1671 2920 1815 2948 qilziestione,
1834 2920 1886 2942 edd.
1905 2924 1925 2942 ut

1079 2958 1179 2980 nonnulli
1198 2957 1264 2979 codd.
1284 2958 1326 2980 sibi
1345 2960 1473 2980 constantes
1490 2964 1532 2985 pro
1545 2958 1662 2981 abstracte
1680 2962 1701 2980 ct
1718 2960 1824 2982 concrete
1842 2959 1924 2982 liabent

1078 2996 1219 3020 abstractim
1236 3000 1257 3019 et
1275 2996 1411 3020 concretive.
