2243 3425
37 339 151 362 Explicatur.

0 574 1 590 l
23 573 97 596 Triplex
112 578 152 596 gra—

71 599 102 615 tia.

31 1323 151 1342 Corollarium

22 1347 46 1365 de
59 1347 140 1365 nomine.

33 1982 107 2000 Solutio
121 1987 151 2005 op-

36 2008 144 2029 pos-torum.

23 2075 66 2094 Tria
76 2076 94 2093 in
106 2081 153 2101 mor-

25 2101 42 2117 te
51 2100 152 2122 corporali.

23 2263 99 2286 Triplex
111 2268 153 2286 pec-

13 2289 15 2294 ·
48 2289 109 2305 catum
129 2287 153 2305 ad

14 2337 16 2381 1

15 3025 18 3041 1

16 3042 19 3063 l

16 3065 19 3076 1

17 3084 19 3092 1

14 2313 15 2319 ¹
48 2312 134 2328 mortem.

783 208 864 236 DlST.
888 208 972 236 xtttt.
995 208 1067 236 ART.
1090 207 1107 235 Ι.
1131 207 1267 243 QUAEST.
1289 207 1306 235 l.

171 287 242 315 tione
273 286 417 323 principii
451 289 478 315 et
504 287 610 315 ratione
640 286 683 315 sui
705 286 831 323 oppositi
855 289 882 314 et
910 286 1017 314 ratione

166 337 250 362 cretus
264 333 416 362 substrati.
433 333 545 362 Ratione
565 333 722 370 principii,
738 333 804 369 quia
826 337 970 370 peccatum
987 333 1013 361 in

165 380 298 417 Spiritum
315 384 441 409 sanctum
458 380 560 408 dicitur
575 387 635 408 esse
651 379 720 408 illud
736 380 809 416 quod
826 383 868 408 est
882 387 917 408 ex
934 383 1014 408 certa

164 427 282 455 malicia
304 427 363 456 sive
389 427 540 460 industria,
563 434 598 455 ex
625 434 680 463 qua
703 435 755 454 non
782 427 907 463 procedit
932 435 1013 455 omne

165 479 323 512 peccatum,
346 475 392 503 sed
417 474 485 502 illud
509 474 616 507 solum,
643 473 717 510 quod
741 473 823 501 ltomo
845 474 908 502 facit
930 474 1015 502 scien-

165 525 214 549 ter.
231 521 397 549 —Ratione
420 520 544 557 oppositi
565 519 693 548 similiter
715 519 910 556 distinguitur,
932 520 1013 556 quia,

166 576 229 596 cum
248 568 349 604 triplex
373 568 407 596 sit
423 567 523 604 gratia.
547 566 676 595 videlicet
692 566 886 599 innocentiae,
910 565 1014 602 baptis-

165 615 252 642 malis
274 618 300 643 et
320 613 547 651 poenitentialis,
570 617 714 650 peccatum
739 613 764 640 in
791 613 925 649 Spiritum
955 621 1014 641 san-

166 666 240 690 ctum
264 662 376 699 proprie
398 661 482 690 habet
503 660 604 697 opponi
625 661 731 697 gratiae
750 659 964 697 poenitentiali,
987 664 1014 688 et

165 717 225 737 eam
250 710 394 746 impugnat
416 711 550 745 quantum
574 708 608 736 ad
625 708 668 736 sui
691 707 808 736 initium
828 710 855 735 et
876 711 1013 744 quantum

165 756 199 784 ad
223 757 265 785 sui
289 755 460 789 tervisinum,
483 755 555 784 sicut
578 763 626 792 per
641 754 786 792 originale
808 755 936 791 perditur
955 762 1015 790 gra-

165 803 203 831 tia
231 803 423 836 innocentiae,
454 807 480 831 et
510 810 560 839 per
589 802 722 830 stettcctlict
750 802 803 829 alia
832 802 1014 838 impugnatur

166 850 254 887 gratia
270 849 479 887 bctptisimtlz's¹.
495 867 534 870 -—
549 849 662 877 Ratione
686 857 751 878 vero
766 852 850 877 aetus
870 848 1016 876 substitui

165 897 293 925 similiter
315 897 510 934 distinguitur,
532 896 611 933 quia,
633 904 697 924 cum
720 899 863 933 peccatum
888 895 955 924 illud
980 896 1015 923 sit

166 944 389 981 impugnativum
407 945 524 981 gratiae,
546 947 572 972 et
594 943 700 972 malitia
722 944 757 972 sit
775 944 801 971 in
824 943 884 980 ipso
905 942 1015 980 spiritu

165 991 320 1019 secundum
340 999 381 1025 se7
404 994 547 1028 peccatum
572 991 597 1019 in
614 991 747 1028 Spiritum
775 993 900 1019 sanctum
930 990 1016 1018 consi-

167 1038 213 1066 stit
235 1038 308 1066 circa
323 1041 417 1066 actum
436 1037 523 1074 ipsius
538 1037 666 1074 spiritus,
689 1036 760 1065 sicut
775 1039 850 1073 patet
872 1036 898 1064 in
921 1037 1016 1073 despe-

166 1085 272 1113 ratione
300 1087 326 1113 et
351 1084 551 1117 obstinatione3
576 1083 652 1112 unde
678 1083 824 1112 fornicatio
856 1088 883 1112 et
909 1083 1016 1111 adulte-

165 1132 237 1159 rium
261 1139 314 1159 non
337 1134 427 1167 potest
448 1131 542 1167 aliquo
565 1130 647 1159 modo
669 1130 720 1159 dici
742 1134 886 1167 peccatum
911 1130 936 1158 in
959 1130 1015 1167 Spi-

165 1179 249 1207 ritum
273 1182 410 1207 sanctum.

244 1225 354 1255 Ratione
377 1225 461 1263 igitur
484 1225 525 1254 sui
548 1225 677 1262 principii
700 1228 726 1254 et
747 1224 864 1262 oppositi
888 1227 914 1253 et
936 1227 1015 1252 acius

163 1274 310 1308 substrati,
332 1276 477 1310 peccatum
501 1273 527 1301 in
549 1273 683 1310 Spiritum
714 1276 839 1301 sanctum
864 1276 904 1300 est
927 1279 1014 1308 genus

162 1321 267 1358 peccati
290 1320 515 1349 determinatum.
543 1320 573 1348 Et
602 1319 708 1348 ratione
736 1319 838 1347 horum
862 1319 946 1347 trium
976 1318 1014 1347 sic

164 1369 333 1402 nominatur,
348 1371 379 1396 ut
394 1368 503 1396 dicatur
519 1371 664 1404 peccatum
685 1367 711 1395 in
727 1367 861 1403 Spiritum
877 1369 1014 1399 sanctum,

164 1415 293 1444 videlicet
315 1415 421 1443 ratione
443 1414 588 1447 malitiae,
611 1422 627 1442 a
649 1422 704 1451 qua
723 1414 861 1451 procedit,
884 1421 955 1450 quae
977 1413 1015 1441 di-

164 1466 237 1491 recte
259 1462 411 1499 opponitur
427 1461 541 1489 bonitati
558 1461 754 1498 appropriatae
769 1461 883 1497 Spiritui
906 1464 1014 1494 sanc-tog

164 1509 270 1538 ratione
281 1507 498 1545 poenitentiali-5·
513 1508 571 1536 sive
592 1507 693 1544 finalis
710 1508 841 1545 ngatz‘ue,
861 1515 945 1544 quam
962 1507 1015 1543 pri-

163 1560 224 1590 vat,
247 1564 318 1594 (luae
340 1559 381 1584 est
407 1555 522 1584 effectus
548 1555 747 1592 appropriatus
768 1555 882 1591 Spiritui
906 1558 1014 1588 sanct03

163 1604 270 1632 ratione
292 1603 372 1632 etiam
396 1606 481 1631 aecus
504 1602 686 1639 spiritualis,
718 1602 791 1630 circa
817 1609 899 1638 quem
930 1601 1015 1629 consi-

164 1651 226 1685 stit;
242 1651 317 1679 unde
332 1650 436 1678 directe
458 1649 560 1678 dicitur
582 1652 726 1686 peccatum
751 1649 777 1677 in
799 1649 932 1685 Spiritum
956 1656 1015 1677 sun-

164 1702 256 1732 ctum,
278 1697 350 1734 quod
382 1701 422 1725 est
451 1697 477 1724 in
501 1697 601 1733 spiritu
629 1699 656 1725 et
678 1696 751 1724 circa
779 1700 871 1724 actum
899 1695 1014 1732 spiritus

165 1745 350 1782 malignantis.
368 1761 404 1764 —
420 1744 449 1772 Et
472 1744 510 1772 sic
532 1747 621 1780 patet,
645 1743 717 1780 quod
742 1747 886 1780 peccatum
910 1743 936 1770 in
959 1742 1016 1779 Spi-

164 1792 249 1820 ritum
273 1794 399 1819 sanctum
416 1794 456 1819 est
478 1798 566 1827 genus
589 1790 690 1827 peccati
721 1790 756 1818 al)
781 1789 843 1818 aliis
865 1789 1015 1826 generibus

164 1842 341 1876 peccatorum
359 1838 530 1867 distinctum.
549 1838 578 1866 Et
593 1837 786 1866 concedendae
802 1840 867 1865 sunt
883 1837 1014 1870 rationes,

165 1894 236 1923 quae
258 1886 310 1914 hoc
332 1885 490 1914 ostendunt.

246 1935 269 1961 1.
292 1933 330 1961 Ad
354 1933 423 1961 illud
445 1932 519 1969 quod
543 1932 685 1966 obiicitur,
712 1931 785 1969 quod
807 1935 848 1960 est
869 1934 1014 1968 peccatum

166 1981 201 2009 ad
225 1984 359 2014 mortem3
386 1980 552 2011 dicendum,
579 1979 653 2016 quod
676 1982 820 2016 peccatum
849 1979 951 2007 dicitur
980 1978 1013 2006 ad

166 2032 288 2056 mortem
311 2027 466 2056 secundum
489 2026 699 2055 slmilitudinem
723 2026 758 2054 ad
782 2029 899 2054 mortem
922 2033 1016 2062 corpo-

167 2075 262 2103 ralem.
286 2075 313 2102 ln
338 2077 425 2102 morte
454 2077 547 2102 autem
577 2073 714 2110 corporali
744 2073 797 2101 tria
827 2075 1014 2106 concurrunt,

167 2130 286 2159 quorum
316 2121 438 2158 primum
460 2123 501 2149 est
531 2120 653 2148 ctoiztsst'o
676 2120 764 2154 vitae,
794 2119 870 2148 aliud
893 2123 933 2147 est
956 2128 1016 2147 eor-

165 2168 265 2205 ruptz'o
287 2167 487 2204 dispositionis
508 2174 543 2195 ex
566 2170 645 2203 parte
664 2167 789 2204 corporis
811 2166 845 2195 ad
865 2166 1016 2203 susceptio-

166 2224 229 2244 nem
255 2216 377 2249 animae,
404 2214 516 2243 tertium
540 2218 581 2243 est
607 2213 828 2251 impossibilitas
854 2214 1016 2250 reparatio-

165 2263 213 2290 nis
235 2262 390 2290 secundum
407 2269 522 2290 cursum
538 2265 664 2290 naturae.
687 2262 827 2298 Quantum
844 2261 879 2289 ud
896 2261 1014 2298 primam

167 2309 351 2338 conditionem
375 2317 457 2336 omne
485 2312 644 2345 peccatum,
666 2308 694 2336 in
723 2316 778 2345 quo
800 2312 841 2336 est
862 2308 972 2335 aversio
1000 2316 1016 2335 a

165 2356 230 2390 Deo,
246 2355 349 2384 dicitur
364 2363 424 2383 csse
443 2358 586 2392 peccatum
607 2354 723 2383 mortale
750 2354 808 2383 sive
833 2354 867 2382 ad
888 2358 1015 2382 mortem.

166 2403 307 2439 Quantum
329 2402 363 2430 ad
386 2401 539 2430 secundam
562 2405 705 2438 peccatum
730 2401 755 2429 in
783 2401 929 2437 Spiritum
949 2409 1017 2428 31111-

166 2454 245 2478 clum
267 2449 370 2478 dicitur
393 2452 537 2485 peccatum
560 2448 595 2476 ad
618 2452 751 2482 mortem,
773 2448 839 2484 quia
863 2447 932 2475 tollit
962 2447 1017 2475 dis-

1865 207 1921 236 983

1074 285 1236 323 positionem
1267 285 1301 314 ad
1331 286 1535 322 susceptionem
1553 285 1563 300 ‘2
1592 286 1680 321 vitae,
1708 295 1780 324 quae
1808 287 1922 323 quidem

1073 332 1197 361 consistit
1219 333 1246 360 in
1267 333 1443 369 susceptione
1472 333 1664 370 poenitentiae.
1691 334 1832 370 Quantum
1855 342 1922 363 vero

1071 379 1105 407 ad
1129 380 1239 408 tertiam
1269 380 1454 408 conditionem
1486 384 1630 417 peccatum
1657 381 1730 409 illuct
1762 381 1864 410 dicitur
1887 381 1922 410 ad

1072 429 1204 457 mortem,
1220 426 1246 454 in
1269 435 1325 463 quo
1341 427 1403 464 quis
1425 427 1607 464 corporaliter
1625 428 1751 456 moritur.
1771 428 1840 457 Cum
1856 437 1922 466 ergo

1072 472 1188 506 dicitur,
1211 473 1286 509 quod
1312 481 1393 502 omne
1415 477 1560 510 peccatum
1587 475 1704 503 mortale
1726 478 1767 503 est
1793 475 1828 503 ad
1852 483 1923 504 mor-

1072 521 1140 552 tem,
1159 522 1185 547 et
1201 519 1274 555 quod
1299 523 1443 556 peccatum
1461 521 1486 548 in
1510 521 1643 557 Spiritum
1659 525 1785 550 sanctum
1806 525 1847 550 est
1863 530 1924 559 pec-

1071 568 1163 593 catum
1186 565 1221 594 ad
1245 570 1379 600 mortem,
1402 566 1539 595 differenti
1563 567 1645 596 modo
1673 568 1809 605 accipitur
1830 577 1924 605 pecca-

1072 615 1131 639 tum
1154 612 1187 640 ad
1212 616 1340 640 mortem,

1151 660 1176 686 z).
1203 659 1241 687 Ad
1270 659 1341 688 illud
1363 660 1437 697 quod
1467 661 1612 695 obiicitur,
1642 662 1717 698 quod
1746 666 1795 691 aut
1820 663 1923 692 (licitur

1071 708 1216 741 peccatum
1239 705 1266 733 in
1289 706 1421 742 Spiritum
1438 710 1578 742 sanctum,
1601 708 1667 744 quia
1688 712 1730 737 cst
1745 712 1841 737 contra
1864 718 1923 746 per-

1072 760 1166 781 sonam
1190 756 1260 786 etc.;
1283 753 1449 787 dicendum⁷
1472 755 1546 791 quod
1570 755 1631 783 ideo
1653 755 1755 784 dicitur
1776 760 1922 793 peccatum

1072 799 1097 827 in
1115 800 1249 837 Spiritum
1272 803 1413 835 sanctum,
1430 809 1482 829 non
1503 801 1569 838 quia
1584 805 1625 830 est
1643 805 1739 831 contra
1751 812 1920 840 personam,

1072 847 1120 875 sed
1136 847 1202 883 quia
1217 850 1258 875 est
1273 850 1369 875 contra
1384 848 1615 885 appropriatum
1630 848 1776 886 eflectum.-
1790 858 1840 879 nec
1856 851 1922 887 quia

1072 898 1169 922 contra
1190 902 1303 922 omnem
1318 895 1447 923 effectum
1470 896 1697 933 appropriatum,
1714 897 1762 925 sed
1781 897 1847 934 quia
1862 906 1923 926 con-

1072 944 1115 969 tra
1136 941 1265 971 effectum
1284 941 1483 979 praecipu-um
1506 943 1577 971 inter
1598 944 1779 980 appropriata
1807 945 1921 981 Spiritui

1072 992 1174 1017 sancto.
1206 988 1273 1017 Hic³
1296 993 1390 1017 autem
1418 993 1460 1017 est
1483 990 1587 1018 donum
1611 991 1716 1026 gratiae
1737 990 1842 1026 finalis,
1865 991 1922 1020 sive

1072 1035 1294 1072 poenitentialis,
1324 1040 1351 1065 et
1382 1036 1546 1065 huiusmodi
1576 1039 1689 1074 proprie
1722 1042 1857 1075 quantum
1887 1039 1922 1068 ad

1072 1086 1175 1110 statum
1198 1083 1304 1119 gratiae
1320 1082 1423 1117 11113113,
1445 1083 1471 1111 111
1488 1092 1544 1121 qua
1566 1085 1690 1113 consistit
1705 1085 1795 1114 omnis
1817 1086 1923 1123 gratiae

1071 1129 1209 1163 efficacia3
1232 1133 1258 1158 et
1282 1130 1332 1159 hoc
1356 1130 1437 1159 modo
1459 1139 1511 1159 non
1535 1140 1616 1160 omne
1638 1136 1782 1169 peccatum
1806 1137 1847 1162 est
1862 1142 1923 1162 con-

1074 1181 1115 1205 tra
1137 1176 1265 1205 effectum
1290 1177 1385 1210 11111111;
1406 1181 1433 1206 et
1454 1186 1504 1215 per
1526 1179 1578 1207 hoc
1601 1187 1653 1207 non
1677 1180 1818 1216 sequitur,
1847 1181 1922 1218 quod

1072 1231 1153 1252 omne.
1175 1227 1319 1260 peccatum
1343 1224 1375 1253 311
1399 1225 1424 1253 111
1447 1225 1581 1262 Spiritum
1603 1230 1739 1255 sanctum

1152 1270 1177 1299 3.
1201 1271 1238 1299 Ad
1254 1271 1324 1300 illud
1341 1272 1416 1308 quod
1435 1272 1574 1307 obiicitur,
1589 1273 1662 1310 quod
1680 1282 1761 1303 omne
1776 1279 1921 1312 peccatum

1072 1321 1162 1354 potest
1183 1325 1243 1347 esse
1259 1322 1403 1355 peccatum
1427 1327 1463 1347 ex
1480 1319 1635 1355 ignorantia
1650 1325 1676 1349 et
1695 1321 1870 1355 infirmitate;
1886 1323 1924 1351 di-

1072 1365 1205 1399 cendum,
1229 1366 1303 1402 quod
1333 1374 1386 1394 non
1409 1370 1450 1395 est
1479 1367 1584 1399 similet
1607 1368 1738 1404 quoniam
1769 1369 1923 1405 ignorantia

1072 1420 1126 1440 non
1149 1412 1317 1441 determinat
1339 1413 1389 1441 sibi
1406 1413 1527 1450 aliquem
1550 1417 1657 1445 actum,
1679 1423 1729 1443 nec
1745 1415 1826 1444 etiam
1850 1416 1924 1444 intir-

1072 1459 1192 1493 mitas⁴3
1215 1462 1241 1487 et
1263 1459 1325 1488 ideo
1347 1468 1401 1488 non
1424 1460 1490 1489 dicit
1512 1469 1600 1498 genus
1623 1462 1725 1498 peccati
1753 1463 1923 1491 determina-

1073 1508 1145 1541 tum,
1168 1506 1215 1535 sed
1233 1506 1332 1535 circuit
1353 1507 1446 1536 omnia
1460 1512 1638 1545 peccatorum
1662 1517 1772 1545 genera.
1791 1510 1924 1539 Similiter

1073 1552 1222 1581 dicendum
1246 1554 1279 1582 de
1302 1558 1427 1591 peccam,
1449 1555 1523 1591 quod
1547 1558 1588 1584 est
1609 1563 1642 1584 ex
1661 1556 1850 1593 infirmatam,-
1869 1565 1922 1586 non

1073 1601 1111 1629 sic
1132 1604 1225 1629 autem
1257 1604 1299 1629 est
1321 1601 1354 1630 de
1377 1606 1505 1639 peccato,
1535 1603 1691 1631 secundum
1720 1604 1793 1641 quod
1817 1608 1859 1633 est
1887 1612 1922 1633 ex

1072 1648 1198 1676 malitia.
1214 1649 1251 1677 Ad
1269 1649 1320 1677 hoc
1335 1649 1422 1684 enim,
1438 1650 1512 1686 quod
1529 1650 1563 1678 sit
1578 1654 1721 1687 peccatum
1741 1651 1765 1679 in
1788 1651 1922 1688 Spiritum

1072 1699 1213 1727 sanetum„
1235 1704 1288 1724 non
1312 1695 1429 1731 sufficit,
1452 1697 1526 1733 quod
1549 1697 1584 1725 sit
1605 1706 1640 1725 ex
1663 1701 1738 1726 certa
1758 1698 1881 1727 scicntia
1897 1703 1923 1727 et

1072 1751 1108 1771 ex
1138 1743 1289 1775 industria,
1319 1743 1366 1772 sed
1396 1744 1552 1780 requiritur
1581 1744 1783 1773 determinatio
1806 1746 1922 1783 pencris

1073 1793 1209 1828 quantum
1232 1790 1265 1819 ad
1290 1794 1382 1819 actum
1406 1791 1590 1819 substratum.

1151 1837 1178 1865 [ι.
1201 1837 1238 1865 ,111
1257 1837 1325 1865 illud
1341 1837 1414 1874 quod
1431 1837 1574 1872 obiicitur,
1590 1839 1664 1875 quod
1681 1846 1762 1867 omne
1778 1843 1922 1876 peccatum

1073 1887 1162 1920 potest
1185 1884 1243 1912 sieri
1267 1891 1303 1912 ex
1325 1884 1443 1919 malitia;
1466 1885 1631 1920 dicendum,
1650 1886 1725 1922 quod
1744 1886 1793 1914 etsi
1819 1886 1923 1915 malitia

1073 1938 1241 1959 concurrere
1270 1931 1356 1967 possit
1384 1931 1419 1959 ad
1449 1939 1530 1960 omne
1559 1935 1718 1968 peccatum,
1747 1940 1801 1960 non
1830 1936 1923 1961 tamen

1073 1984 1184 2014 semper
1206 1977 1270 2006 facit
1287 1981 1433 2014 peccatum
1450 1978 1476 2006 in
1499 1978 1633 2015 Spiritum
1650 1983 1786 2007 sanctum.
1810 1979 1885 2008 Unde
1901 1979 1922 2008 si

1073 2024 1174 2061 aliquis
1197 2032 1297 2059 senex,
1319 2025 1366 2062 qui
1383 2033 1437 2053 non
1460 2025 1544 2054 habet
1557 2025 1565 2037 ⁵
1582 2026 1736 2063 appetitum
1756 2026 1923 2060 fornicandi,

1073 2072 1209 2101 excitaret
1224 2080 1335 2101 carnem
1359 2080 1452 2107 suam,
1475 2076 1506 2101 ut
1527 2073 1725 2108 fornicaretur,
1745 2082 1798 2102 non
1821 2074 1924 2102 dicere-

1073 2122 1119 2148 tur
1141 2119 1167 2147 in
1190 2119 1237 2147 illa
1259 2120 1440 2148 fornicatione
1463 2128 1578 2157 peccare
1604 2124 1717 2157 peccato
1741 2121 1765 2149 in
1788 2121 1922 2158 Spiritum

1073 2170 1216 2199 sanctum,
1246 2166 1375 2203 quamvis
1404 2166 1473 2195 illud
1496 2171 1642 2204 peccatum
1672 2169 1858 2197 committeret
1887 2176 1922 2197 ex

1074 2213 1211 2241 industria
1227 2217 1253 2242 et
1275 2214 1395 2251 quadam
1414 2214 1525 2243 malitia.
1548 2214 1617 2243 Cum
1633 2222 1700 2251 ergo
1722 2215 1832 2248 dicitur,
1848 2216 1923 2253 quod

1074 2264 1217 2297 peccatum
1241 2268 1276 2289 ex
1301 2261 1404 2289 malitia
1427 2264 1469 2290 est
1490 2265 1634 2299 peccatum
1659 2262 1685 2290 in
1708 2263 1841 2299 Spiritum
1865 2270 1924 2291 san-

1073 2311 1163 2341 ctum,
1185 2307 1237 2335 hoc
1260 2307 1349 2336 solum
1373 2308 1537 2345 intelligitur
1559 2309 1593 2337 de
1614 2309 1673 2337 illis
1692 2309 1848 2347 qenerz'bzts
1864 2318 1924 2347 pec-

1074 2357 1216 2387 catorum,
1243 2362 1315 2390 quae
1344 2355 1456 2391 proprie
1482 2363 1519 2383 ex
1547 2355 1653 2384 malitia
1682 2356 1785 2385 liabent
1813 2360 1922 2391 ortum,

1074 2401 1144 2429 sicut
1168 2401 1319 2429 invidentia
1340 2401 1479 2431 fraternae
1500 2403 1606 2439 gratiae
1631 2406 1657 2431 et
1681 2403 1853 2441 impugnatio
1879 2412 1923 2433 ve-

1075 2447 1164 2475 ritatis
1185 2448 1303 2484 agnitae.

232 2727 236 2740 ¹
256 2728 360 2754 August.y
379 2726 452 2748 Serm.
470 2726 506 2747 71.
525 2726 594 2750 (alias
615 2726 648 2746 11.
667 2725 694 2747 dc
714 2725 796 2747 Vei-bis
814 2725 917 2752 Domini)
940 2731 958 2746 c.
982 2725 1014 2746 12.

169 2773 189 2788 n.
209 2766 250 2787 20:
268 2764 350 2787 Contra
370 2766 412 2786 noc
430 2765 515 2786 donum
535 2765 658 2792 gratuitum
679 2764 738 2792 [3011.
760 2764 919 2785 remissionem
938 2769 1016 2791 pecca-

169 2805 266 2832 toruml.
285 2808 361 2826 contra
375 2805 439 2826 istum
459 2804 497 2825 Dei
511 2805 606 2831 gratiam
625 2803 725 2831 loquitur
737 2809 777 2825 eor
794 2803 952 2830 impoenitens,
966 2803 1015 2830 ipsa

168 2851 225 2871 ergo
243 2844 412 2871 impoenitentia
431 2846 465 2865 est
481 2842 579 2871 spiritus
597 2841 765 2871 blasphemiae,
785 2848 843 2870 <ltine
857 2847 900 2863 non
919 2842 1016 2863 101111110-

169 2886 212 2909 tur,
226 2889 301 2911 11011119
314 2883 334 2904 111
349 2883 392 2904 1100
404 2882 496 2904 sacculo
514 2887 589 2910 neque
601 2882 622 2903 in
641 2881 724 2902 futuro.
738 2880 820 2902 Contra
832 2881 942 2908 Spiritum
955 2881 1015 2902 enim

169 2925 284 2947 sanctum,
298 2927 344 2950 quo
357 2920 500 2948 imputantur
512 2926 610 2948 quorum
624 2923 715 2947 peccata
729 2920 804 2942 omnin
818 2919 962 2942 dimittuntur
974 2922 1015 2942 cte.

168 2973 199 2977 —
217 2961 285 2982 Paulo
304 2963 354 2982 ant-2
372 2960 472 2981 nonnulli
491 2959 557 2981 codd.
582 2965 623 2981 nec
641 2965 684 2981 non
705 2959 754 2980 Vat.
772 2963 792 2980 01
810 2958 863 2981 cdd.
883 2959 903 2986 3,
922 2958 934 2980 4
953 2959 1016 2980 omit-

169 3003 217 3022 tunt
234 2999 290 3022 aliu.

1135 2724 1144 2738 ‘2
1164 2724 1185 2746 ln
1210 2724 1260 2746 cod.
1285 2724 1302 2746 T
1330 2724 1393 2747 deest
1418 2724 1450 2747 orl
1473 2725 1651 2754 susceptionem.
1669 2737 1700 2741 ——-
1719 2725 1749 2747 Dc
1776 2725 1921 2754 quadruplici

1073 2768 1146 2785 morte
1165 2764 1204 2785 cfr.
1223 2763 1254 2785 111.
1273 2764 1333 2786 Sem.
1353 2763 1374 2785 d.
1397 2764 1429 2785 18.
1449 2764 1504 2786 [1111).
1523 2764 1552 2791 5,·
1570 2764 1688 2793 quomodo
1707 2771 1769 2786 mors
1787 2767 1808 2786 01
1825 2766 1923 2793 1111101)-

1073 2806 1196 2830 ponantur,
1216 2802 1228 2824 1.
1247 2802 1308 2825 Sent⁴
1328 2803 1349 2825 d.
1368 2803 1388 2824 8.
1407 2809 1429 2831 p.
1455 2804 1467 2825 Ι.
1486 2803 1540 2825 dul).
1560 2804 1581 2831 9,
1599 2810 1668 2831 supra
1684 2803 1704 2825 d.
1728 2804 1760 2825 19.
1779 2803 1834 2826 dul).
1854 2804 1880 2830 3;
1893 2804 1921 2827 de

1074 2841 1199 2863 differentia
1219 2842 1276 2863 inter
1293 2844 1390 2863 mortem
1409 2842 1551 2870 corporalem
1570 2846 1591 2865 et
1608 2843 1751 2870 spiritualem
1769 2843 1801 2865 111.
1819 2843 1880 2866 Sent.
1900 2843 1921 2866 d.

1074 2880 1112 2902 36.
1131 2880 1186 2902 dub.
1205 2881 1225 2902 2.

1136 2919 1146 2933 ³
1163 2919 1254 2941 Plurimi
1272 2919 1339 2941 codd.
1357 2922 1425 2948 atque
1443 2919 1495 2942 edd.
1519 2921 1535 2947 1,
1554 2921 1567 2942 ‘2
1582 2920 1636 2943 Hoc.

1136 2958 1144 2972 ⁴
1163 2959 1212 2981 Vnt.
1229 2959 1311 2981 omittit
1327 2964 1369 2981 nec
1386 2958 1456 2981 ellum
1473 2958 1608 2989 iufirmitas.
1628 2960 1696 2982 Paulo
1714 2961 1809 2983 inferius
1832 2961 1883 2983 cod.
1902 2961 1920 2983 Y

1073 2998 1154 3019 omittit
1171 2996 1309 3020 secundina.
1606 2998 1615 3012 ⁵
1632 2998 1704 3021 Codd.
1723 2999 1728 3021 l
1743 2999 1771 3021 W
1784 3000 1799 3021 Z
1817 2999 1918 3023 haberet.

1936 807 2053 826 Notandum.

1938 1370 2052 1389 Notandum.
