2243 3425
327 188 381 217 vul

325 273 370 295 que
383 273 435 289 cum
449 266 515 288 codd.
530 267 548 287 V
559 267 574 288 Z
593 266 621 289 ab
640 267 689 289 aliis
707 266 813 293 discedit,
826 267 855 288 ita
868 269 893 288 ut
905 266 1015 294 praedicti
1026 266 1093 288 codd.
1106 267 1171 295 quasi

326 315 444 342 propriam
463 314 571 336 familiam
589 316 766 342 repraesentent.
786 314 849 341 Sign.
867 313 892 335 H.

388 362 409 384 8.
426 361 522 389 Ibidem,
542 368 583 383 ms.
608 360 670 383 1254.
689 361 733 383 Ax.
753 361 778 382 V.
797 361 833 388 31,
847 360 945 382 membr.
958 361 980 382 in
993 361 1029 382 101.
1042 366 1102 382 saec.
1115 360 1171 382 Xili.

324 411 414 431 exeunt.
433 409 527 436 incipit:
545 408 700 431 Sotimimodo
718 408 761 431 hoc
778 407 858 431 inveni
879 411 920 430 etc⁴
948 408 969 430 111
995 407 1040 430 fine
1066 407 1172 430 additur:

325 456 430 486 Emptiott
448 456 505 479 libel·
521 455 640 479 secundus
656 455 741 485 fratris
758 456 932 478 Bonaventme.
956 456 978 477 In
997 455 1043 478 oris
1066 455 1171 477 soliorum

325 503 438 526 habentur
450 503 584 531 additiones,
597 503 750 525 correctiones
763 505 785 524 et.
796 502 958 530 explicationes
970 502 1061 524 multae.
1074 514 1102 517 —
1115 501 1172 524 Vide

324 556 346 572 n.
364 550 385 572 7.
403 551 466 578 Sign.
485 551 498 572 l.

388 599 408 620 9.
428 597 503 621 Casae
520 598 583 625 apud
600 597 722 619 Castellum
744 596 892 619 tabernarum
910 598 932 619 in
949 597 1070 619 Germania
1097 597 1173 624 (Bern-

325 646 410 674 castel),
429 645 564 668 bibliotheca
584 646 637 666 olim
655 644 781 667 Cardinalis
793 644 876 666 Nicolai
889 643 972 666 Cusani
990 644 1014 666 O.
1028 644 1050 666 S.
1068 644 1172 671 August„

325 699 385 721 quae
402 692 478 714 adhuc
496 695 601 714 servatur
619 692 640 713 in
659 692 763 719 hospitali
781 691 810 713 ab
823 692 873 719 ipso
886 691 993 718 fundato,
1007 696 1059 713 cum
1076 691 1134 718 sign.
1149 690 1172 712 D,

325 739 349 761 31
365 758 369 767 ,
388 740 438 762 cod.
457 739 554 761 membr.
578 740 599 760 in
618 739 655 760 101.
672 744 732 760 saec.
751 738 796 760 Xlll
807 756 812 765 ,
825 739 963 766 inscriptus:
976 736 1044 760 Liber
1056 736 1174 760 semiustus

323 786 408 816 fratris
425 787 597 810 Bonaveature.
624 787 692 814 incip.
718 789 740 808 et
758 786 837 813 desid,
863 788 887 808 ut
904 786 925 807 in
944 785 1022 811 editis;
1040 785 1069 807 ad
1087 785 1172 807 calcem

325 835 406 857 eadem
426 835 498 862 prima
517 840 600 856 manus
617 834 720 856 addidit:
738 833 802 856 Laus
821 833 867 855 Deo
886 831 976 856 ciazo-tis
994 831 1114 860 referatur
1128 836 1173 860 pro

326 881 456 911 benefactis.
472 895 501 897 —
513 881 568 903 Cod.
582 882 689 909 insignis,
702 881 740 909 qui
755 882 775 902 in
788 880 858 902 rebus
871 881 985 908 gravioris
998 880 1107 901 momenti
1121 885 1175 901 con-

325 930 388 951 venit
405 935 457 951 cum
476 929 524 951 aliis
550 930 661 957 antiquis,
685 928 776 950 inclinat
796 930 872 950 autem
890 927 919 949 ad
936 926 987 949 cod.
1006 927 1023 948 H
1042 926 1072 953 (n.
1091 926 1135 954 7.),
1154 928 1176 947 et

326 979 443 1004 praeterea
462 976 529 998 simul
548 982 600 997 eum
619 975 687 997 codd.
707 975 766 996 WX
785 974 901 997 interdum
914 973 1035 996 confirmat
1052 973 1174 1000 lectiones,

326 1029 385 1052 quae
403 1023 546 1051 distinguunt
563 1023 686 1044 editionem
704 1023 725 1044 2.
744 1022 806 1049 Siga.
825 1022 848 1043 Z.

391 1070 426 1092 10.
445 1069 569 1099 Erlmiffl’n
586 1070 607 1091 in
626 1069 734 1097 Bavaria,
747 1068 884 1091 bibliotheca
899 1068 1055 1090 Universitatis
1065 1085 1070 1095 ,
1089 1066 1140 1089 cod.
1153 1072 1174 1088 n.

326 1117 384 1145 502,
403 1117 500 1139 membr
520 1118 540 1138 in
559 1117 596 1138 101.
614 1123 672 1138 saec.
700 1116 759 1138 XIV.
778 1119 866 1138 exeunt.
885 1115 907 1137 in
925 1121 998 1142 marg.
1023 1115 1143 1142 superiore
1160 1114 1173 1135 2

326 1164 362 1186 101.
381 1164 528 1186 inscribitur:
546 1163 614 1186 Liber
631 1162 749 1186 secuntias
766 1168 838 1191 super
855 1161 981 1184 sententias
998 1160 1083 1190 fratris
1101 1161 1175 1183 Bona-

325 1213 423 1234 ventare
441 1211 531 1234 ordinis
549 1210 678 1233 vitam-mn.
697 1210 743 1232 Cot.
765 1211 786 1232 l:
804 1208 960 1233 Sotimtmodo
978 1208 1021 1232 hoc
1041 1207 1121 1231 inveni
1132 1211 1174 1229 etc.

326 1259 415 1287 Desin.,
434 1263 458 1282 ut
476 1259 537 1285 etiit.,
558 1259 662 1286 sequitur
688 1258 709 1279 in
728 1257 772 1279 fine
790 1257 865 1279 tabula
883 1257 1052 1285 quaestionum.
1071 1268 1101 1271 —
1118 1255 1174 1277 Cod.

325 1307 438 1329 recentior
455 1305 562 1334 quidem,
580 1305 620 1327 sed
644 1306 747 1326 sincerus
764 1307 786 1326 et
804 1302 972 1332 antiquioribus
989 1303 1076 1324 similis.
1095 1302 1117 1324 in
1136 1308 1176 1324 va-

325 1353 437 1375 riantibus
462 1352 597 1374 lectionibus
623 1351 738 1373 interdum
765 1351 827 1373 solus
853 1351 960 1373 convenit
983 1356 1035 1372 cum
1062 1349 1114 1372 cod.
1140 1356 1173 1371 aa.

326 1401 388 1429 Sign.
407 1400 432 1422 Y.

393 1449 396 1469 1
408 1449 425 1470 1.
443 1447 586 1475 Florentiae,
598 1447 735 1469 bibliotheca
748 1446 1020 1474 Mediceo-Laurentiana,
1034 1445 1089 1467 riui.
1100 1445 1174 1467 XXV.

325 1496 388 1518 Dext.
406 1496 457 1517 cod.
475 1495 502 1523 7,
521 1494 618 1517 membr.
637 1495 658 1516 in
677 1494 713 1516 101.
731 1500 790 1516 saec.
818 1493 873 1515 xut.
901 1495 991 1515 exeunt.
1010 1493 1078 1521 incip.
1097 1493 1134 1514 fol.
1162 1493 1175 1514 2

324 1550 342 1566 1.
361 1544 402 1566 col.
426 1544 430 1564 1
445 1550 450 1565 ε
469 1542 624 1566 Sotammoclo
650 1542 694 1565 1100
711 1541 790 1565 inueni
806 1546 848 1564 etc.
866 1542 959 1564 Desin.:
976 1541 1056 1565 Finito
1070 1540 1129 1564 libro
1142 1547 1176 1564 re-

325 1591 432 1621 feramus
444 1590 536 1621 oratius
548 1591 602 1613 A'to.
616 1596 692 1613 auten.
707 1591 815 1618 sequitur
828 1589 903 1612 tabula
923 1590 1084 1618 quaestionum
1103 1592 1125 1611 et
1143 1589 1176 1611 di—

326 1641 485 1666 stinctionum,
503 1642 591 1662 exarata
611 1645 621 1660 a
641 1645 709 1661 manu
736 1645 795 1660 saec.
819 1638 892 1665 XlV.,
910 1644 970 1666 quae
988 1638 1016 1660 ad
1034 1638 1120 1660 calcem
1139 1637 1176 1659 ad-

325 1685 396 1707 didit:
415 1686 460 1708 Iste
476 1684 594 1708 seczmdus
620 1684 678 1707 tiber
702 1684 874 1707 sententiarum
898 1683 984 1713 fratris
1010 1684 1176 1707 Beneventum

325 1732 394 1756 habet
411 1733 480 1755 XLlV
498 1732 657 1755 distinctiones
674 1733 697 1755 et
713 1731 781 1754 babet
798 1731 850 1754 CCC
868 1732 889 1754 et
907 1731 935 1753 Vl
952 1730 1107 1761 problemata.
1129 1731 1176 1754 Deo

326 1779 425 1810 qrati'as.
443 1793 473 1795 —
490 1779 546 1802 Cod.
564 1780 680 1807 optionis,
699 1782 817 1801 correctus
835 1785 847 1801 a
865 1778 965 1801 secunda
993 1785 1074 1806 manu,
1094 1785 1176 1801 conve-

325 1828 358 1850 nit
374 1833 427 1849 cum
449 1826 614 1849 Pax-islensibus
640 1826 720 1854 codd.,
739 1827 798 1848 sicut
814 1829 835 1848 et
852 1832 900 1855 seq.
919 1826 983 1854 cod.‚
1002 1827 1041 1855 qui
1060 1830 1135 1848 tamen
1154 1827 1175 1848 in

325 1875 454 1897 minoribus
471 1874 541 1897 rebus
553 1875 645 1902 saepius
658 1873 686 1895 ab
710 1873 758 1895 aliis
775 1873 883 1901 discedit,
896 1873 1008 1895 mutando
1020 1873 1055 1895 vel
1069 1873 1176 1895 addendo

324 1922 418 1951 aliquod
435 1922 583 1944 vocabulum.
601 1922 663 1949 Siga.
682 1921 709 1943 Κ.

392 1968 424 1990 12.
444 1967 547 1995 Ibidem,
567 1967 703 1989 bibliotheca
718 1967 853 1994 Nadonalis,
868 1967 917 1989 eod.
933 1968 956 1989 D.
972 1967 997 1989 V.
1011 1967 1063 1994 210,
1077 1967 1175 1989 membr.

325 2016 347 2037 in
366 2016 402 2037 101.
420 2022 479 2037 saec.
499 2015 553 2040 Xlll,
572 2022 582 2036 a
602 2015 708 2042 pluribus
735 2014 885 2042 scriptoribus
910 2018 1021 2037 exaratus.
1051 2015 1071 2036 in
1096 2015 1176 2042 primis

327 2063 512 2086 distinctionibus
529 2064 613 2085 multae
626 2066 749 2085 occurrunt
762 2063 868 2089 lacunae,
888 2069 947 2091 quae
966 2066 1043 2090 postea
1057 2062 1177 2090 suppletae

326 2112 419 2134 suerunt
435 2118 495 2133 saec.
515 2111 569 2133 xm.
588 2111 647 2133 xiv.
660 2117 686 2132 ae
705 2111 755 2132 XV.
774 2111 843 2138 int-ip.
862 2113 883 2132 et
901 2110 981 2137 desin„
999 2110 1057 2132 sit-ut
1071 2100 1136 2131 editi.
1155 2110 1176 2131 ln

328 2159 372 2181 fine
391 2160 473 2187 legitur
485 2165 489 2181 ;
508 2158 613 2188 15111111τὶ1
628 2158 747 2181 scemata>-
761 2157 818 2180 tiber
830 2157 915 2186 11111115
927 2158 1094 2180 Beneventum
1106 2163 1178 2186 super

326 2206 460 2229 sententias.
487 2207 595 2235 Sequitur
621 2206 674 2228 inde
701 2206 775 2228 tabula
794 2206 963 2234 quaestionum.
980 2217 1012 2221 --
1030 2205 1081 2227 Vid.
1100 2211 1121 2226 n.
1144 2205 1176 2226 11.

327 2254 459 2281 Specialiter
477 2257 553 2275 antem
573 2253 710 2280 notandum,
724 2252 786 2281 quod
801 2253 849 2280 ipse
863 2258 916 2274 cum
934 2252 985 2274 cod.
1004 2252 1020 2273 M
1041 2255 1062 2274 et
1074 2258 1099 2274 ex
1114 2254 1178 2279 parte

327 2306 380 2322 cum
393 2300 444 2323 eod.
463 2301 481 2322 11
500 2300 557 2322 ind.
576 2301 631 2327 3.11.
650 2300 663 2321 1.
676 2306 695 2321 a.
713 2301 729 2321 1.
748 2306 770 2328 (1.
789 2300 809 2321 3.
823 2299 886 2321 addit
898 2300 1025 2327 longiorem
1043 2305 1177 2326 excursum,

328 2354 381 2376 pag.
405 2349 444 2370 102
462 2348 566 2370 relatum.
584 2348 647 2375 Siga.
666 2347 688 2369 F.

395 2396 427 2417 13.
445 2395 566 2418 1110110011ῑῖ
582 2396 604 2417 111
624 2396 730 2422 bavaria,
749 2394 885 2416 bibliotheca
900 2395 982 2422 Regia,
996 2393 1019 2417 C.
1032 2395 1055 2416 1..
1069 2394 1095 2416 111.
1109 2394 1177 2416 8079.

330 2442 361 2463 De
379 2443 421 2463 hoe
439 2443 517 2464 codiee
536 2444 580 2464 iam
599 2443 673 2471 aliqua
693 2443 792 2464 diximus
811 2445 864 2464 tom.
884 2443 896 2463 1,
916 2448 968 2470 pag.
983 2442 1084 2464 LXXVli
1107 2448 1127 2463 n.
1145 2441 1177 2463 15.

329 2488 433 2511 Continet
450 2493 537 2511 tantum
563 2490 717 2512 dubitationes
734 2490 793 2512 cirea
813 2490 917 2511 litteram.
937 2490 1004 2517 incip.
1022 2489 1139 2511 secundus
1158 2490 1178 2511 li-

330 2536 371 2558 ber
389 2537 425 2558 101.
444 2537 488 2558 279
507 2543 524 2558 1.
543 2537 584 2558 eol.
607 2537 630 2558 l:
649 2536 794 2559 Creatiout’m
817 2543 898 2559 rerum
926 2541 968 2559 etc.
995 2528 1021 2559 Iit
1047 2538 1115 2566 parte
1133 2536 1179 2559 ista.

330 2584 387 2606 suut
402 2582 559 2606 dubitationes
577 2584 639 2606 eirca
659 2583 768 2606 litteram.
789 2585 862 2606 Desin.
882 2585 918 2606 sol.
938 2584 982 2606 312
1001 2591 1017 2606 r.
1036 2585 1078 2606 col.
1096 2585 1113 2606 1.
1132 2584 1178 2607 Err-

327 2630 394 2659 plicit
411 2630 523 2659 scriptam
542 2630 633 2653 1101111111
656 2631 821 2653 Bimarrnture
838 2631 901 2654 cirea
920 2631 1050 2654 secuudum
1069 2630 1180 2660 ,stlayislri

330 2678 500 2700 sententiarum
519 2677 546 2700 de
563 2677 747 2700 dubitationibus
765 2677 912 2701 litteralibus.
930 2691 961 2694 —
979 2679 1041 2706 Sign.
1060 2678 1099 2700 dd.

399 2724 564 2754 tt.Ner1p0!i,
585 2726 605 2747 in
629 2725 765 2747 bibliotheca
789 2725 910 2754 Nationali,
936 2726 986 2748 cod.
1013 2726 1057 2748 Vii.
1083 2725 1107 2747 C.
1139 2726 1178 2749 12,

331 2771 430 2793 membr.
448 2772 469 2793 in
488 2772 525 2793 sol.
543 2777 601 2793 saec.
621 2771 678 2793 XlV.
701 2772 805 2793 ineuntis.
832 2771 1002 2794 Commentario
1027 2773 1180 2800 praemittitur

331 2817 398 2839 index
417 2818 584 2846 quaestionum.
606 2817 673 2844 incip.
692 2818 727 2839 sol.
746 2817 773 2844 7;
793 2819 814 2839 in
833 2824 872 2840 ore
890 2825 967 2846 super.
987 2825 1059 2846 marg.
1081 2819 1179 2846 legitur:

332 2864 400 2887 Adsit
413 2864 530 2894 principio
548 2865 629 2887 8111111111
643 2864 721 2888 Maria
733 2871 791 2887 meo.
810 2865 856 2887 Col.
880 2867 884 2887 1
900 2871 904 2887 ;
923 2865 1180 2889 8011111111101101100111-

332 2911 386 2935 veui
402 2915 460 2938 etin,
479 2912 550 2933 111-5111,
568 2912 604 2933 101.
624 2912 666 2933 287
686 2918 707 2934 v.
728 2911 830 2940 liaeptittit
847 2911 905 2935 liber
921 2912 1040 2935 secundus
1060 2913 1180 2936 1301101011-

333 2960 392 2982 ture.
411 2972 441 2974 —
458 2958 512 2981 Cod.
531 2960 638 2988 antiquus
661 2962 683 2981 et
705 2959 778 2981 bonae
797 2962 874 2987 notae,
893 2960 1007 2982 interdum
1026 2961 1131 2988 proprias
1149 2960 1180 2981 le-

333 3007 418 3029 ctiones
437 3013 480 3028 non
498 3006 640 3034 spernendas
658 3006 755 3029 exhibet.
773 3007 836 3034 Sign.
855 3007 878 3029 N.

1083 187 1327 216 PROLEGOMENA

1295 266 1330 288 15.
1351 265 1440 289 Ooeom'i
1456 267 1477 288 in
1495 266 1588 294 Anglia,
1606 265 1744 289 bibliotheca
1761 266 1854 294 Collegii
1867 267 2013 295 Balliolensis,
2027 267 2077 289 cod.

1235 314 1287 342 133,
1315 314 1343 336 de
1368 320 1414 342 quo
1440 313 1513 335 videri
1537 316 1611 341 potest
1637 313 1700 342 quod
1725 314 1770 335 iam
1797 314 1896 336 diximus
1919 316 1972 336 tom.
1992 314 2006 336 l.
2025 320 2078 342 pag.

1229 361 1340 382 LXXVlll
1367 367 1387 383 n.
1406 361 1442 382 21.
1463 361 1531 388 incip.
1550 359 1588 382 lib.
1606 360 1723 382 secundus
1741 361 1778 382 101.
1797 361 1841 382 130
1859 367 1889 388 1.;
1907 360 1978 383 desin.
1998 360 2042 382 245
2060 367 2078 383 r.

1231 408 1286 430 ilinc
1313 408 1410 436 legitur:
1436 407 1541 437 Empticit
1565 406 1684 431 secundus
1700 407 1874 430 Bonaventmw.
1892 420 1923 423 —
1941 408 1972 430 De
1997 409 2041 430 1100
2058 411 2080 431 et

1230 462 1278 484 seq.
1297 454 1347 477 cod.
1367 456 1393 477 iis
1411 461 1470 483 quae
1483 455 1550 476 citato
1563 454 1613 476 loco
1631 454 1690 476 dieta
1703 456 1766 481 sunt,
1779 456 1866 476 tantum
1879 454 2012 476 addendum
2030 457 2079 481 est,

1230 502 1293 530 quod
1306 503 1327 524 in
1341 503 1384 524 hoc
1397 502 1418 523 11.
1432 502 1489 524 libro
1502 501 1573 523 multo
1586 502 1659 523 rarius
1676 500 1783 523 exhibent
1796 501 1924 523 additiones
1936 501 1966 523 ibi
1981 507 2080 524 comme-

1230 552 1330 572 moratas
1347 556 1417 578 quam
1436 550 1457 571 in
1477 549 1490 571 i.
1509 548 1574 571 libro.
1592 549 1654 577 Sign.
1673 548 1698 570 O.

1298 596 1330 618 16.
1348 595 1443 624 Ibidem,
1464 595 1601 618 bibliotheca
1619 595 1713 624 Coiiegii
1730 596 1892 624 Lincolnensis,
1910 596 1961 618 cod.
1980 596 2016 625 25,
2035 597 2080 618 iam

1232 643 1361 670 descriptus
1378 646 1433 665 tom.
1452 643 1465 664 1.
1483 649 1537 671 pag.
1556 643 1656 665 Lxxvu
1685 649 1706 665 n.
1725 643 1760 664 22.
1780 643 1847 665 Liber
1873 643 1989 665 secundus
2012 644 2079 672 incip.

1230 690 1268 711 101.
1291 689 1343 711 124ε
1356 689 1511 712 Solmnmoclo
1529 689 1572 713 boc
1589 689 1668 713 inveni
1679 693 1729 717 eto,
1743 690 1813 713 desin.
1827 694 1852 713 ut
1863 691 1884 712 in
1898 690 1971 712 editis.
1981 703 2011 706 —
2023 690 2080 713 Vide

1231 742 1252 758 n,
1275 736 1308 758 15.
1327 737 1390 764 Sign.
1408 736 1431 758 L.

1299 784 1331 805 17.
1349 782 1460 811 Parisiis,
1481 784 1502 805 in
1521 783 1658 806 bibliotheca
1671 784 1794 812 Nationaii,
1807 784 1857 806 eod,
1879 783 1963 812 15354,
1982 783 2080 806 membr.

1232 832 1253 852 in
1271 831 1308 852 101.
1327 836 1385 853 saec.
1404 831 1461 853 Xlll.
1479 831 1558 853 Manus
1575 832 1708 859 posterioris
1725 832 1775 853 aevi
1794 831 1911 853 adnotavit
1923 832 1979 853 haec
1996 831 2081 854 verba:

1231 877 1300 901 Liber
1318 878 1359 901 iste
1376 879 1410 901 est
1426 878 1453 901 de
1470 884 1559 908 1111191111
1579 877 1679 901 libraria
1697 877 1803 901 Sarbane
1818 884 1864 908 pro
1874 877 2020 907 pauperibus
2032 879 2081 901 Μα-

1231 925 1312 954 yistris
1338 925 1443 955 collegii,
1469 925 1543 955 precii
1569 925 1614 947 Viii
1641 925 1678 948 tib.
1702 926 1769 953 incip.
1788 926 1824 947 sol.
1845 926 1852 947 1
1875 932 1892 948 1.
1911 929 1933 947 et
1950 925 2022 948 desin.
2043 926 2080 948 101.

1233 973 1277 995 279
1296 979 1318 995 v.
1336 974 1352 994 Α
1372 974 1445 1000 prima
1464 979 1534 995 manu
1553 972 1662 995 additur:
1680 972 1785 1002 Eoepticit
1804 972 1862 995 tiber
1882 972 2001 996 sec'tmdus
2018 973 2082 996 Bone

1232 1021 1354 1042 aventure.
1364 1032 1395 1036 —-
1405 1020 1436 1042 De
1449 1020 1492 1042 1100
1503 1022 1526 1042 et
1538 1019 1631 1042 duobus
1642 1026 1706 1048 seqq.
1720 1020 1787 1042 codd.
1802 1020 1966 1042 parisiensibus
1982 1019 2081 1042 iudican-

1233 1067 1301 1094 dum,
1319 1067 1381 1095 quod
1394 1070 1448 1089 sunt
1459 1067 1550 1095 optimi;
1568 1070 1644 1089 tamen
1658 1068 1747 1095 primus
1759 1068 1780 1089 111
1798 1067 1869 1090 rebus
1881 1068 1975 1096 quidem
1988 1069 2082 1090 minutis

1232 1114 1324 1141 saepius
1336 1113 1365 1135 ab
1378 1114 1427 1135 aliis
1441 1113 1605 1135 Parisiensibus
1617 1116 1639 1135 et
1650 1115 1731 1136 ceteris
1743 1115 1842 1142 antIquis
1854 1114 1956 1137 discedit.
1975 1115 2037 1143 sign.
2055 1115 2080 1137 R.

1300 1161 1332 1182 l8.
1351 1159 1446 1188 Ibidem,
1466 1162 1488 1182 in
1506 1160 1588 1183 eadem
1614 1161 1765 1190 bibliotheca,
1792 1162 1843 1184 cod.
1863 1161 1946 1184 17480.
1964 1163 2029 1184 Hunc
2047 1168 2081 1185 co-

1232 1206 1307 1228 dicem
1325 1207 1370 1228 iam
1389 1208 1548 1230 recensuimus
1566 1211 1620 1230 tom.
1638 1208 1652 1230 I.
1671 1214 1724 1236 pag.
1743 1208 1844 1231 LXXVli
1870 1215 1891 1231 n.
1911 1209 1947 1231 25.
1965 1209 2032 1232 Liber
2049 1215 2082 1232 se·

1232 1253 1323 1275 cundus
1341 1254 1419 1281 incipit
1436 1254 1474 1276 101.
1493 1254 1536 1276 153
1554 1261 1585 1281 1.,
1605 1254 1690 1283 desin.,
1716 1258 1740 1277 ut
1757 1256 1778 1277 in
1797 1256 1878 1283 editis,
1897 1256 1932 1278 101.
1952 1256 1997 1278 385
2018 1263 2041 1278 v.
2064 1257 2082 1278 A

1232 1301 1306 1328 prima
1326 1307 1394 1323 11101111
1417 1301 1455 1323 fini
1481 1301 1616 1324 subiicitur:
1642 1302 1746 1331 Eoeplieit
1771 1304 1888 1326 mactatus
1912 1303 1998 1332 fratris
2019 1304 2082 1327 Bone

1231 1347 1362 1371 adventure
1379 1348 1406 1371 cle
1425 1348 1513 1372 Ordine
1537 1349 1645 1378 fratrum
1667 1349 1790 1373 minorum
1807 1356 1879 1380 saper
1895 1351 1998 1374 secundo
2022 1350 2082 1375 libro

1232 1395 1411 1419 sementim-mn.
1430 1409 1460 1412 —
1478 1397 1537 1419 Vide
1554 1403 1575 1419 n.
1598 1397 1631 1419 17.
1649 1398 1712 1426 Sign.
1731 1397 1754 1420 C.

1297 1443 1332 1465 19.
1351 1442 1454 1471 Ibidem,
1474 1443 1524 1466 cod.
1548 1444 1633 1472 15822,
1647 1444 1745 1467 membr.
1758 1446 1779 1467 in
1793 1445 1828 1468 101.
1842 1452 1901 1467 saec.
1914 1446 1968 1468 Xlii.
1983 1446 2005 1468 ln
2018 1450 2082 1474 parte

1232 1491 1351 1517 superiore
1373 1491 1381 1512 1
1405 1491 1441 1512 101.
1459 1497 1481 1513 v.
1500 1492 1575 1518 prima
1601 1497 1684 1514 manus
1702 1493 1800 1515 notavit:
1818 1492 1897 1522 Super
1913 1492 2045 1516 secuudum
2062 1494 2084 1516 et

1233 1536 1327 1559 tertium
1351 1537 1523 1561 sententiarum
1544 1538 1631 1568 fiutris
1652 1539 1836 1563 Bonaeenture:
1853 1539 1960 1569 precium
1978 1540 2024 1562 Viil
2045 1540 2083 1564 tib.

1234 1585 1301 1612 incip.
1320 1585 1357 1607 101.
1371 1586 1427 1607 211:
1445 1585 1601 1609 Sotimzmoclo
1619 1586 1662 1610 boc
1679 1586 1759 1610 inueni
1774 1592 1828 1615 ete.;
1847 1588 1918 1610 desin.
1937 1588 1974 1610 sol.
1993 1588 2038 1610 215
2053 1595 2082 1617 1.,

1233 1635 1258 1654 ut
1275 1632 1336 1654 editi.
1355 1645 1385 1648 —
1402 1633 1461 1655 Vide
1478 1639 1499 1655 n.
1522 1634 1555 1656 17.
1573 1634 1636 1662 sign.
1655 1634 1676 1656 S.

1297 1681 1334 1702 20.
1353 1680 1452 1709 Patavii,
1473 1680 1609 1704 bibliotheca
1623 1681 1755 1705 Conventus
1766 1683 1837 1705 saneti
1850 1683 1953 1711 Antonii,
1966 1683 2016 1705 cod.
2031 1683 2083 1712 121,

1233 1727 1331 1750 membr.
1345 1734 1404 1750 saec.
1418 1728 1472 1750 xiii.
1486 1732 1537 1751 ante
1549 1729 1630 1757 finem,
1643 1730 1665 1751 in
1678 1731 1817 1758 recensione,
1831 1736 1901 1759 quam
1915 1730 1981 1752 nobis
1993 1730 2085 1760 reliquit

1233 1774 1256 1796 P.
1279 1775 1361 1797 Fidelis
1382 1781 1393 1797 a
1413 1775 1487 1797 Fanna
1506 1775 1528 1798 b.
1546 1782 1576 1798 m.
1596 1776 1693 1798 dicitur:
1715 1785 1724 1796 n
1737 1779 1816 1799 sancto
1828 1777 2002 1799 Bonaventurae
2020 1783 2083 1800 coae-

1234 1828 1278 1844 vus
1290 1830 1311 1844 υ.
1331 1823 1400 1849 incip.
1419 1822 1456 1844 sol.
1477 1823 1484 1844 1
1508 1830 1524 1844 r.
1543 1823 1585 1845 col.
1606 1824 1633 1846 i:
1651 1823 1806 1847 solummodo
1823 1823 1867 1847 hoc
1879 1823 1958 1847 iurent
1973 1824 2084 1852 etc.;de-

1233 1870 1275 1891 sin.
1295 1870 1330 1891 101.
1350 1870 1394 1891 236
1413 1876 1447 1892 r.:
1464 1869 1557 1899 oratius
1574 1872 1631 1900 aqut
1648 1871 1695 1894 Deo
1714 1870 1826 1901 Ioryitori
1846 1870 1971 1894 bonorum.
1990 1871 2035 1894 Sed
2053 1872 2084 1894 ul-

1234 1918 1287 1939 tima
1307 1918 1363 1939 haec
1379 1917 1450 1940 verba
1469 1918 1561 1940 suerunt
1578 1922 1681 1941 recenter
1698 1919 1782 1941 addita.
1795 1919 1871 1942 Codex
1889 1927 1900 1941 a
1920 1919 2026 1947 pluribus
2038 1925 2084 1941 ma-

1234 1963 1302 1985 nibus
1318 1968 1351 1986 est
1369 1965 1520 1992 conscriptus.
1531 1964 1626 1987 —Cod.
1646 1966 1681 1987 1110
1694 1968 1715 1987 et
1732 1972 1780 1994 seq.
1793 1969 1846 1987 sunt
1858 1967 1958 1994 optimae
1977 1970 2043 1988 notae
2061 1969 2083 1988 et

1233 2011 1336 2033 correcti.
1354 2012 1417 2039 Siga.
1437 2012 1458 2033 1).

1298 2058 1334 2079 21.
1352 2057 1447 2086 Ibidem,
1468 2058 1517 2081 eod.
1541 2060 1595 2087 127,
1614 2059 1712 2082 membr.
1730 2061 1751 2082 in
1770 2061 1807 2082 101.
1826 2066 1884 2082 sace.
1903 2060 1958 2082 xut.
1978 2060 2084 2083 Praemit-

1235 2105 1288 2126 titnr
1300 2104 1470 2127 Commentario
1488 2106 1554 2128 index
1573 2108 1733 2134 quaestionum
1743 2125 1748 2133 ,
1761 2111 1812 2135 post
1825 2114 1894 2135 quem
1908 2108 1975 2135 inrip.
1989 2108 2025 2129 101.
2039 2107 2052 2129 4
2065 2113 2083 2129 1.

1234 2151 1276 2173 col.
1300 2152 1315 2172 l.
1335 2156 1356 2174 et
1374 2152 1455 2174 desinit
1472 2153 1524 2175 dist.
1543 2153 1583 2181 tt,
1603 2158 1689 2182 quaest.
1709 2154 1800 2181 ultima,
1824 2161 1865 2182 per
1884 2154 1978 2176 verba...
1995 2155 2017 2177 et
2033 2154 2083 2178 ideo

1233 2197 1291 2227 sines
1308 2200 1433 2227 ponuntur
1448 2199 1603 2228 promiSsioni
1622 2199 1778 2229 obedientiae,
1798 2207 1845 2223 11011
1863 2202 1943 2224 aculem
1959 2203 2084 2230 ponuntur

1232 2245 1410 2274 promissioni...
1437 2250 1510 2268 cetera
1537 2247 1703 2270 desiderantur.
1722 2260 1751 2263 —
1770 2248 1841 2270 Valde
1860 2252 1983 2276 correctus,
2007 2249 2084 2271 multis

1236 2293 1293 2314 notis
1318 2293 1484 2321 explicantibus
1502 2294 1531 2316 ad
1549 2296 1676 2323 marginem
1703 2296 1833 2317 instructus.
1860 2296 1880 2317 in
1908 2296 2009 2324 quodam
2034 2297 2083 2319 loco

1234 2340 1297 2361 solus
1314 2341 1431 2368 supplevit
1450 2342 1591 2364 manifestam
1611 2342 1714 2364 lacunam
1733 2343 1754 2364 in
1773 2346 1839 2365 textu.
1858 2344 1920 2371 Siga.
1939 2344 1965 2371 Q.

1299 2388 1334 2409 22.
1353 2388 1448 2415 Romae,
1469 2389 1490 2410 in
1504 2388 1640 2411 bibliotheca
1655 2390 1764 2417 Principis
1781 2390 1862 2418 Chisii,
1881 2391 1931 2412 cod.
1951 2390 2049 2412 membr.
2062 2391 2083 2413 in

1236 2435 1271 2456 101.
1290 2441 1349 2457 saec.
1368 2436 1424 2462 xlii,
1443 2437 1501 2464 sign.
1520 2436 1543 2458 B.
1564 2437 1615 2458 Vlii.
1638 2437 1685 2458 130.
1700 2438 1768 2465 incip.
1786 2441 1808 2459 et
1820 2437 1899 2464 111-5111,
1919 2441 1942 2459 ut
1958 2438 1980 2459 in
1994 2438 2047 2460 edit.
2063 2438 2084 2460 in

1236 2482 1280 2503 tine
1298 2482 1390 2505 additur
1408 2490 1419 2504 a
1438 2484 1511 2511 prima
1535 2490 1620 2506 manu:
1646 2484 1751 2514 Eoepticz't
1775 2484 1893 2507 secundus
1918 2485 2085 2508 Bouureuture

1235 2530 1315 2552 sam-tv
1332 2530 1451 2553 memorie⁴
1465 2531 1544 2553 —Hic
1558 2537 1578 2553 ei
1596 2532 1632 2553 alii
1651 2536 1696 2554 tres
1708 2532 1776 2554 codd.
1791 2532 1899 2560 Vaticani,
1919 2534 2051 2561 antiquitate
2064 2536 2086 2555 et

1237 2578 1372 2604 praestantia
1392 2579 1507 2605 insignes,
1526 2578 1661 2600 confirmant
1683 2579 1789 2601 lectiones
1807 2580 1903 2601 aliorum
1922 2581 2084 2608 antiquorum,

1236 2624 1351 2646 interdum
1369 2626 1437 2646 etiam
1456 2626 1563 2647 lectiones
1580 2626 1636 2653 ipsis
1654 2627 1759 2654 proprias
1777 2627 1914 2648 notaxiinus.
1933 2627 1995 2654 Sign.
2015 2627 2036 2648 E,

1300 2672 1336 2693 23.
1355 2671 1450 2699 Ibidem,
1471 2673 1492 2694 in
1510 2672 1646 2695 bibliotheca
1667 2673 1786 2701 Vaticana,
1806 2673 1856 2695 eod.
1875 2674 1932 2700 901),
1952 2673 2049 2695 membr.
2063 2675 2084 2695 in

1237 2719 1273 2741 soi.
1291 2725 1348 2741 saec
1374 2719 1429 2741 Xiil.
1447 2723 1498 2742 ante
1516 2719 1601 2748 finem,
1620 2728 1630 2741 «
1648 2724 1765 2748 exaratus,
1793 2724 1816 2742 nt
1842 2720 1895 2742 dicit
1921 2721 1942 2742 1).
1970 2720 2051 2742 Fidelis
2073 2726 2084 2742 a

1236 2766 1325 2793 Fauna,
1343 2767 1435 2789 virente
1453 2771 1531 2789 saneto
1557 2767 1716 2790 Bonaventura
1734 2776 1755 2790 11.
1781 2768 1802 2789 111
1829 2768 1873 2790 tine
1899 2768 1990 2790 additur
2016 2774 2085 2790 manu

1237 2820 1295 2836 saec.
1314 2814 1380 2836 XlV:
1400 2815 1444 2836 Iste
1463 2814 1520 2837 tiber
1537 2816 1572 2837 est
1587 2814 1712 2844 deputatus
1729 2814 1761 2837 (111
1777 2821 1847 2837 vusum
1865 2814 1950 2844 fratris
1967 2814 2087 2838 Nicliotiui

1236 2862 1264 2885 de
1282 2861 1359 2884 Utiuo.
1378 2861 1424 2884 Deo
1442 2862 1541 2891 gyrotius.
1560 2863 1642 2885 Amen.
1661 2863 1707 2884 Alia
1735 2868 1817 2884 manus
1835 2862 1938 2884 eiusdem
1957 2863 2024 2884 aevi:
2042 2862 2086 2884 Iste

1237 2908 1296 2931 tiber
1312 2908 1430 2931 seriutiliis
1448 2909 1614 2932 [ionavemnre
1631 2910 1664 2932 est
1681 2910 1809 2932 com-sentus
1828 2909 1914 2932 Utmi...
1933 2909 1954 2931 in
1973 2909 2086 2937 principio

1238 2956 1389 2984 praemittitur
1415 2956 1481 2977 index
1508 2957 1669 2985 quaestionum
1695 2960 1716 2978 et
1738 2956 1916 2979 distinctionum.
1934 2968 1965 2972 -
1984 2956 2040 2978 Vide
2064 2962 2084 2978 11.

1237 3004 1274 3025 22.
1292 3004 1354 3031 Siga.
1374 3004 1396 3025 B.
