2243 3425
748 197 831 225 DIST.
854 197 953 225 xxxii.
975 197 1046 226 ART.
1070 198 1087 226 l.
1109 198 1244 234 QUAEST.
1267 199 1284 227 Ι.

1839 201 1894 229 759

405 327 845 375 COMMENTARIUS
881 329 942 376 IN
975 329 1415 379 DISTINCTIONEM
1449 332 1632 380 XXXII.

692 430 830 469 Qualiter
855 437 1012 475 peccatum
1038 432 1183 477 originale
1209 440 1340 467 curetur.

576 535 722 571 Quoniam
743 545 838 573 supra
860 536 972 565 dietum
987 541 1037 571 est,
1053 537 1208 575 ονῑῃίηαίε,
1228 543 1383 575 peccatum
1406 543 1457 568 etc.

875 633 997 662 DlVlSlO
1018 634 1155 663 TEX'I'US.

217 730 308 767 Supra
329 730 450 759 ostendit
472 730 615 767 Magister,
638 730 758 768 qualiter
773 734 919 768 peccatum
936 732 988 760 ori-

138 777 229 814 ginale
250 777 416 806 traducitur.
439 777 466 805 In
490 778 541 805 liae
567 781 646 814 parte
674 778 792 817 intendit
820 778 986 812 ostendere,

138 824 259 861 qualiter
281 827 406 853 curatur.
428 824 570 853 Dividitur
591 828 684 853 autem
700 833 767 862 pars
782 825 834 854 ista
850 825 875 853 in
891 828 987 862 partes

138 871 217 900 duas.
239 871 267 899 ln
290 879 412 908 quarum
434 872 525 908 prima
551 872 719 900 determinat
746 872 892 909 Magister,
922 880 987 909 quo-

137 918 221 946 modo
235 918 370 954 originale
385 921 530 955 peccatum
546 918 648 947 habeat
663 918 749 947 deleri
763 919 788 946 in
803 918 970 955 baptismate
978 929 986 953 3

137 965 212 1002 quod
228 965 342 1002 quidem
357 968 399 994 est
413 973 484 1002 opus
500 965 611 994 divinae
626 965 842 994 misericordiae.
859 965 986 994 Secundo

138 1020 204 1041 vero
226 1012 409 1047 determinat,
432 1012 552 1049 qualiter
568 1012 595 1040 in
611 1012 699 1049 ipsius
717 1013 827 1041 animae
849 1012 986 1041 infusione

136 1063 163 1087 et
184 1059 328 1096 punitione
350 1059 475 1088 salvetur
496 1059 635 1088 rectitudo
650 1059 761 1088 divinae
776 1060 913 1094 iustitiae,
930 1059 985 1087 ilii:

137 1105 213 1134 Solet
232 1105 320 1134 etiam
341 1106 462 1144 quaeri,
485 1114 544 1144 qua
566 1106 681 1134 iustitia
704 1110 836 1134 teneatur
859 1109 909 1135 etc.
933 1106 986 1135 Hoc

136 1156 230 1181 autem
252 1153 331 1187 facit,
354 1153 419 1190 quia
438 1153 594 1182 uniuersae
608 1154 674 1182 viae
690 1154 809 1182 Domz'm‘
822 1154 987 1182 misericor-

136 1199 188 1228 dia
209 1203 235 1228 et
254 1200 364 1228 veritas
377 1200 406 1234 ¹,·
427 1204 453 1229 et
475 1200 537 1229 ideo
559 1200 640 1229 iuxta
661 1201 860 1237 benignitatem
882 1201 987 1229 miseri-

136 1247 247 1276 cordiae
269 1247 438 1276 manifestari
462 1248 545 1276 etiam
575 1247 722 1284 oportebat
748 1247 918 1285 aequitatem
948 1248 987 1276 iu-

136 1294 234 1323 stitiae.

215 1341 307 1370 Prima
328 1349 394 1378 pars
416 1341 552 1370 dividitur
574 1341 601 1369 in
625 1345 682 1370 tres
711 1345 814 1378 partes.
845 1342 872 1369 ln
895 1341 986 1378 prima

94 1398 97 1399 ⁷
136 1388 272 1422 ostendit,
287 1388 408 1425 qualiter
423 1388 449 1416 in
466 1387 604 1424 baptismo
626 1387 756 1416 deletur2
772 1391 917 1425 peccatum
934 1389 987 1416 ori-

135 1434 226 1472 ginale
247 1442 282 1463 ex
305 1438 385 1471 parte
406 1434 523 1462 animae.
545 1434 673 1462 Secundo
695 1442 776 1468 vero,
799 1434 920 1471 qualiter
942 1443 986 1463 cu-

135 1482 192 1510 rari
228 1481 329 1510 habeat
361 1489 397 1509 ex
430 1484 509 1518 parte
541 1481 654 1515 carnis,
687 1481 742 1509 ibi:
778 1481 853 1510 Solet
887 1485 985 1510 autem

136 1529 259 1567 quaeri,
280 1532 384 1556 utrum
412 1532 437 1556 et
458 1527 524 1565 ipsa
553 1536 624 1556 earo
653 1530 703 1556 eto.
726 1528 819 1556 Tertio
846 1536 913 1557 vero
941 1529 986 1557 de-

135 1576 268 1604 terminat
282 1575 317 1604 de
337 1582 441 1612 poena,
464 1582 535 1612 quae
558 1577 683 1603 remanet
704 1574 731 1603 in
754 1578 890 1612 utroque,
912 1575 986 1604 vide-

136 1622 201 1651 licet
222 1623 256 1651 de
278 1622 517 1659 concupiscentia,
538 1630 555 1650 a
576 1630 632 1659 quo
660 1622 696 1650 sit
717 1625 849 1659 tanquam
879 1622 914 1650 ab
940 1631 986 1651 au-

1045 733 1159 768 ctore³,
1189 733 1245 761 ihi:
1275 735 1436 764 Praeterea
1462 737 1568 774 quaeri
1593 737 1679 771 solet,
1701 742 1805 767 utrum
1831 747 1894 767 con-

1044 781 1225 816 cuptscentz'ct
1246 785 1297 809 etc.

1123 827 1255 856 Similiter
1284 829 1407 857 secunda
1434 837 1500 866 pars
1528 831 1690 867 principalis
1721 835 1778 861 tres
1809 833 1895 862 hahet

1044 876 1146 910 partes.
1170 873 1197 901 ln
1220 874 1309 910 prima
1335 878 1414 912 parte
1436 876 1619 911 determinat,
1641 880 1739 906 utrum
1761 878 1836 907 Deus
1857 887 1894 907 ex

1044 919 1149 948 iustitia
1170 920 1270 949 debeat
1292 921 1403 957 culpam
1426 922 1590 959 originalem
1612 924 1722 952 animae
1744 924 1893 961 imputare.

1044 966 1171 995 Secundo
1194 975 1260 995 vero
1282 968 1406 1004 quaerit,
1428 976 1479 997 cur
1501 969 1575 998 Deus
1597 970 1658 999 vult
1678 972 1800 1000 animam
1818 972 1894 1001 illam

1044 1014 1153 1049 corpori
1180 1014 1319 1043 maculato
1348 1015 1532 1052 coniungere,
1558 1017 1614 1045 ibi:
1638 1017 1672 1046 Sa·
1690 1027 1758 1047 vero
1780 1019 1893 1057 quaeri-

1044 1064 1103 1094 tur,
1120 1069 1174 1088 cur
1192 1061 1275 1094 Deus,
1293 1061 1344 1099 qttt'
1356 1061 1427 1098 fecit
1441 1062 1538 1099 ipsam
1553 1064 1688 1093 (citimam
1700 1068 1750 1094 etc.
1767 1065 1796 1094 ln
1811 1066 1893 1095 tertia

1044 1115 1111 1136 vero
1133 1107 1315 1142 determinat,
1332 1108 1423 1145 qualis
1444 1113 1555 1138 creetur
1577 1111 1669 1139 anima
1690 1120 1706 1140 a
1729 1120 1780 1141 suo
1798 1113 1894 1141 Aucto-

1044 1162 1089 1188 re,
1106 1154 1161 1182 ibi:
1182 1154 1238 1182 Hie
1253 1163 1272 1183 α
1287 1155 1465 1192 quibasdam
1481 1157 1588 1194 quaeri
1600 1157 1686 1192 solet,
1707 1163 1809 1187 utrum
1831 1159 1894 1188 ctuz'-

1042 1209 1093 1229 ma
1115 1201 1183 1229 talis
1204 1205 1254 1230 etc.
1276 1219 1315 1222 —
1337 1202 1368 1230 Et
1386 1203 1425 1231 sic
1441 1203 1467 1231 in
1483 1204 1614 1233 universo
1629 1205 1758 1242 Magister
1774 1206 1800 1234 in
1815 1215 1893 1244 prae-

1043 1249 1112 1277 senti
1135 1249 1311 1277 distinctione
1333 1249 1389 1278 duo
1411 1250 1601 1288 principaliter
1623 1252 1805 1288 determinat,
1827 1263 1893 1290 quo-

1043 1304 1106 1324 rum
1129 1304 1216 1323 unum
1240 1299 1296 1330 est,
1319 1297 1439 1333 qualiter
1456 1298 1590 1335 originale
1613 1299 1741 1328 deleatur
1756 1309 1805 1337 per
1820 1309 1892 1338 opus

1043 1343 1153 1372 divinae
1169 1343 1390 1379 misericordiae;
1405 1344 1524 1374 alterum
1542 1354 1609 1374 vero
1624 1350 1680 1381 est,
1696 1348 1816 1384 qualiter
1831 1357 1893 1377 con-

1042 1389 1181 1424 trahatur,
1203 1390 1280 1418 salva
1301 1391 1440 1428 aequitate
1462 1392 1573 1420 divinae
1595 1393 1724 1422 iustitiae.
1749 1394 1778 1423 Et
1799 1395 1892 1423 onmia

1042 1444 1115 1474 quae
1135 1437 1358 1466 determinantur
1380 1438 1407 1466 in
1430 1442 1508 1475 parte
1524 1439 1590 1474 ista,
1606 1445 1723 1477 possunt
1744 1441 1839 1470 reduci
1856 1442 1892 1471 ad

1043 1483 1111 1516 tria;
1126 1491 1247 1520 quorum
1264 1484 1387 1520 primum
1402 1488 1452 1518 est,
1468 1486 1588 1522 qualiter
1602 1487 1729 1515 deleatur
1749 1488 1892 1525 originalis

1043 1529 1141 1566 culpa3
1162 1530 1317 1559 secundum
1340 1536 1397 1566 est,
1418 1540 1434 1560 a
1456 1541 1511 1569 quo
1527 1533 1562 1561 sit
1577 1533 1636 1570 ipsa
1652 1535 1891 1571 concupiscentia;

1042 1577 1156 1605 tertium
1180 1584 1246 1605 vero
1268 1581 1324 1611 est,
1346 1578 1468 1615 qualiter
1500 1580 1525 1607 in
1549 1580 1706 1609 infusione⁴
1728 1582 1837 1611 animae
1865 1585 1892 1611 et

1042 1623 1184 1660 originalis
1206 1624 1304 1661 culpae
1328 1625 1510 1662 imputatione
1529 1627 1654 1656 salvetur
1669 1628 1763 1657 divina
1778 1629 1890 1658 iustitia.

789 1719 974 1748 TRACTATIO
996 1720 1238 1756 QUAESTIONUM.

214 1820 253 1849 Ad
275 1819 484 1857 intelligentiam
507 1819 592 1856 igitur
614 1819 699 1848 huius
721 1819 808 1856 partis
829 1819 924 1848 incidit
939 1819 984 1848 liic

135 1867 261 1905 quaestio
282 1867 356 1896 circa
377 1867 438 1896 tria.

214 1914 306 1942 Primo
335 1913 409 1942 enim
438 1914 585 1950 quaeritur
613 1913 648 1941 de
677 1912 814 1942 deletione
842 1913 985 1950 originalis

135 1962 244 1999 culpae.

214 2008 341 2037 Secundo
363 2008 508 2045 quaeritur
530 2007 564 2036 de
586 2007 652 2035 vitio
665 2006 675 2020 ⁵
690 2007 929 2044 concupiscentiae
945 2015 986 2036 re-

136 2058 272 2084 manente.

215 2101 307 2130 Tertio
328 2101 475 2139 quaeritur
500 2101 534 2130 de
562 2101 703 2138 aequitate
731 2101 842 2129 divinae
863 2101 985 2130 iustitiae

1041 1819 1068 1847 in
1092 1820 1228 1848 infusione
1250 1824 1277 1849 et
1299 1821 1442 1857 punitione
1464 1822 1582 1851 animae.

1121 1866 1199 1895 CIrca
1221 1868 1345 1904 primum
1368 1872 1544 1905 quaeruntur
1566 1870 1630 1899 duo.

1121 1914 1213 1942 Primo
1241 1916 1404 1951 quaeritur,
1431 1919 1527 1945 utrum
1550 1916 1706 1954 baptismus
1728 1918 1819 1948 deleat
1840 1920 1892 1948 ori-

1041 1961 1132 1997 ginale
1153 1965 1290 1998 quantum
1312 1962 1348 1991 ad
1370 1963 1497 2000 eulpam,
1519 1972 1591 2001 quae
1612 1968 1653 1993 est
1674 1965 1701 1993 in
1724 1970 1824 1995 mente.

1121 2008 1247 2037 Secundo
1269 2017 1336 2037 vero
1358 2010 1519 2046 quaeritur,
1535 2014 1630 2039 utrum
1648 2012 1738 2041 deleat
1754 2016 1890 2050 quantum

1041 2054 1077 2083 ad
1099 2054 1159 2083 eius
1181 2063 1310 2087 causam,
1332 2064 1404 2093 quae
1425 2060 1467 2086 est
1489 2057 1515 2085 in
1538 2065 1629 2087 carne.

870 2199 1105 2233 ARTICULUS
1131 2200 1154 2232 Ι.

758 2292 798 2320 De
818 2292 954 2321 deletione
975 2292 1133 2329 ortyz'nctlz's
1154 2293 1266 2330 culpae.

913 2390 976 2426 QUA
982 2390 1076 2418 ESTlO
1099 2390 1115 2417 l.

541 2477 646 2506 Utrum
668 2477 831 2514 baptismus
853 2476 945 2504 deleat
966 2476 1111 2513 originale
1132 2481 1277 2514 quantum
1298 2477 1339 2505 (td
1360 2477 1488 2514 culpam.

215 2576 292 2605 Circa
307 2577 430 2613 primum
446 2576 484 2605 sic
500 2576 662 2613 proceditur
677 2579 704 2604 et
717 2575 872 2612 quaeritur,
887 2578 984 2603 utrum

136 2623 293 2660 baptismus
314 2623 405 2652 deleat
426 2623 559 2660 originale
581 2626 718 2659 quantum
747 2622 781 2650 ad
811 2621 930 2658 culpam.
954 2621 984 2649 Et

136 2669 212 2706 quod
234 2669 289 2704 sic,
311 2669 432 2697 videtur.

218 2717 242 2744 1.
264 2716 372 2744 loannis
393 2715 475 2744 tertio
487 2715 515 2742 ⁶:
539 2714 607 2743 Nz'sz'
626 2715 692 2752 quis
706 2718 829 2743 renatus
843 2713 935 2750 fuerit
950 2723 984 2742 ew

1041 2583 1122 2612 aqua
1143 2579 1169 2603 ec
1190 2575 1305 2612 Spiritu
1325 2580 1444 2610 secuero,
1471 2585 1529 2604 'non
1555 2576 1678 2605 intrabit
1706 2577 1737 2605 in
1764 2587 2029 2616 reymhmFundamenta.

1042 2621 1212 2654 caelen-mn,-
1233 2622 1284 2650 hoc
1305 2626 1399 2651 autem
1416 2631 1468 2651 non
1485 2627 1527 2651 est
1542 2626 1656 2660 propter
1671 2624 1782 2661 culpam
1798 2629 1891 2654 actua-

1042 2667 1095 2696 lem
1117 2668 1144 2696 in
1167 2668 1310 2704 parvulis:
1333 2676 1400 2706 ergo
1421 2670 1443 2698 si
1466 2669 1517 2699 hoc
1539 2673 1595 2705 est,
1618 2671 1670 2699 erit
1690 2675 1806 2708 propter
1834 2673 1890 2701 cul-

1040 2722 1105 2751 pam
1127 2715 1300 2751 originalem.
1328 2715 1380 2744 Sed
1410 2719 1471 2753 post
1492 2716 1662 2754 baptismum
1685 2726 1739 2747 non
1762 2719 1890 2756 privatur

201 2868 208 2882 ¹
228 2868 308 2890 Psalm.
327 2867 363 2895 24,
385 2868 419 2890 10.

199 2906 209 2921 2
228 2907 276 2929 Vnt.
294 2905 408 2929 deleatur.

200 2945 209 2960 ³
227 2945 302 2968 Verba
320 2952 336 2968 α
358 2951 404 2975 quo
421 2945 450 2968 sit
473 2947 587 2975 tanquam
610 2944 639 2968 ab
659 2947 757 2969 auctore
779 2945 862 2968 desunt
884 2946 904 2968 in
923 2946 984 2974 edd„

137 2988 230 3013 excepta
253 2986 270 3007 1.

1102 2868 1111 2883 ⁴
1129 2869 1179 2891 Vat,
1197 2875 1250 2891 cum
1262 2869 1314 2891 edd.
1328 2870 1349 2898 2,
1368 2870 1381 2891 3
1394 2869 1426 2892 ad
1441 2869 1585 2899 infusionem
1597 2873 1618 2893 et
1636 2870 1687 2893 dein
1700 2870 1887 2901 imputationem.

1103 2907 1112 2922 ⁵
1131 2908 1181 2930 Vat.
1200 2914 1253 2930 curn
1271 2908 1323 2930 edd.
1342 2909 1362 2935 2,
1381 2909 1402 2936 3,
1421 2908 1434 2930 4
1451 2908 1542 2932 morbo.

1104 2946 1114 2961 ὅ
1131 2947 1196 2969 Vers.
1215 2947 1240 2975 5,
1258 2947 1297 2969 ubi
1316 2954 1358 2975 pro
1371 2954 1418 2971 non
1430 2947 1529 2971 intrabit
1544 2948 1569 2971 in
1581 2954 1682 2978 requiem
1700 2949 1822 2973 caelorum
1835 2950 1888 2973 Vul-

1043 2988 1094 3014 gata
1112 2986 1166 3013 legit
1182 2992 1230 3009 mm
1243 2987 1321 3016 potest
1335 2986 1435 3010 introire
1452 2986 1477 3010 in
1494 2993 1595 3017 regnum
1611 2987 1659 3011 Dei.
