2122 3381
676 387 1333 462 PROLEGOMENA

427 536 500 583 AD
536 535 836 584 SECUNDUM
869 537 1088 586 LIBRUM
1124 538 1577 591 SENTENTIARUM.

184 1035 265 1058 Divina
283 1037 373 1059 favente
391 1037 548 1066 providentia,
561 1037 670 1060 Omnium
683 1038 785 1066 Operum
798 1040 915 1067 Seraphici
928 1040 972 1062 Do-

121 1083 190 1105 ctoris
206 1083 228 1105 S.
246 1083 421 1106 Bonaventurae
444 1085 562 1107 secundus
583 1088 660 1108 tomus
677 1087 698 1108 in
716 1086 792 1108 lucem
809 1093 820 1108 a
840 1086 907 1109 nobis
924 1087 972 1110 edi-

122 1131 172 1158 tur,
191 1130 280 1153 tardius
297 1131 404 1160 quidem,
430 1138 500 1160 quam
518 1132 610 1160 ipsimet
628 1134 801 1162 exoptavimus,
819 1134 860 1156 sed
878 1140 922 1156 non
940 1135 971 1156 ni-

120 1177 164 1199 mis
189 1177 265 1206 tarde,
291 1179 310 1200 si
336 1179 458 1206 respicitur
483 1179 513 1201 ad
538 1179 623 1202 laboris
648 1182 739 1208 operosi
765 1181 855 1210 lateque
873 1184 971 1210 patentis

121 1230 267 1253 mensuram,
286 1232 345 1254 quae
363 1226 536 1255 requirebatur,
555 1230 579 1249 ut
596 1228 659 1249 oneri
677 1231 785 1256 suscepto
802 1235 844 1256 pro
862 1230 922 1251 votis
939 1231 971 1251 τί-

121 1277 200 1293 rorum
224 1271 346 1294 doctorum
367 1276 389 1295 et
413 1279 456 1300 pro
482 1274 565 1295 nostris
590 1274 691 1302 viribus,
718 1281 772 1297 sane
798 1276 970 1305 mediocribus,

120 1318 225 1340 sufficere
242 1324 372 1345 possemus.

182 1364 296 1386 Volumen
319 1365 362 1387 hoc
388 1365 548 1393 complectitur
564 1367 680 1395 integrum
698 1368 720 1390 in
738 1369 867 1391 secundum
886 1369 971 1392 librum

120 1410 288 1433 Sententiarum
307 1411 364 1433 Petri
390 1411 515 1435 Lombardi
541 1412 750 1442 Commentarium,
777 1416 816 1444 qui
842 1417 927 1438 eminet
950 1420 971 1439 et

120 1458 271 1486 amplitudine
288 1459 355 1481 molis
372 1462 394 1481 ct
411 1460 549 1487 praestantia
568 1460 692 1484 doctrinae.
706 1461 755 1489 lpse
767 1463 828 1484 enim
842 1463 894 1491 plus
907 1465 969 1486 tertia

121 1508 184 1533 parte
202 1506 300 1534 amplior
317 1509 351 1529 est
377 1513 447 1535 quam
474 1508 578 1530 eiusdem
604 1507 789 1531 Commentarius
807 1510 827 1531 in
847 1510 861 1532 l.
885 1510 969 1533 librum

119 1553 301 1582 Sententiarum,
320 1557 388 1583 atque
411 1561 503 1583 semper
528 1556 595 1578 simul
621 1562 675 1578 cnm
700 1556 871 1580 Commentario
894 1559 915 1580 in
938 1559 968 1580 ill.

119 1599 202 1622 librum
226 1602 356 1629 praecipuis
379 1602 486 1624 laudibus
508 1609 520 1625 a
538 1604 594 1625 viris
617 1603 690 1627 doctis
714 1604 842 1627 celebratus
864 1610 897 1628 est
919 1606 968 1631 (cfr.

119 1647 246 1675 Prolegom,
264 1648 293 1670 ad
311 1649 325 1670 1.
343 1651 397 1671 tom.
415 1655 434 1671 c.
452 1649 484 1677 l.).

181 1694 204 1716 ln
222 1695 312 1717 edendo
329 1698 350 1717 et
364 1696 496 1718 illustrando
509 1697 552 1719 hoc
564 1697 681 1720 volumine
693 1698 791 1720 eandem
810 1704 836 1721 ac
854 1699 875 1720 in
893 1700 968 1727 primo

119 1741 181 1764 viam
199 1745 221 1763 et
244 1743 354 1765 rationem
372 1744 443 1766 secuti
461 1750 554 1772 sumus;
574 1745 634 1767 unde
652 1745 792 1767 benevolum
806 1745 913 1768 lectorem
926 1753 969 1774 pro

120 1789 197 1811 notitia
215 1789 283 1811 huius
306 1790 398 1812 rationis
424 1791 564 1820 acquirenda
591 1793 729 1815 remittimus
746 1793 775 1815 ad
793 1800 818 1815 ca
837 1800 896 1822 quae
919 1798 968 1817 tum

119 1836 140 1857 in
159 1836 299 1859 Praefatione
323 1838 423 1865 generali
450 1838 512 1866 (pag.
530 1839 632 1862 xxxin.
651 1843 739 1869 seqq),
758 1844 806 1863 tum
823 1843 846 1864 in
865 1841 969 1870 Prolego-

119 1884 193 1905 menis
211 1884 239 1911 (c.
259 1885 281 1906 ll.
299 1885 312 1913 3
330 1885 351 1907 2.
370 1885 395 1913 3,
414 1892 467 1914 pag.
486 1886 587 1909 LXXIX.
613 1888 701 1916 seqq.),
729 1891 791 1911 tomo
814 1889 827 1911 l.
846 1889 967 1917 praefixis,

118 1931 171 1952 satis
188 1932 346 1958 exposuimus.
365 1932 452 1954 Sufficit
468 1934 550 1961 igitur,
569 1937 592 1956 ut
604 1934 640 1956 hic
652 1941 724 1962 pauca
738 1935 895 1963 subiiciamus,
908 1943 968 1965 quae

118 1978 212 2005 proprie
229 1977 258 2000 ad
277 1978 345 2001 liuius
362 1979 457 2001 secundi
476 1980 530 2001 tomi
548 1980 671 2003 editionem
689 1985 799 2009 spectant.

181 2023 194 2052 ξς
217 2024 233 2045 1.
252 2024 372 2054 Αηιίιμιῖιδ
390 2025 461 2048 indest-
479 2025 601 2054 Iocorztm,
621 2027 645 2050 ίη
662 2027 747 2057 quibus
768 2027 815 2051 duo
833 2028 869 2052 Ss,
888 2029 968 2052 Docto-

118 2075 172 2098 res,
194 2070 297 2094 Thomas
314 2073 336 2094 el
352 2072 537 2101 Bonaventztra,
555 2074 579 2097 in
596 2080 680 2098 eorum
698 2074 879 2099 Commentariis
895 2083 968 2106 super

117 2117 147 2139 II.
167 2116 254 2140 librum
271 2117 449 2142 Sententiarum
467 2119 614 2143 dzssentz'unt.

181 2166 201 2188 ln
216 2167 387 2195 Prolegomenis
399 2168 428 2190 ad
441 2168 454 2190 1.
468 2168 551 2191 librum
565 2170 633 2192 huius
645 2170 807 2193 Commentarii
820 2175 883 2200 (pag.
895 2172 966 2195 Lxx.

117 2213 158 2235 col.
177 2214 201 2241 l.)
220 2213 391 2241 publicavimus
409 2221 435 2237 ex
452 2215 545 2238 duobus
571 2217 670 2245 antiquis
687 2217 762 2245 codd„
782 2218 811 2240 ibi
831 2219 966 2247 descriptis,

117 2261 201 2282 scilicet
218 2260 382 2290 Burqltesiano
401 2262 429 2284 de
442 2262 510 2290 Urbe,
523 2264 562 2291 qui
575 2267 609 2286 est
620 2270 679 2286 saec.
693 2264 748 2286 xm.
762 2266 872 2293 exeuntis,
890 2269 911 2287 et
923 2266 967 2289 Lu-

117 2306 272 2337 ozeburqensz‘,
293 2309 362 2336 paulo
381 2310 482 2337 iuniore,
500 2310 610 2332 ineditum
629 2311 658 2333 ad
676 2311 698 2333 id
717 2313 827 2340 temporis
839 2313 965 2336 indiculum

116 2354 145 2376 24
158 2355 269 2383 locorum,
280 2356 300 2377 in
314 2356 398 2384 quibus
411 2357 487 2385 quoad
500 2357 514 2379 l.
527 2357 611 2379 librum
622 2359 789 2381 Sententiarum
803 2360 911 2387 praedicti
924 2361 966 2383 Do-

116 2404 190 2423 ctores
208 2401 350 2424 dissentiunt.
368 2402 432 2424 Nunc
444 2400 605 2426 continuamus
617 2405 717 2427 cundem
730 2405 828 2428 indicem
847 2406 924 2435 quoad
942 2407 964 2429 ll.

116 2447 200 2470 librum
214 2448 388 2476 Sententiarum,
402 2449 541 2477 exhibentes,
554 2451 612 2472 sicut
624 2451 667 2479 ibi,
680 2452 799 2474 lectionem
812 2453 898 2475 codicis
911 2454 966 2476 Bur-

116 2495 233 2522 ghesiani,
249 2495 332 2517 additis
344 2497 400 2518 Intra
419 2497 515 2518 uncinos
527 2497 619 2519 alterius
631 2498 716 2520 codicis
728 2499 863 2522 lectionibus
876 2501 966 2522 varian-

116 2541 184 2564 tibus.
204 2542 386 2565 l'raenotandum
405 2547 481 2565 autem
499 2548 545 2572 est,
563 2545 627 2573 quod
645 2545 777 2573 praedictus
790 2547 856 2569 index
874 2548 965 2570 manite-

117 2591 149 2610 ste
167 2594 211 2610 non
230 2589 323 2617 respicit
340 2590 381 2611 nisi
400 2589 595 2613 Commentarium
614 2592 635 2613 S.
655 2592 757 2615 Thomae
776 2594 797 2615 in
816 2593 899 2616 librum
913 2595 965 2617 Sen-

117 2636 249 2663 tentiarum,
269 2643 312 2658 non
327 2638 465 2665 posteriores
482 2639 587 2661 eiusdem
599 2639 682 2667 libros,
696 2642 831 2668 praesertim
844 2642 964 2665 Summam

116 2682 276 2710 theologicam.
297 2683 370 2706 Habet
386 2685 454 2707 etiam
473 2685 528 2707 alios
545 2685 660 2715 desectus,
679 2693 778 2716 quorum
796 2688 885 2717 aliquos
902 2692 965 2711 nota-

116 2729 208 2756 x‘imus;
226 2732 248 2751 et
265 2729 328 2758 quod
346 2731 431 2752 mirum
457 2734 502 2759 est,
521 2731 636 2754 interdum
662 2734 714 2755 citat
731 2734 878 2757 solummodo
904 2735 966 2758 locos

117 2775 138 2796 S.
158 2775 275 2803 Thomas,
299 2777 349 2804 ipso
373 2783 417 2799 non
440 2778 571 2806 nominato,
599 2778 654 2801 dum
681 2780 817 2809 plerumque
843 2782 917 2803 solum
942 2782 964 2804 S.

116 2821 300 2844 Bonaventuram
324 2824 413 2852 allegat.
430 2824 555 2847 Nonnullos
572 2831 662 2847 errores
679 2826 700 2848 in
718 2826 846 2850 scribendis
863 2829 965 2851 numeris

116 2871 258 2893 correximus
274 2874 295 2892 et
313 2872 369 2893 intra
388 2873 542 2900 parenthesim
555 2874 677 2901 specialius
689 2874 842 2898 indicavimus
858 2877 965 2899 articulos

116 2919 138 2938 et
161 2918 305 2945 quaestiones
333 2917 495 2941 Commentarii
514 2920 535 2942 S.
554 2920 740 2949 Bonavcnturac,
764 2921 803 2944 ubi
827 2923 847 2944 in
874 2924 965 2946 scholiis

116 2963 183 2985 etiam
201 2964 223 2986 S.
242 2964 345 2987 Thomae
363 2965 405 2987 loci
423 2967 588 2995 respondentes
605 2968 702 2990 inveniri
718 2973 821 2996 possunt.

1081 1042 1129 1065 Hae
1147 1044 1202 1067 sunt
1220 1045 1372 1076 quaestiones,
1390 1046 1415 1069 in
1434 1046 1517 1077 quibus
1534 1047 1676 1072 dissentiunt
1693 1049 1717 1072 in
1735 1050 1829 1074 secundo

1254 1091 1312 1115 libro
1329 1093 1491 1117 Bonaventura
1508 1095 1531 1118 et
1549 1095 1653 1119 Thomas.
1777 1092 1779 1094 ’

1109 1185 1152 1214 [Hi
1170 1186 1225 1209 sunt
1243 1185 1316 1222 (loct),
1335 1186 1359 1210 in
1377 1187 1458 1218 quibus
1480 1188 1622 1213 dissentiunt
1640 1189 1664 1213 in
1681 1191 1800 1221 secundo].

1092 1281 1112 1303 sl.
1131 1281 1197 1309 Quod
1216 1282 1388 1309 creatio-passio
1414 1289 1458 1305 non
1484 1287 1518 1306 est
1543 1285 1631 1312 passio,
1653 1285 1694 1308 sed
1717 1287 1808 1315 relatio,
1834 1293 1879 1309 non

1028 1328 1091 1355 prior
1108 1334 1132 1349 re
1151 1330 1238 1356 creata,
1265 1329 1323 1351 sicut
1348 1335 1390 1351 nec
1416 1329 1492 1352 filiatio
1510 1334 1543 1353 est
1560 1332 1624 1358 prior
1641 1331 1717 1360 Patre,
1735 1332 1879 1357 distinctione

1028 1375 1101 1401 prima
1121 1375 1152 1402 (p.
1171 1375 1185 1396 1.
1204 1381 1223 1397 a.
1242 1375 1263 1397 3.
1282 1382 1303 1404 q.
1322 1376 1361 1404 2.),

1093 1421 1112 1442 -2,
1133 1421 1211 1443 Utrum
1230 1421 1291 1444 Deus
1308 1424 1408 1449 potuerit
1424 1425 1595 1447 communicare
1616 1426 1682 1448 alicui
1703 1430 1820 1450 creaturae
1841 1434 1880 1456 po-

1028 1468 1120 1490 tentiam
1138 1468 1242 1497 creandi,
1261 1469 1282 1491 d.
1300 1470 1316 1491 1.
1331 1470 1361 1498 (p.
1375 1471 1397 1492 ll.
1411 1477 1431 1492 a.
1449 1471 1465 1493 l.
1479 1478 1500 1500 q.
1516 1472 1561 1501 t.);
1581 1473 1673 1501 [omittit
1684 1474 1754 1496 verba
1768 1475 1826 1503 seq]
1839 1475 1879 1497 Bo·

1028 1518 1166 1543 naz-cutura,
1186 1515 1249 1544 quod
1267 1522 1324 1544 non,
1349 1523 1402 1539 cum
1425 1522 1528 1541 creatura
1551 1526 1595 1541 non
1614 1521 1642 1543 sit
1658 1527 1730 1548 capax
1748 1521 1877 1551 infinitatis,

1027 1565 1047 1584 et
1065 1562 1101 1583 illa
1118 1565 1152 1584 est
1169 1563 1247 1591 opinio
1274 1565 1419 1592 communisg
1446 1565 1559 1594 Thomas,
1586 1567 1649 1595 quod
1672 1569 1715 1596 sic,
1734 1574 1778 1590 non
1802 1573 1878 1591 tamen

1026 1608 1159 1631 asserendo,

1090 1656 1111 1678 3.
1130 1656 1210 1678 Utrum
1233 1657 1347 1680 mundum
1374 1664 1418 1680 non
1436 1665 1487 1681 esse
1504 1663 1635 1688 aeternum,
1654 1661 1682 1683 sit
1699 1661 1878 1685 demonstrabile

1027 1702 1116 1731 [additz
1130 1703 1151 1725 d.
1169 1704 1187 1726 l.
1201 1704 1232 1732 (p.
1246 1705 1259 1726 l.
1273 1711 1292 1727 a.
1311 1706 1327 1727 1.
1346 1712 1368 1734 q.
1387 1706 1426 1734 2.),
1443 1707 1525 1729 omittit
1536 1708 1675 1737 sequentia];
1690 1709 1801 1737 Thomas,
1815 1709 1878 1738 quod

1027 1755 1085 1777 non,
1103 1756 1156 1772 cum
1174 1751 1202 1773 sit
1219 1752 1328 1774 articulus
1354 1752 1422 1779 tidei;
1449 1753 1622 1783 Bonaventura,
1649 1755 1712 1784 quod
1735 1757 1779 1782 sic,
1797 1757 1877 1779 saltem

1026 1802 1068 1824 per
1085 1796 1247 1820 deductionem
1266 1798 1294 1821 ad
1312 1799 1461 1827 impossibile.

1090 1843 1110 1865 4.
1129 1844 1209 1866 Utrum
1232 1846 1306 1867 anima
1333 1847 1424 1869 uniatur
1450 1849 1541 1875 corpori
1567 1848 1722 1872 mediantibus
1743 1850 1877 1880 spiritibus,

1026 1890 1111 1912 scilicet
1128 1891 1235 1919 animali,
1253 1892 1315 1914 vitali
1332 1895 1355 1914 et
1371 1894 1482 1921 naturali;
1500 1896 1522 1916 ct
1539 1900 1551 1916 a
1570 1899 1634 1922 parte
1651 1896 1741 1918 animae
1759 1897 1878 1920 medianti-

1025 1936 1070 1959 bus
1088 1937 1256 1968 [moventhus]
1274 1941 1380 1967 potentiis
1399 1940 1502 1970 [scilicet]
1521 1943 1663 1971 vegetativa,
1682 1945 1790 1967 sensitiva
1808 1949 1830 1968 et
1844 1945 1878 1967 in-

1025 1985 1136 2007 tellectiva
1156 1985 1276 2015 [motiva]‚
1294 1987 1315 2009 d.
1335 1988 1355 2010 ι1.
1373 1994 1395 2016 q.
1414 1989 1539 2016 penultima
1558 1990 1652 2017 (scilicet
1669 1991 1690 2012 in
1708 1990 1836 2014 Comment.
1854 1993 1876 2015 S.

1026 2032 1142 2058 Thomae,
1161 2033 1201 2055 scd
1220 2034 1240 2055 in
1260 2034 1345 2056 Bonav.
1363 2041 1385 2063 p.
1405 2035 1427 2057 ΙΙ.
1446 2042 1465 2058 a.
1488 2037 1504 2058 1.
1523 2043 1545 2066 q.
1565 2038 1604 2066 2.).

1089 2079 1110 2102 5.
1128 2080 1209 2103 Utrum
1227 2087 1312 2104 aevum
1330 2083 1358 2104 sit
1376 2083 1477 2112 [natura]
1495 2090 1635 2112 permanens
1647 2086 1728 2114 [omitt.
1742 2093 1815 2116 usque
1827 2087 1876 2116 ubi]

1024 2126 1060 2148 vel
1087 2128 1257 2156 successivum,
1277 2128 1298 2151 d.
1322 2129 1342 2151 2.
1370 2136 1391 2158 q.
1415 2130 1439 2152 3.
1457 2131 1479 2152 in
1502 2130 1546 2153 tine
1568 2132 1600 2160 (p.
1619 2132 1632 2154 l.
1651 2138 1671 2155 a.
1693 2133 1710 2154 1.
1729 2140 1750 2162 q.
1769 2133 1812 2162 3.),
1837 2134 1876 2156 ubi

1024 2174 1093 2196 etiam
1118 2175 1229 2202 reprobat
1254 2176 1349 2199 modum
1372 2177 1401 2200 de
1419 2179 1563 2201 emanatione
1581 2180 1649 2202 rivuli
1667 2187 1678 2202 a
1696 2181 1757 2203 sonte
1774 2184 1796 2203 et
1819 2182 1876 2205 radii

1023 2227 1035 2242 a
1053 2221 1108 2243 sole.

1088 2268 1108 2290 6.
1127 2268 1159 2291 De
1177 2269 1247 2292 modo
1265 2270 1392 2298 accipiendi
1410 2272 1519 2294 unitatem
1538 2274 1648 2301 temporis
1660 2280 1672 2295 a
1685 2276 1790 2304 materia,
1808 2276 1845 2298 vel
1863 2282 1874 2299 a

1023 2316 1100 2342 motu,
1119 2314 1140 2337 d.
1160 2316 1180 2337 2.
1199 2316 1231 2343 (p.
1250 2316 1263 2338 l.
1282 2323 1301 2338 a.
1325 2317 1342 2339 l.
1360 2324 1382 2346 q.
1401 2318 1439 2346 2.).

1086 2361 1108 2383 7.
1127 2362 1207 2385 Utrum
1225 2363 1253 2385 sit
1270 2370 1342 2385 unum
1367 2370 1464 2393 aevum,
1488 2366 1524 2388 vel
1546 2366 1625 2394 plura,
1650 2367 1671 2389 d.
1695 2368 1716 2390 2.
1738 2374 1760 2397 q.
1785 2369 1805 2391 2.
1830 2368 1875 2397 (eo-

1023 2407 1076 2430 dem
1094 2408 1162 2437 loco).

1087 2455 1108 2476 8.
1126 2455 1206 2477 Utrum
1225 2456 1314 2478 caelum
1332 2449 1473 2486 empyreum
1490 2459 1570 2482 influat
1587 2461 1609 2482 in
1627 2461 1668 2483 ista
1686 2462 1804 2491 interiora,
1818 2463 1839 2485 d.
1853 2464 1874 2486 2.

1022 2507 1045 2528 p.
1064 2501 1086 2522 ll.
1106 2501 1135 2529 (a.
1155 2503 1184 2531 t.)
1203 2509 1224 2531 q.
1243 2504 1264 2525 2.

1086 2549 1107 2570 9.
1126 2549 1206 2571 Utrum
1224 2551 1326 2578 Angelus
1343 2552 1371 2574 sit
1387 2553 1529 2581 compositus
1546 2560 1573 2576 ex
1591 2555 1685 2577 materia
1707 2558 1729 2578 et
1745 2556 1831 2585 forma,
1850 2556 1872 2579 d.

1022 2595 1043 2617 3.
1062 2595 1094 2624 (p.
1112 2596 1126 2618 l.
1144 2603 1164 2618 a.
1183 2597 1212 2626 sl.)
1232 2604 1253 2626 q.
1275 2599 1293 2620 1.

1090 2643 1122 2665 10.
1140 2643 1194 2666 ltem
1213 2644 1278 2673 dicit⁷
1305 2646 1368 2674 quod
1390 2647 1563 2671 immutabilitas
1579 2652 1613 2671 est
1631 2650 1652 2671 in
1670 2650 1757 2678 Angelo
1775 2657 1820 2673 non
1838 2657 1874 2674 se-

1023 2689 1125 2712 cundum
1144 2691 1231 2719 aliquid
1254 2691 1358 2714 additum
1377 2693 1544 2723 determinans,
1562 2695 1602 2718 sed
1620 2696 1692 2719 forma
1711 2698 1790 2725 Angeli
1808 2699 1829 2720 in
1847 2704 1872 2721 se

1022 2736 1172 2759 determinata
1191 2741 1225 2760 est
1242 2745 1284 2767 per
1301 2741 1453 2767 privationem
1467 2743 1542 2765 omnis
1554 2743 1689 2773 additionis,
1702 2744 1784 2773 [omitt.
1796 2745 1871 2774 seqq]

1022 2784 1080 2806 sicut
1098 2784 1203 2807 divinum
1222 2792 1270 2809 esse
1288 2786 1371 2810 dicitur
1388 2788 1418 2811 ab
1435 2789 1484 2811 aliis
1502 2790 1648 2819 distinctum,
1666 2791 1687 2813 d.
1707 2791 1727 2814 3,
1745 2798 1766 2821 q.
1781 2792 1801 2814 t.
1817 2791 1871 2821 (hoc

1022 2831 1090 2853 refert
1108 2830 1132 2854 S.
1153 2831 1270 2862 Thomas,
1291 2834 1314 2856 ll.
1332 2834 1392 2857 Sent.
1411 2835 1433 2858 d.
1453 2836 1474 2858 3.
1493 2843 1514 2865 q.
1534 2837 1554 2859 ’1.
1572 2843 1592 2859 a.
1611 2838 1650 2866 2.).

1089 2878 1122 2900 Η.
1141 2879 1221 2901 Utrum
1247 2886 1328 2903 omnes
1345 2882 1424 2911 Angeli
1443 2883 1549 2906 disserant
1565 2886 1657 2913 specie,
1676 2885 1708 2913 (S.
1726 2886 1824 2914 Thoan,
1846 2886 1869 2909 ll.

1022 2924 1094 2953 Sent.)
1112 2925 1133 2947 d.
1152 2926 1173 2947 3.
1191 2932 1213 2955 q.
1232 2926 1252 2949 4.
1271 2927 1364 2955 [omittit
1379 2930 1454 2958 seq.];
1473 2930 1587 2959 Thomas,
1606 2932 1669 2960 quod
1687 2933 1732 2960 sic;
1751 2933 1871 2955 Bonavon-

1022 2974 1086 2999 tura,
1105 2972 1168 3000 quod
1186 2979 1229 2995 non
1249 2980 1341 3003 omnes,
1359 2975 1382 2998 d.
1401 2977 1421 2998 3.
1440 2983 1462 3006 q.
1481 2977 1502 3000 4.
1520 2978 1543 3006 (i.
1561 2984 1581 3001 c.
1600 2985 1622 3007 p.
1641 2979 1654 3001 l.
1673 2986 1693 3001 a.
1712 2980 1732 3002 2.
1751 2986 1772 3008 q.
1791 2980 1829 3009 =l.).
