2243 3425
214 1364 347 1383 Fundamenta.

355 210 409 238 616

432 286 458 314 4.
482 286 563 317 item
585 291 630 320 qu·
632 282 696 310 iudo
712 281 808 309 radius
823 282 864 307 est
880 279 991 306 iunctus
1006 283 1108 312 aquae,
1124 277 1198 302 mota

354 341 442 370 aqna.
464 338 575 360 necesse
594 333 643 359 θ5ῖ
660 327 763 355 moxeri
788 325 914 357 radinmg
931 323 979 351 sed
996 322 1084 350 multo
1099 319 1197 348 maiori

354 379 465 408 vinculo
487 376 663 412 coniungitur
682 374 775 402 anima
796 370 922 408 corpori
945 376 1029 406 quam
1052 367 1199 403 coniunga-

355 430 400 454 ῖιιι·
422 424 519 452 radius
540 429 642 458 aquae:
666 428 747 456 ergo
770 422 845 446 moto
866 424 999 453 corpore
1021 421 1134 443 necesse
1149 416 1199 446 est,

354 471 459 500 moveri
483 469 597 497 affectus
618 467 734 495 animae.
751 465 777 493 Si
794 464 878 501 igitur
893 463 986 499 aliqua
1003 462 1091 490 virtus
1106 465 1199 489 creata

354 521 441 555 potest
459 523 561 552 corpus
578 516 780 545 transmutare,
796 510 897 548 poterit
911 517 962 547 per
984 515 1157 545 consequens
1172 507 1201 534 li-

354 566 453 593 berum
475 561 622 591 arbitrium
646 563 756 588 verte-re
771 561 798 586 et
813 556 990 593 compellere,
1006 556 1065 592 ipso
1082 555 1199 583 nolente.

434 611 458 637 5.
483 609 563 642 Item,
590 607 661 635 sicut
687 613 716 634 se
744 605 827 633 babet
849 603 1006 632 intellectus
1027 602 1063 630 ad
1084 609 1200 634 verum,

353 658 390 686 ita
412 664 440 685 se
463 655 546 684 babet
566 654 682 682 affectus
703 653 739 681 ad
756 652 876 685 bonum;
892 650 940 679 sed
956 649 1115 678 intellectus
1130 656 1202 677 com-

354 703 418 740 pelli
440 705 530 739 potest
551 700 586 728 ad
608 698 782 728 credendum
803 697 917 734 aliquod
941 704 1055 724 verum:
1079 703 1146 732 ergo
1175 698 1202 723 et

353 750 468 778 affectus
490 748 525 776 ad
547 746 699 775 amandum
723 745 836 773 bonum.
859 744 885 772 Si
907 751 974 780 ergo
995 743 1115 771 liberum
1132 741 1203 770 arbi-

355 797 439 826 trium
462 803 515 823 non
538 794 605 823 dicit
626 793 703 821 aliud
725 800 810 829 quam
826 791 962 819 rationem
979 793 1006 818 et
1020 789 1202 820 voluntatem.

354 844 480 876 videtur,
502 841 577 878 quod
599 844 625 869 et
641 841 731 877 ipsum
749 838 877 875 compelli
893 837 980 874 possit
1001 844 1050 873 per
1066 836 1201 864 actionem

354 890 473 919 alicuius
494 888 601 925 agentis
623 887 717 916 creati.

434 937 458 965 6.
480 936 564 968 item,
586 942 671 971 agens
693 936 817 961 creatum
841 939 892 960 sua
913 930 1020 959 actione
1036 933 1126 966 potest
1140 929 1205 957 libe—

356 992 417 1012 rum
440 983 589 1011 arbitrium
612 988 711 1017 cogere
733 979 874 1008 coactione
896 978 1060 1011 inducente,
1076 984 1148 1013 quae
1163 979 1204 1004 est

354 1030 505 1067 dispositio
527 1032 657 1065 respectu
672 1026 820 1056 coactionis
834 1024 1021 1063 sufficientis,-
1043 1023 1090 1052 sed
1112 1023 1205 1059 ‹ospo-

353 1077 421 1105 sc'ti'o
443 1084 492 1113 per
514 1075 689 1111 frequentem
713 1073 754 1101 sui
778 1072 951 1101 iterationem
975 1074 1002 1099 et
1023 1069 1204 1098 intensionem

354 1126 443 1160 potest
465 1121 525 1150 lieri
547 1121 702 1149 necessitas
719 1120 725 1132 ¹
741 1128 748 1146 :
767 1127 834 1155 ergo
849 1118 978 1149 videtur,
993 1117 1092 1153 quodsi
1110 1116 1205 1144 volun-

355 1175 396 1198 tas
418 1169 504 1206 possit
525 1169 583 1204 cogi
613 1167 754 1196 coactione
776 1165 927 1193 z‘mlztcente
940 1187 948 1197 ,
970 1164 1046 1200 quod
1070 1171 1202 1200 processu

355 1217 488 1254 temporis
499 1214 627 1252 compelli
641 1214 728 1251 possit
739 1213 881 1242 coactione
896 1211 1053 1249 sufficienti
1064 1219 1113 1248 per
1125 1210 1206 1238 actio-

357 1272 418 1292 nem
434 1263 553 1291 alicuius
568 1265 723 1290 creaturae.

434 1310 486 1338 SED
508 1317 629 1338 colurna:
656 1309 679 1335 l.
702 1306 863 1335 Bernardus
884 1305 919 1334 de
938 1305 1036 1333 Libero
1051 1303 1205 1332 Arbitrio²z

360 1358 525 1386 «Voluntas
548 1364 598 1393 pro
619 1354 740 1392 ingenita
763 1354 805 1382 sui
828 1353 971 1381 nobilitate
994 1351 1072 1379 nulla
1096 1350 1205 1387 cogitur

356 1404 519 1433 necessitate
534 1413 559 1431 »z
576 1402 596 1431 si
614 1402 699 1438 igitur
715 1401 846 1429 voluntas
868 1408 884 1428 a
906 1399 1016 1427 nemine
1031 1400 1122 1435 potest
1137 1397 1208 1433 cogi.

356 1456 382 1481 et
405 1453 457 1480 hoc
479 1459 533 1479 non
556 1453 597 1479 est
620 1449 655 1478 ob
677 1448 753 1477 aliud
776 1448 828 1476 nisi
855 1450 969 1484 propter
995 1445 1074 1474 liberi
1097 1444 1208 1473 arbitrii

356 1500 513 1528 libertatem
527 1509 534 1532 3
556 1505 622 1534 ergo
645 1497 766 1525 liberum
789 1495 938 1523 arbitrium
954 1502 970 1522 a
986 1493 1063 1521 nulla
1079 1496 1209 1521 creatura

357 1546 415 1583 cogi
439 1548 537 1582 potest.

437 1593 462 1620 2.
484 1591 565 1625 item,
588 1590 609 1619 si
631 1589 726 1626 aliqua
751 1592 882 1617 creatura
909 1590 1002 1624 posset
1024 1586 1144 1614 liberum
1166 1593 1209 1613 ar-

358 1639 473 1668 bitrium
496 1637 617 1666 hominis
632 1644 748 1673 cogere.
765 1636 816 1664 boc
831 1634 954 1663 maxime
970 1636 1140 1670 competeret
1155 1632 1206 1669 ipsi

359 1686 484 1717 diabolo.
506 1684 540 1713 de
561 1691 617 1721 quo
639 1683 741 1711 dicitur
764 1682 825 1715 lob,
847 1680 1063 1718 quadragesimo
1080 1678 1208 1716 primo³z

359 1732 422 1761 Non
446 1736 487 1760 est·
504 1734 633 1768 potestas
647 1738 736 1766 super
753 1733 882 1761 terram,
903 1736 977 1765 quae
992 1727 1018 1754 ei
1028 1726 1122 1763 possit
1137 1734 1211 1754 eom-

354 1779 475 1817 parari.
492 1779 517 1807 Si
533 1786 600 1815 ergo
621 1777 751 1806 diabolus
770 1776 892 1804 liberum
915 1774 1064 1803 arbitrium
1081 1776 1208 1802 nostrum

358 1835 411 1855 non
434 1829 524 1863 potest
549 1832 664 1862 cogere,
685 1823 751 1861 quia
778 1826 844 1851 tunc
867 1822 979 1855 faceret,
1002 1829 1052 1849 nos
1079 1820 1209 1848 continue

358 1881 489 1911 peccare;
519 1872 646 1905 videtur,
675 1870 749 1908 quod
780 1870 858 1898 nulla
886 1869 941 1897 alia
969 1871 1099 1896 creatura
1124 1867 1210 1904 possit

358 1921 449 1958 ipsum
473 1927 580 1956 cogere.

438 1967 464 1996 3.
486 1967 568 1997 [tem.
590 1965 668 1993 nulla
689 1964 778 1993 maior
800 1962 956 2000 compulsio
984 1965 1074 1999 potest
1097 1961 1157 1990 fieri
1182 1961 1210 1989 li-

360 2015 426 2043 bero
448 2013 564 2042 arbitrio
586 2011 706 2041 hominis
728 2019 813 2048 quam
836 2018 886 2047 per
906 2010 1115 2039 intentationem
1140 2016 1211 2037 mor-

360 2062 412 2092 tis:
435 2060 483 2089 sed
506 2060 604 2088 mortis
626 2058 771 2087 intentatio
786 2058 821 2086 ad
844 2056 1070 2094 compellendum
1088 2055 1208 2084 liberum

359 2108 508 2137 arbitrium
532 2114 585 2134 non
608 2105 727 2139 sufficit,
743 2105 815 2133 sicut
829 2107 905 2141 patet
920 2104 946 2131 in
962 2103 1132 2139 Martyribus
1150 2111 1210 2131 san-

360 2156 410 2184 ctis
425 2158 452 2183 et
467 2154 528 2182 aliis
538 2176 544 2187 ,
560 2153 606 2190 qui
623 2152 715 2189 potius
730 2151 829 2179 volunt
844 2151 914 2179 mori
931 2158 1014 2187 quam
1028 2150 1112 2178 sidem
1130 2158 1209 2178 suam

360 2201 491 2231 diffiteri:
515 2208 582 2237 ergo
603 2207 657 2227 non
681 2198 809 2233 videtur,
824 2197 899 2234 quod
916 2197 1035 2225 liberum
1059 2196 1209 2225 arbitrium

360 2249 395 2277 ab
416 2249 510 2285 aliqua
532 2250 662 2276 creatura
683 2246 770 2283 possit
791 2244 918 2281 compelli
932 2244 948 2271 ⁴.

439 2296 465 2324 ίι.
480 2295 557 2329 Item,
573 2294 692 2322 liberum
708 2292 856 2321 arbitrium
873 2294 914 2320 est
928 2290 1082 2319 secundum
1097 2290 1124 2319 id
1136 2291 1211 2327 quod

361 2346 403 2371 est
423 2349 588 2379 supremum
613 2341 639 2368 in
661 2340 769 2373 anima,
797 2346 860 2367 cum
888 2338 976 2375 ipsius
1002 2338 1037 2365 sit
1062 2346 1161 2374 reffert>
1186 2341 1212 2366 et

363 2398 474 2418 movere
495 2396 592 2417 omnes
614 2387 770 2425 potentias3
786 2386 835 2415 sed
850 2393 882 2414 eo
898 2385 973 2422 qnod
989 2392 1154 2421 supremum
1172 2387 1213 2413 est

363 2436 389 2464 in
412 2437 518 2470 anima,
541 2435 618 2464 solus
639 2435 714 2463 Deus
737 2434 824 2462 maior
846 2436 887 2461 est
901 2432 929 2460 ⁵:
952 2440 1018 2469 erfo
1040 2431 1118 2459 nulla
1140 2439 1213 2460 crea-

363 2486 426 2511 tura
448 2486 538 2520 potest
559 2490 644 2519 supe1
666 2481 755 2509 illud:
784 2480 862 2508 nulla
883 2487 950 2516 ergo
971 2481 1101 2507 creantuit
1124 2481 1213 2515 potest

364 2530 390 2557 in
413 2529 533 2558 hominis
555 2529 675 2557 liberum
697 2527 845 2556 arbitrium
870 2526 1105 2563 compellendum.

1032 195 1283 226 SEN'l'ENTlARUM
1305 194 1365 222 ΜΒ.
1389 193 1416 220 ll.

1571 278 1782 299 CONCLUSIO.

1256 366 1394 395 Liberum
1415 365 1576 394 arbitrium
1597 364 1634 393 ab
1657 368 1757 401 (tyeuse
1778 367 1875 391 creato
1891 362 1989 400 quoad
2003 366 2102 390 ίιθιιιιη

1336 412 1505 442 exteriorem
1536 412 1651 450 quidem
1669 414 1763 448 potest
1783 410 1864 447 coifi,-
1886 409 1983 447 quoad
2004 413 2103 437 aetum

1336 460 1498 488 interiorem
1520 459 1619 497 aliquo
1640 458 1725 486 modo
1748 457 1889 485 induciet
1904 456 2042 493 impediri
2056 463 2105 492 po-

1338 511 1403 541 test,
1426 516 1485 535 non
1505 510 1605 535 autem
1626 506 1698 543 coyt.

1338 602 1518 629 RESPONDEO:
1542 600 1580 629 Ad
1602 600 1811 637 praedictorum
1834 597 2042 634 intelligentiam
2065 599 2107 625 est

1259 648 1430 682 notandum,
1445 648 1520 685 quod
1537 650 1578 676 est
1595 646 1667 683 loqui
1684 646 1718 674 de
1736 646 1822 674 libero
1838 645 1954 673 arbitrio
1969 646 2104 681 quantum
2223 673 2225 675 ,

1260 696 1294 725 ad
1323 698 1416 723 actum
1445 694 1618 722 exteriorem
1646 697 1672 722 et
1698 696 1833 730 quantum
1862 691 1895 720 ad
1918 695 2010 719 actum
2040 690 2225 721 inte-mamona}

1260 743 1389 775 ri'orem,
1411 742 1469 770 sive
1492 744 1628 778 quantum
1645 740 1788 768 adactum
1806 739 1951 776 proprium
1973 741 1999 766 et
2023 745 2108 774 quan-

1262 794 1319 818 tum
1349 789 1384 817 ad
1413 791 1506 816 actum
1532 787 1663 816 alienum.
1685 803 1724 807 —
1746 787 1770 814 Si
1794 786 1943 823 loquamur
1965 785 1999 813 de
2021 784 2108 812 libero

1260 836 1376 865 arbitrio
1397 839 1533 872 quantum
1550 835 1585 863 ad
1601 838 1694 862 actum
1714 837 1792 862 exte}
1795 834 1903 866 iothm
1926 833 1964 861 sic
1981 835 2109 868 respectu
2122 839 2225 863 Conclusio

1262 883 1359 912 talium
1376 886 1491 911 actuum
1508 884 1598 918 potest
1613 881 1782 909 intervenire
1797 880 1916 913 coactio:
1931 883 2021 916 polest
2035 879 2109 907 enim

1261 931 1324 967 quis
1346 929 1491 966 compelli
1507 933 1538 956 nt
1553 935 1644 965 genua
1659 935 1752 956 coram
1774 926 1846 955 idolo
1862 926 1953 955 flectat
1968 930 1995 954 et
2009 929 2040 954 ut
2056 933 2110 953 ma-

1262 977 1345 1005 nibus
1367 975 1487 1012 propriis
1509 975 1594 1003 thura
1616 974 1753 1002 altaribus
1776 974 1898 1010 imponat
1913 973 1957 1001 vel
1972 973 2109 1001 incendat.

1262 1041 1300 1044 -
1322 1024 1347 1051 Si
1370 1026 1463 1051 autem
1487 1022 1636 1059 loquamur
1665 1024 1802 1058 qnantum
1824 1021 1857 1048 ad
1881 1023 1973 1049 actum
1997 1020 2111 1048 interio-

1262 1079 1341 1104 rem,
1363 1070 1410 1107 qui
1434 1070 1538 1099 scilicet
1553 1072 1594 1098 est
1608 1068 1676 1097 velle
1692 1068 1735 1096 vel
1752 1067 1855 1104 elmere
1869 1070 1918 1095 aut
1932 1067 2111 1100 consentire,-

1264 1118 1302 1147 sic
1324 1122 1454 1154 respectu
1477 1117 1539 1145 talis
1561 1120 1640 1145 actus
1660 1119 1749 1152 potest
1765 1115 1883 1143 liberum
1900 1114 2048 1143 arbitrium
2064 1113 2110 1141 ali·
2123 1117 2227 1143 Conclusio'

1263 1173 1318 1202 quo
1348 1165 1431 1193 modo
1461 1163 1578 1197 influet,
1608 1166 1698 1200 potest
1726 1165 1753 1190 et
1782 1161 1935 1198 impediri,
1962 1161 2011 1189 sed
2032 1160 2111 1188 nullo

1264 1212 1346 1240 modo
1368 1214 1457 1248 potest
1479 1209 1617 1246 e'ompellz
2226 1230 2227 1233 ,

1344 1257 1450 1286 Iudaei
1470 1257 1584 1294 quidem
1608 1259 1712 1293 potest,
1734 1255 1887 1292 quoniam6
1908 1258 1983 1283 amat
2003 1254 2078 1283 aliud
2095 1262 2111 1283 a
2138 1263 2228 1285 emmim

1265 1313 1293 1334 se
1315 1308 1342 1333 et
1363 1304 1438 1341 quod
1455 1304 1526 1332 infra
1541 1311 1570 1332 se
1586 1306 1635 1331 est.
1652 1303 1728 1332 Unde
1744 1311 1793 1339 per
1808 1303 1974 1331 oblationem
1995 1301 2114 1330 alicuius
2127 1289 2228 1344 ῗῗὲιῖιὲῗιᾘ

1265 1352 1303 1381 rei
1328 1355 1444 1383 amatae
1467 1351 1510 1379 vel
1529 1350 1696 1379 ablationem
1720 1353 1809 1386 potest
1831 1349 1924 1378 induci
1946 1349 1981 1378 ad
2003 1357 2115 1378 consen-
2127 1336 2212 1354 ⁵¹⁶⁰¹⁵²

1265 1399 1391 1428 tiendum
1415 1399 1441 1426 in
1463 1398 1569 1434 aliquid
1592 1397 1712 1425 multum
1735 1396 1838 1425 efficaci
1855 1396 2048 1434 persuasione,
2064 1404 2114 1433 per

1267 1453 1350 1483 quem
1373 1445 1489 1473 modum
1513 1444 1675 1473 idololatrae
1697 1443 1840 1472 tentabant
1854 1447 1964 1472 sanctos
1978 1443 2115 1480 Martyres

1267 1492 1423 1522 consentire
1446 1492 1472 1520 in
1495 1491 1667 1525 idololatria,
1689 1491 1771 1519 modo
1794 1491 1981 1527 promittendo
2000 1490 2117 1519 delecta-

1267 1539 1349 1573 bilia,
1379 1539 1461 1567 modo
1491 1538 1641 1575 infligendo
1670 1538 1767 1566 tristia.
1796 1538 1849 1566 Ista
1871 1541 1962 1566 tamen
1986 1537 2127 1566 inductio>

1268 1587 1348 1623 longe
1371 1587 1454 1615 distat
1476 1595 1492 1614 a
1517 1586 1682 1618 coctctzouoe
1711 1585 1783 1613 sicut
1804 1585 1904 1622 probat
1926 1585 1984 1622 ipse
2006 1585 2116 1619 exitus,

1268 1634 1334 1671 quia
1356 1642 1405 1662 nec
1438 1633 1636 1662 blandimentis
1664 1633 1736 1662 allici
1766 1641 1817 1661 nec
1845 1632 1991 1661 tormentis
2015 1631 2116 1661 terreri

1268 1683 1337 1711 adeo
1359 1685 1527 1719 potuerunt,
1549 1684 1580 1709 ut
1602 1689 1617 1709 a
1638 1681 1755 1709 veritate
1784 1680 1904 1709 institiae
1930 1683 2116 1709 mutarentur.

1269 1729 1299 1757 Et
1321 1729 1359 1757 sic
1382 1729 1502 1757 liberum
1528 1727 1676 1756 arbitrium
1706 1727 1808 1755 ιἰιιίιισιῖ
1829 1731 1934 1764 potest,
1956 1728 2022 1764 quia
2043 1730 2118 1756 amat

1267 1775 1373 1812 aliquid
1397 1775 1468 1803 infra
1489 1783 1533 1809 se,
1555 1778 1651 1811 utpote
1667 1774 1751 1802 vitam
1768 1773 1963 1811 temporalem,
1980 1773 2024 1802 vel
2039 1773 2116 1802 aliud

1268 1822 1426 1856 consimile,
1449 1821 1525 1859 quod
1547 1824 1637 1858 potest
1663 1830 1747 1858 agens
1770 1824 1895 1850 creatum
1918 1820 2045 1849 conferre
2074 1820 2118 1849 vel

1267 1869 1387 1897 auferre.

1347 1915 1437 1944 Potest
1459 1915 1541 1943 etiam
1564 1914 1703 1951 impediri
1724 1918 1839 1952 propter
1861 1914 2067 1943 inclinationem
2090 1918 2117 1943 et

1268 1962 1490 1991 coniunctionem
1506 1962 1548 1990 sni
1565 1961 1600 1990 ad
1616 1964 1745 1989 naturam
1763 1960 1936 1998 corporalem
1946 1984 1953 1995 ,
1968 1968 2040 1997 quae
2054 1960 2117 1989 sub-

1268 2013 1309 2038 est
1324 2009 1420 2037 virtuti
1437 2012 1583 2037 creaturae
1594 2008 1616 2043 ⁷3
1631 2008 1707 2036 unde
1723 2008 1792 2036 bene
1808 2011 1900 2045 posset
1914 2007 2015 2044 aliquis
2030 2007 2117 2035 alium

1268 2058 1305 2085 ita
1328 2057 1453 2089 laedere
1476 2056 1550 2093 quod
1573 2064 1655 2085 ιι5ι1ιιι
1680 2055 1759 2083 liberi
1781 2055 1889 2083 wibitrii
1911 2050 2066 2089 amittere‘t3
2082 2062 2117 2083 ex

1268 2104 1320 2132 hoc
1342 2107 1433 2131 tamen
1460 2103 1579 2131 liberum
1609 2102 1757 2130 arbitrium
1780 2110 1833 2130 non
1856 2105 1975 2139 σοιμηθῑ.
2000 2101 2222 2130 Coctccz‘ooiuerunte

1269 2151 1341 2178 enim
1365 2150 1441 2186 ponit
1464 2149 1543 2177 liberi
1566 2149 1673 2177 arbitrii
1697 2152 1790 2177 ictum
1813 2152 1840 2177 et
1862 2156 1961 2178 usum:
1983 2148 2031 2177 sed
2048 2148 2119 2186 liqa-
2131 2133 2222 2157 ehmped

1270 2196 1307 2224 tio
1330 2196 1373 2224 vel
1396 2196 1539 2233 impeditio
1562 2195 1640 2224 tollit.
1665 2196 1695 2224 Et
1719 2196 1829 2227 iterum,
1854 2195 2000 2232 impeditio
2022 2203 2119 2232 prove-

1269 2243 1329 2271 nire
1351 2246 1440 2280 potest
1461 2243 1496 2271 ab
1518 2243 1658 2275 inferiori„
1687 2243 1798 2271 coactio
1827 2243 1975 2279 provenire
2000 2242 2082 2270 babet
2103 2250 2118 2270 a

1270 2290 1416 2326 superiori.
1439 2307 1477 2310 —
1498 2290 1527 2318 Et
1548 2290 1613 2318 hinc
1635 2293 1691 2323 est,
1713 2290 1787 2326 qnod
1810 2289 1930 2318 liberum
1953 2289 2117 2322 arbitrium.

1270 2337 1319 2366 etsi
1342 2337 1429 2373 possit
1450 2337 1553 2365 influet
1573 2337 1608 2365 ab
1630 2340 1728 2373 agente
1747 2340 1839 2365 creato
1860 2337 1965 2365 ratione
1987 2336 2051 2364 boni
2073 2343 2119 2364 ex-

1272 2384 1380 2413 ter‘mris
1395 2384 1488 2417 amati,
1501 2388 1527 2413 et
1542 2384 1629 2421 possit
1644 2383 1783 2420 impediri
1798 2383 1903 2412 ratione
1919 2383 2043 2419 corporis
2059 2391 2120 2411 con-

1270 2431 1372 2465 iuncti7
1394 2439 1446 2459 non
1470 2434 1559 2468 potest
1581 2430 1646 2468 0092?
1667 2434 1794 2467 respectu
1817 2433 1896 2459 actus
1916 2430 2030 2467 proprii.
2046 2430 2119 2458 Hanc
2133 2438 2225 2457 Notandun

1270 2478 1343 2506 enim
1373 2478 1556 2515 (lignitatem8
1578 2478 1662 2506 habet
1684 2478 1802 2506 liberum
1825 2478 1990 2511 arbitrium,
2017 2481 2062 2511 ut,
2091 2477 2119 2505 in

1270 2528 1405 2562 quantum
1430 2525 1565 2559 liberum,
1588 2525 1637 2553 soli
1661 2525 1716 2553 Deo
1739 2525 1773 2553 sit
1794 2524 1970 2558 sul)iectnm;
1992 2528 2019 2553 et
2040 2524 2119 2561 quia,

2164 1922 2220 1941 Proba
2229 1928 2230 1931 ¹

2126 1946 2220 1965 membran

431 2719 437 2733 ¹
456 2719 499 2742 Cl'r.
517 2726 585 2747 supra
605 2726 656 2747 pag.
676 2720 727 2747 301,
746 2724 797 2741 nola
814 2720 834 2741 3,

429 2758 437 2771 '²
456 2758 509 2786 Cap.
529 2759 548 2780 3.
568 2765 588 2780 ιι.
607 2759 632 2780 G:
656 2759 705 2780 Sola
725 2765 781 2786 crgo
799 2759 916 2785 voluntas,
935 2759 1043 2786 quomam
1068 2763 1109 2785 pro
1128 2758 1162 2779 sui
1181 2758 1213 2778 in-

369 2798 441 2824 genim
460 2797 561 2820 libertate
564 2815 600 2820 .....
620 2799 678 2820 nulla
697 2799 727 2825 vi,
746 2798 805 2820 nulla
824 2802 865 2820 ete.

431 2835 439 2849 ³
458 2836 521 2858 Vers.
540 2836 575 2858 24.

432 2873 440 2887 ⁴
459 2874 518 2900 Vnt..
536 2874 571 2896 bis
587 2875 709 2897 substituto
727 2881 780 2897 cnm
797 2875 849 2897 edd.
868 2876 894 2903 3,
914 2875 926 2897 -ἱ
944 2874 1152 2898 comminutionem.
1171 2880 1213 2902 pro

371 2911 557 2940 ίιιίιίιῖαίιίζιιιιίιι,
583 2920 634 2935 enm
657 2914 764 2936 omnibus
782 2915 834 2936 cdd.
859 2916 941 2937 omittit
964 2914 1034 2936 xcrba
1053 2913 1211 2943 (luipoldus...

371 2949 474 2979 diffiteri,
497 2954 519 2972 et
541 2952 642 2973 ultimam
668 2959 715 2980 arg.
740 2954 918 2980 propositionem
943 2955 975 2975 sic
998 2953 1101 2975 exbibet:
1125 2958 1180 2981 erqo
1197 2958 1213 2973 st

371 2988 440 3010 malla.
456 2990 567 3011 creatura
582 2991 656 3018 potest
672 2991 784 3020 compelli.

1333 2718 1342 2732 ⁵
1360 2718 1391 2739 De
1410 2718 1451 2739 liac
1469 2717 1589 2745 Augustini
1608 2717 1717 2739 sententia
1736 2715 1789 2737 vide
1802 2721 1871 2743 supra
1890 2721 1942 2744 pag.
1957 2716 2009 2742 611,
2028 2718 2079 2737 notu
2099 2716 2120 2737 2·

1271 2769 1301 2772 —
1318 2757 1340 2778 ln
1359 2757 1471 2784 principio
1489 2763 1537 2784 arg.
1557 2758 1608 2783 post
1630 2756 1686 2778 [lem.
1704 2755 1753 2777 Vat.
1773 2755 1885 2777 interserit
1902 2754 1933 2783 Sl,
1960 2754 2023 2783 quod
2041 2755 2116 2776 omisi-

1271 2801 1322 2817 mus
1340 2796 1472 2817 auctoritate
1490 2795 1556 2817 codd.
1576 2794 1625 2816 Faa
1639 2800 1664 2816 cc
1676 2800 1702 2814 ee
1719 2798 1740 2816 ct
1758 2794 1794 2815 cd.
1818 2794 1834 2821 ly
1852 2797 1873 2815 ct
1890 2794 1912 2815 in
1932 2793 1975 2815 fine
1993 2799 2041 2820 arg.
2067 2792 2119 2815 sub-

1271 2835 1341 2857 stituit
1358 2834 1390 2856 ml
1406 2833 1507 2856 hominis
1525 2840 1567 2861 pro
1586 2833 1609 2856 ίη
1626 2832 1737 2855 hominis.

1333 2873 1341 2887 ὃ
1361 2874 1408 2895 Vas.
1428 2879 1481 2895 enm
1499 2872 1549 2895 cod.
1568 2878 1593 2894 ee
1611 2876 1632 2894 et
1650 2872 1698 2894 aliis
1716 2872 1795 2900 paucis
1813 2871 1917 2901 quando.

1334 2912 1342 2926 Τ
1360 2913 1404 2934 tlsi'.
1423 2912 1479 2934 infru
1498 2918 1519 2940 q.
1539 2912 1559 2933 ss.

1333 2950 1342 2965 S
1359 2951 1413 2973 ιῖιιιΙ.
1434 2952 1451 2973 V
1470 2951 1533 2973 addit
1552 2949 1674 2972 libertatis.
