2243 3425
223 1211 279 1234 Argg.
295 1216 328 1235 pro

212 1237 265 1261 parte
280 1235 329 1253 affir-

212 1260 286 1277 mativa.

342 207 398 236 684

338 284 455 314 pz'nquam
475 292 486 304 α
498 290 540 312 per
557 283 684 311 appetitum
701 287 741 303 seu
760 280 900 303 desiderium
922 286 963 302 seu
985 285 1123 302 consensum
1136 285 1188 307 gra-

340 325 396 351 tiae;
414 325 435 345 et
453 323 489 345 tali
508 328 552 344 non
569 325 643 350 potest
660 327 685 343 se
703 321 772 342 bomo
790 326 831 348 per
851 325 877 341 se
897 319 1020 347 disponere
1043 320 1091 341 sine
1114 319 1187 347 gratia

341 363 411 391 gratis
423 361 474 384 data
486 370 507 382 ιι.
520 360 582 383 idem
594 360 677 382 docent
688 358 794 381 Richard.
809 364 821 380 a
834 357 891 380 Med.
905 358 951 386 (hic
962 364 982 380 a.
994 358 1013 379 1.
1025 364 1047 386 q.
1059 358 1089 386 2.)
1103 357 1186 386 aliique

343 402 429 430 antiqui
446 401 561 428 magistri3
580 398 643 428 quod
661 397 789 420 secundum
811 397 938 419 doctrinam
957 397 1027 420 nostri
1044 396 1148 419 Doctoris
1164 397 1186 418 in

341 440 406 463 solut.
425 439 453 462 ad
472 439 492 461 4.
506 437 668 467 exponendum
684 440 724 459 est.
742 437 764 459 S.
783 437 865 459 Thom.
882 437 905 458 in
921 435 1048 459 Comment.
1068 435 1118 462 (bic
1130 442 1142 458 a
1155 435 1185 464 4.)

340 479 455 509 quaedam
473 478 571 501 obscura
588 477 685 505 profert,
708 482 767 505 quae
785 477 834 504 ipse
851 475 914 504 alibi,
933 478 955 498 et
972 476 1107 504 praesertim
1124 476 1146 497 in
1164 475 1186 497 S.

340 519 354 540 l.
372 518 395 540 11.
414 524 435 546 q.
459 518 506 539 109.
525 523 537 539 a
555 517 568 538 6
580 534 585 544 ,
603 516 715 543 declarat,
738 523 748 535 α
760 515 819 537 dicta
838 521 879 537 sua
896 515 919 536 in
936 514 959 536 11.
978 515 1038 537 Seni.
1063 514 1093 537 ad
1110 514 1189 536 melio-

340 563 390 580 rem
407 562 500 579 sensum
513 555 626 578 reducens
639 553 777 577 declarando
794 558 816 577 et
832 553 959 576 addendo»
976 553 1019 580 (ita
1032 552 1152 576 Caietanus
1165 553 1187 575 ln

341 597 417 618 locum
435 596 489 623 cit.).
507 594 553 617 Sed
574 593 676 616 Durand.
695 593 745 622 (liic
767 600 788 622 q.
807 593 838 621 5.)
856 593 950 615 omnino
973 591 1125 620 corrigendus
1142 594 1186 619 est,

340 635 380 663 qui
397 633 464 661 dicit,
481 633 545 662 quod
562 633 661 662 speciale
678 632 818 655 adiutorium
835 634 858 654 et
873 631 1006 654 immediata
1023 632 1093 653 motio
1111 637 1124 653 a
1140 631 1187 653 Deo

340 680 386 697 non
403 674 544 703 requiratur,
563 675 584 695 et
601 671 665 702 quod
676 671 764 694 bonum
782 670 873 694 morale
886 672 932 693 iam
950 669 1035 693 babeat
1045 670 1073 693 ad
1091 671 1188 699 gratiam

1019 201 1271 231 SENTENTIARUM
1294 200 1353 230 LIB.
1376 200 1404 228 Il.

1246 278 1405 301 immediatum
1420 278 1532 301 ordinem.
1544 278 1651 300 Similiter
1668 277 1818 300 iudicandum
1831 277 1859 300 de
1871 276 1977 305 pluribus
1989 277 2092 299 Nomina·

1246 317 1313 340 libus.
1330 317 1402 339 Etiam
1420 317 1481 339 Scoti
1498 316 1570 339 verba
1588 316 1637 344 (IV.
1651 317 1711 339 Sent.
1725 316 1747 339 d.
1767 316 1802 338 14.
1815 323 1837 345 q.
1856 317 1877 338 2.
1890 322 1911 338 n.
1930 315 1977 344 14.)
1995 316 2093 344 explica-

1246 358 1307 379 tione
1318 359 1385 385 egent
1396 359 1419 379 et
1435 362 1447 378 a
1460 356 1537 378 multis
1554 358 1691 384 carpuntur,
1709 358 1734 378 ut
1745 355 1819 378 videri
1836 357 1911 383 potest
1923 354 1977 377 ibid.
1996 355 2018 377 in
2030 351 2093 377 sebo·

1246 397 1275 418 lio
1292 396 1322 418 ad
1338 395 1495 418 defensionem
1513 395 1562 418 eius
1574 395 1666 423 scripto.
1684 395 1707 416 In
1720 394 1816 417 Summa
1833 394 1892 417 Hier.
1907 400 1919 416 a
1936 394 2094 416 Montefortino

1247 435 1284 463 (p.
1303 435 1334 457 lll.
1353 441 1375 464 q.
1394 435 1445 457 109.
1464 440 1483 456 a.
1503 434 1534 462 6.)
1557 434 1683 456 afferuntur
1700 433 1759 456 dieta
1777 433 1848 461 Scoti,
1871 439 1930 462 quae
1948 439 1993 455 non
2011 432 2094 455 discor-

1247 473 1301 496 dant
1318 480 1330 496 a
1348 473 1451 496 doctrina
1465 473 1590 495 communi.

1311 512 1342 535 111.
1362 512 1451 535 Praeter
1469 511 1585 534 laudatos:
1602 511 1664 534 Alex.
1683 511 1738 540 Hah,
1761 511 1783 534 S.
1801 517 1824 540 p.
1842 511 1864 533 11.
1890 517 1911 540 q.
1930 510 1967 533 61.
1986 516 2016 533 m.
2035 510 2056 532 5.
2074 516 2094 532 a.

1247 553 1268 574 2.
1287 552 1307 574 3.
1321 565 1351 568 —-
1362 552 1383 574 S.
1398 552 1487 580 Tbom.‚
1501 551 1556 573 loce.
1575 551 1619 573 citt.
1638 553 1660 573 et
1671 551 1693 573 S.
1712 557 1731 573 e.
1743 551 1807 573 Gent.
1826 550 1856 573 111.
1870 556 1889 573 c.
1909 549 1965 578 149;
1984 549 2012 572 de
2025 549 2094 572 Verit.

1247 598 1268 621 (1.
1287 591 1323 614 24.
1342 597 1361 614 a.
1382 591 1416 613 15.
1434 603 1463 606 -
1480 589 1554 619 AEgid.
1573 590 1606 618 R„
1625 590 1661 612 bic
1678 596 1699 619 q.
1726 590 1745 612 1.
1770 596 1790 612 a.
1808 590 1828 612 3.
1847 601 1878 606 —
1895 589 1988 617 Dionys.
2012 588 2095 618 Carth.‚

1247 631 1284 653 bic
1302 637 1323 660 q.
1342 631 1362 653 2.

1111 785 1274 822 QUAESTIO
1296 785 1324 813 11.

506 887 612 916 Utrum
634 886 758 915 liberum
780 885 952 919 arbitrium,
971 885 1052 913 oraui
1070 884 1173 921 qratia
1192 884 1371 917 destitutam,
1392 883 1485 920 possit
1502 882 1596 912 alicui
1614 882 1766 911 tentationi
1783 882 1926 911 resistere.

420 1008 546 1037 Secundo
575 1007 734 1045 quaeritur,
758 1010 853 1036 utrum
877 1006 999 1035 liberum
1020 1005 1190 1039 arbitrium,

341 1056 414 1085 omni
438 1055 527 1092 gratia
548 1055 723 1088 destitutum,
745 1054 832 1091 possit
853 1053 937 1082 alicui
959 1053 1103 1082 tentationi
1125 1052 1191 1081 resi-

341 1106 421 1133 stere.
445 1103 475 1131 Et
496 1102 571 1140 quod
594 1102 644 1136 sic,
667 1101 787 1130 videtur.

422 1151 446 1178 1.
469 1148 619 1186 Gregorius
634 1149 661 1177 in
682 1147 865 1177 Moralibus¹z
887 1147 1016 1176 «Debilis
1035 1150 1076 1177 est
1090 1147 1190 1182 hostis,

342 1198 389 1236 qui
404 1206 458 1226 non
480 1197 565 1226 vincit
579 1196 631 1225 nisi
654 1195 794 1224 volentem
806 1207 832 1223 n.
849 1195 902 1224 Sed
923 1195 999 1232 quod
1014 1195 1078 1232 quis
1096 1194 1192 1223 volun-

342 1246 411 1275 tarie
432 1245 508 1279 facit,
524 1247 615 1281 potest
636 1243 808 1272 nonfacere:
828 1251 895 1280 ergo
911 1243 932 1272 si
956 1242 1114 1271 voluntarie
1129 1241 1192 1279 quis

342 1292 477 1323 consentit
502 1291 678 1325 adversario,
700 1294 790 1328 potest
811 1290 894 1319 etiarn
923 1290 1013 1327 gratia
1041 1289 1192 1318 destitutus

342 1349 396 1370 000
419 1339 587 1371 consentire,
609 1346 641 1367 ac
661 1346 712 1375 per
734 1338 786 1367 hoc
809 1337 951 1366 tentationi
974 1337 1113 1366 resistere.

421 1388 447 1415 02.
470 1386 553 1421 Item,
575 1385 697 1414 liberum
718 1384 882 1419 arbitrium,
903 1384 979 1412 omni
1001 1384 1091 1421 gratia
1112 1383 1193 1412 desti-

344 1438 449 1469 tutum,
471 1434 564 1462 adbuc
586 1433 707 1462 liberum
723 1435 778 1467 est;
801 1432 822 1461 si
844 1431 965 1461 liberum
981 1434 1035 1466 est,
1057 1439 1124 1468 ergo
1139 1439 1193 1459 000

344 1485 434 1521 potest
455 1481 526 1518 cogi:
549 1488 616 1518 ergo
637 1483 728 1517 potest
749 1487 907 1516 repugnare
922 1478 1076 1508 diabolicae
1097 1486 1195 1516 sugge-

344 1530 442 1563 stioni;
463 1532 490 1557 et
511 1529 533 1557 si
555 1528 622 1556 hoc:
649 1535 715 1564 ergo
737 1529 764 1555 et
786 1526 916 1555 resistere
938 1534 992 1554 non
1015 1526 1107 1554 solum
1128 1526 1193 1560 uni,

345 1576 393 1606 sed
416 1575 498 1605 etiam
521 1575 595 1603 omni
617 1574 769 1603 tentationi.

425 1622 450 1651 3.
473 1622 556 1655 item,
582 1621 687 1650 bonum
714 1620 855 1658 potentius
876 1622 918 1648 est
943 1628 1027 1656 quam
1049 1619 1195 1656 quodlibet

346 1670 451 1699 malum
465 1668 490 1703 23
504 1669 553 1697 sed
569 1668 690 1697 liberum
709 1667 872 1701 arbitrium,
886 1667 961 1695 omni
977 1666 1067 1703 gratia
1081 1666 1195 1695 destitu-

345 1720 419 1751 tum,
441 1715 533 1744 adbuc
553 1715 637 1744 babet
655 1714 783 1743 naturale
802 1713 1015 1747 iudicatorium,
1033 1713 1108 1750 quod
1124 1713 1196 1742 inest

346 1765 370 1794 ei
392 1771 442 1801 per
465 1766 610 1791 naturam:
634 1769 700 1798 ergo
723 1769 787 1790 cum
810 1761 881 1790 illud
903 1761 938 1789 sit
959 1761 1080 1795 bonum,
1103 1763 1196 1798 poten-

346 1812 402 1840 tius
429 1814 471 1840 est
499 1812 525 1839 et
550 1812 664 1847 peccato
692 1812 720 1837 et
745 1808 969 1845 concupiscentia
990 1811 1017 1837 et
1046 1807 1195 1836 tentatione

347 1858 483 1888 diabolica
503 1857 653 1886 inclinante
674 1856 709 1884 ad
733 1855 854 1889 malum3
876 1858 903 1884 et
925 1855 946 1884 si
970 1855 1036 1884 boc:
1062 1863 1129 1892 ergo
1151 1862 1196 1892 po-

346 1908 401 1935 test
421 1913 475 1933 000
498 1904 588 1933 solum
607 1903 671 1938 uni,
694 1903 741 1932 sed
764 1903 848 1932 etiam
863 1902 977 1932 cuilibet
998 1902 1141 1931 tentationi
1157 1909 1197 1930 re-

347 1952 453 1981 sistere.

426 1999 453 2026 [ι.
476 1998 559 2031 item,
581 2005 644 2026 cum
668 1997 702 2026 sit
729 1996 860 2034 «triplex
876 2004 970 2033 posse,
994 1996 1122 2025 videlicet
1138 2004 1197 2033 gra-

348 2046 417 2080 tiae,
439 2048 556 2074 naturae
585 2048 612 2073 et
638 2044 738 2077 vitii»,
764 2043 919 2073 secundum
942 2043 1018 2080 quod
1043 2043 1146 2072 dicitur
1169 2043 1196 2071 in

348 2093 458 2125 Glossa,
473 2093 508 2121 ad
531 2093 668 2121 Romanos
697 2092 814 2128 septimo
830 2090 856 2125 ³,
875 2099 960 2128 posse
988 2090 1093 2128 gratiae
1119 2090 1197 2119 addit

347 2148 434 2177 supra
453 2148 536 2177 posse
557 2142 686 2172 naturae,
708 2138 757 2167 sed
775 2146 860 2175 posse
881 2137 939 2166 vitii
961 2137 1106 2166 diminuit:
1130 2145 1196 2174 ergo

345 2196 428 2225 posse
449 2191 566 2216 naturae
585 2190 626 2215 est
641 2194 727 2223 supra
745 2194 830 2222 posse
848 2185 919 2213 vitii:
935 2192 1002 2221 ergo
1024 2185 1197 2213 circumscri—

347 2238 394 2272 pta
415 2234 490 2263 omni
513 2234 617 2271 gratia,
639 2236 769 2261 manente
791 2232 849 2261 sola
870 2232 991 2261 naturali
1010 2231 1145 2269 potentia,
1161 2231 1198 2259 vi-

348 2281 440 2315 detur,
462 2281 537 2318 quod
560 2280 680 2309 liberum
702 2279 852 2308 arbitrium
874 2279 1005 2308 resistere
1023 2279 1110 2316 possit
1131 2278 1197 2306 vitio

348 2328 508 2366 impellenti.

429 2376 454 2403 ὃ.
471 2375 551 2409 Item,
568 2375 639 2403 sicut
654 2374 773 2402 liberum
790 2373 939 2402 arbitrium
962 2373 1089 2402 vertibile
1105 2375 1147 2402 est
1162 2373 1197 2401 ad

350 2422 468 2454 malum,
491 2422 528 2450 ita
550 2421 691 2459 quaelibet
712 2424 842 2449 creatura
864 2419 1001 2449 vertibilis
1022 2423 1064 2449 est
1086 2420 1112 2448 in
1128 2428 1198 2448 uon-

412 2578 418 2592 1
438 2579 497 2601 Libr.
517 2579 543 2600 V.
557 2585 575 2601 c.
589 2579 625 2601 22.
640 2585 660 2600 n.
674 2578 709 2600 43.
724 2578 800 2600 Verba
818 2579 890 2606 ipsius
907 2578 960 2600 vide
978 2585 1048 2606 supra
1067 2585 1119 2606 pag.
1146 2578 1198 2605 170,

352 2620 402 2639 nota
421 2618 441 2640 2.
461 2630 490 2633 —
508 2618 576 2640 Paulo
594 2619 701 2646 superius
718 2624 760 2645 pro
785 2616 858 2646 possit
884 2618 971 2645 primae
989 2617 1041 2639 cdd.
1060 2623 1113 2640 eum
1132 2617 1198 2639 codd.

353 2657 395 2678 ΓΚ
407 2657 424 2678 Τ
443 2663 468 2678 cc
485 2663 510 2678 0(-
526 2659 548 2678 ot
565 2657 613 2679 aliis
629 2658 712 2686 posset.

415 2695 423 2709 ‘³
441 2696 541 2723 Dionys„
560 2696 587 2718 de
605 2696 656 2718 Div.
674 2695 738 2717 Nom.
758 2702 775 2717 c.
793 2695 812 2717 4.
826 2695 839 2724 [⁴
852 2696 881 2718 32
892 2702 898 2718 τ
910 2696 977 2724 Quod
990 2697 1051 2718 enim
1064 2697 1126 2718 omni
1139 2695 1200 2718 bono

353 2739 433 2760 expers
452 2740 525 2762 neque
543 2737 577 2756 est
595 2734 650 2762 quid
673 2741 747 2762 neque
766 2737 846 2762 potest.
870 2735 958 2757 Etenim
981 2736 998 2757 si
1023 2734 1111 2757 bonum
1133 2737 1154 2757 et
1176 2731 1200 2755 ὃν

355 2771 478 2799 [existens]
502 2776 533 2794 051
558 2775 579 2794 ct
604 2773 768 2795 consultorium
795 2777 816 2795 et
842 2772 900 2795 benc
926 2776 1007 2800 potens
1032 2776 1054 2795 ct
1079 2773 1199 2801 activum,

354 2810 470 2837 quomodo
490 2812 572 2838 poterit
589 2811 645 2839 quid
663 2812 802 2833 contrarium
820 2811 881 2834 bono
898 2816 920 2834 et.
941 2812 1066 2834 substantia
1079 2815 1101 2834 et
1113 2813 1200 2840 sapien·

356 2848 382 2869 tia
401 2852 422 2870 01
440 2849 521 2870 virtute
534 2852 556 2871 ct
567 2850 699 2877 operatione
717 2851 851 2877 privatum?
865 2851 1002 2879 (Translatio
1015 2852 1075 2874 scoti
1092 2851 1200 2879 lifigen).

418 2885 427 2899 ³
445 2887 507 2908 Vri-s.
531 2888 555 2909 155
576 2901 597 2903 —
615 2889 636 2910 ln
654 2889 746 2916 1110550,
760 2892 782 2911 ct
796 2896 807 2911 a
827 2890 891 2912 Petro
905 2890 1036 2912 Loinbardo
1048 2894 1070 2913 et
1081 2897 1093 2912 a
1111 2890 1200 2918 Lyrano

358 2923 422 2946 nobis
441 2925 530 2952 tradita„
549 2928 581 2948 sic
598 2927 694 2954 legitur:
715 2935 725 2948 α
740 2928 776 2950 Est
793 2930 854 2950 cnim
871 2930 951 2957 triplex
963 2929 1033 2957 velley
1048 2930 1131 2952 scilicet
1144 2928 1201 2952 velle

358 2967 461 2990 naturus),
481 2964 537 2987 celle
555 2967 650 2992 gratiae,
666 2966 721 2988 cells·
734 2968 780 2988 vitii
795 2977 814 2989 υ.
830 2968 851 2989 10
865 2969 930 2991 solut.
944 2970 1012 2991 ctiam
1026 2969 1093 2992 codd.
1106 2972 1128 2991 et
1140 2969 1200 2995 edd„

357 3005 448 3029 excepta
467 3003 492 3027 3,
510 3003 615 3026 exhibent
635 3004 696 3027 colle.

1249 1013 1309 1033 esse
1324 1005 1353 1039 ⁴;
1377 1005 1427 1034 sed
1457 1005 1561 1034 multae
1585 1007 1730 1033 creaturae
1759 1007 1961 1033 conservantur
1986 1004 2014 1032 in
2041 1012 2100 1033 esse

1251 1053 1309 1081 sine
1331 1052 1425 1090 aliqua
1439 1052 1529 1089 gratia
1550 1051 1636 1089 gratis
1651 1051 1715 1080 data
1737 1059 1787 1089 per
1802 1051 1943 1080 naturalia
1963 1051 2101 1089 principia

1250 1102 1277 1128 et
1299 1099 1423 1129 divinam
1445 1099 1646 1136 praesentiam:
1673 1107 1740 1136 ergo
1764 1099 1825 1136 pari
1847 1099 1954 1127 ratione
1979 1098 2100 1132 videtur,

1251 1147 1325 1184 quod
1347 1155 1398 1184 per
1414 1146 1534 1175 liberum
1557 1146 1720 1180 arbitrium,
1735 1146 1825 1183 gratia
1847 1146 2025 1180 destitutum,
2040 1154 2102 1183 pro-

1250 1194 1312 1231 pria
1333 1194 1437 1222 virtute
1459 1193 1565 1231 absque
1586 1193 1681 1230 aliquo
1703 1193 1776 1222 dono
1798 1193 1904 1231 gratiae
1919 1200 2006 1230 supra
2020 1200 2102 1230 appo-

1251 1242 1303 1270 sito
1325 1241 1412 1279 possit
1433 1240 1534 1278 aliquis
1555 1248 1652 1269 casum
1674 1241 1702 1269 in
1723 1243 1869 1277 peccatum
1890 1240 2022 1277 effugere.

1333 1289 1358 1317 6.
1380 1288 1460 1322 Item,
1485 1298 1497 1314 «
1513 1288 1663 1317 daemones
1678 1287 1781 1316 babent
1803 1288 1853 1316 sibi
1870 1287 1935 1316 data
1953 1287 2061 1324 integra
2075 1289 2103 1316 et

1252 1336 1478 1374 splendidissima
1491 1335 1500 1348 ⁵
1516 1346 1542 1370 »,
1564 1343 1632 1372 ergo
1649 1335 1742 1370 ⁴multo
1766 1335 1866 1364 fortius
1887 1334 2009 1363 liberum
2030 1334 2104 1363 arbi-

1251 1383 1338 1412 trium
1360 1382 1482 1412 hominis
1501 1382 1586 1419 lapsi,
1608 1382 1657 1411 sed
1680 1382 1801 1411 liberum
1825 1382 1975 1411 arbitrium
1990 1389 2044 1410 non
2068 1380 2104 1409 la-

1252 1438 1335 1468 psum
1351 1437 1402 1467 per
1416 1437 1445 1458 se
1461 1432 1569 1467 poterat
1583 1429 1727 1458 tentationi
1739 1429 1881 1459 resistere:
1898 1437 1965 1467 ergo
1987 1430 2047 1467 pari
2064 1437 2105 1458 ra-

1252 1477 1326 1506 tione
1348 1477 1469 1510 videtur,
1495 1476 1571 1514 quod
1599 1476 1721 1505 liberum
1742 1476 1891 1505 arbitrium
1918 1476 2028 1514 lapsum
2051 1477 2104 1506 boc

1252 1525 1352 1561 possit,
1373 1524 1457 1553 etiam
1480 1524 1503 1552 si
1518 1523 1553 1552 sit
1575 1523 1650 1552 omni
1673 1523 1763 1560 gratia
1778 1523 1953 1552 destitutum.
1976 1523 2010 1552 Sz'
2028 1522 2105 1560 forte

1254 1575 1285 1600 tu
1307 1571 1404 1605 dicas,
1427 1571 1503 1608 quod
1524 1571 1575 1600 etsi
1598 1570 1633 1600 sit
1656 1570 1798 1607 integrum
1816 1573 1955 1608 quantum
1969 1570 2005 1599 ad
2027 1573 2105 1599 natu-

1253 1626 1313 1647 ram
1336 1618 1490 1656 potentiae,
1512 1617 1687 1646 infirmatum
1709 1621 1801 1647 tamen
1822 1621 1864 1647 est
1885 1621 1912 1646 et
1933 1617 2105 1647 diminutum

1253 1669 1391 1703 quantum
1406 1665 1442 1694 ad
1464 1665 1637 1694 habilitatem
1654 1668 1884 1703 consequentem,
1906 1665 1976 1694 adeo
1997 1668 2030 1694 ut
2050 1673 2105 1694 non

1254 1713 1341 1750 possit
1362 1713 1509 1747 resistere3
1532 1716 1600 1741 ame
1628 1721 1678 1750 eqo
1701 1721 1828 1751 quaero.-
1858 1716 1908 1742 aut
1925 1716 2034 1750 potest,
2057 1715 2106 1741 aut

1253 1768 1312 1788 iton
1330 1763 1430 1797 potest.
1453 1760 1479 1788 Si
1500 1763 1604 1796 potest,
1627 1760 1717 1788 babeo
1736 1760 1919 1797 propositum.
1939 1760 1965 1788 Si
1987 1769 2045 1789 uon
2057 1768 2106 1798 po-

1255 1811 1321 1840 test;
1342 1810 1369 1835 et
1384 1806 1480 1835 nullus
1495 1811 1537 1835 est
1552 1807 1740 1844 inculpandus
1756 1807 1782 1836 in
1805 1815 1837 1836 eo
1853 1807 1928 1845 quod
1947 1807 2035 1836 vitare
2050 1815 2105 1836 non

1254 1854 1379 1891 potestss:
1403 1861 1470 1891 ergo
1491 1857 1540 1883 aut
1562 1854 1683 1883 liberum
1705 1854 1854 1883 arbitrium
1874 1862 1927 1883 non
1950 1854 2106 1884 resistendo

1255 1901 1399 1930 tentationi
1421 1909 1476 1929 000
1502 1905 1645 1938 peccaret,
1671 1904 1720 1930 aut
1745 1901 1771 1930 in
1794 1901 1935 1939 peccando
1957 1910 2010 1930 000
2034 1905 2107 1931 esset

1255 1948 1450 1986 vituperabile.
1473 1948 1526 1977 Sed
1548 1952 1702 1986 utrumque
1728 1949 1831 1978 horum
1852 1952 1894 1978 est
1919 1948 2105 1986 impossibile:

1255 2004 1322 2033 ergo
1348 1998 1434 2024 restat
1459 1995 1596 2030 alterum,
1624 1995 1727 2025 scilicet
1753 1996 1829 2033 quod
1855 1996 1942 2033 possit
1964 1997 2106 2025 tentationi

1255 2043 1393 2072 resistere.

1334 2090 1387 2118 SED
1405 2098 1527 2119 CONTRA:
1544 2091 1568 2118 l.
1584 2090 1711 2119 Matthaei
1729 2092 1837 2119 sexto⁷z
1858 2091 1894 2119 Et
1907 2100 1942 2119 ite
1956 2099 2008 2119 uos
2024 2091 2107 2120 indus-

1255 2147 1307 2167 eas
1322 2138 1353 2166 tu
1369 2138 1568 2172 tentationem,
1584 2137 1687 2166 dicitur
1702 2138 1728 2166 in
1746 2138 1870 2167 oratione
1890 2138 2041 2173 dominica,
2058 2139 2107 2168 sed

1256 2186 1352 2215 nullus
1367 2185 1402 2214 ab
1417 2185 1505 2214 altero
1520 2185 1642 2222 postulat
1655 2185 1731 2222 quod
1747 2188 1837 2222 potest
1852 2193 1901 2223 per
1917 2193 1946 2214 se
1961 2186 2067 2223 ipsum:
2084 2186 2104 2215 si

1255 2241 1322 2269 ergo
1344 2232 1427 2261 homo
1446 2232 1497 2260 boc
1519 2233 1658 2269 sapienter
1677 2232 1746 2269 petit
1763 2240 1780 2261 a
1800 2232 1869 2267 Dee,
1888 2232 2008 2267 videtur,
2031 2233 2107 2270 quod

1257 2279 1308 2307 boc
1327 2286 1380 2307 non
1401 2279 1487 2315 possit
1508 2279 1592 2307 bomo
1614 2287 1664 2316 per
1687 2279 1807 2308 liberum
1829 2279 1978 2308 arbitrium
2000 2280 2107 2317 absque

1256 2325 1350 2363 aliquo
1372 2325 1444 2354 dono
1467 2326 1596 2363 gratuito.

1336 2374 1361 2401 2.
1378 2372 1453 2407 Item,
1469 2373 1648 2410 Augustinus,
1661 2373 1796 2402 definiens
1812 2373 1934 2403 liberum
1949 2373 2108 2409 arbitrium,

1257 2420 1329 2448 sicut
1352 2419 1478 2448 habitum
1502 2422 1543 2448 est
1565 2427 1651 2457 supra
1674 2420 1850 2450 distinetione
1872 2420 2006 2458 vigesima
2028 2428 2110 2458 quar·

1321 2578 1329 2591 ⁴
1347 2577 1390 2600 Ct‘r.
1410 2578 1525 2605 Damaso,
1545 2578 1566 2599 11.
1586 2578 1614 2600 de
1632 2577 1685 2599 Fide
1702 2577 1793 2599 orthod.
1811 2583 1829 2599 c.
1849 2577 1890 2604 Ξῖ,
1909 2577 1948 2599 ubi
1966 2580 2058 2600 sanctus
2071 2583 2110 2600 au-

1258 2619 1306 2639 ctor
1324 2618 1405 2645 repetit
1423 2617 1485 2645 quod
1503 2617 1630 2644 Nemesius,
1657 2617 1781 2644 episcopus
1802 2616 1940 2643 Emesenus,
1959 2617 1980 2638 in
1999 2616 2057 2638 libro
2080 2616 2109 2639 de

1258 2656 1340 2679 Natura
1360 2656 1470 2684 hominis,
1496 2662 1516 2678 c.
1535 2655 1571 2678 41.
1591 2655 1674 2678 docuit.
1695 2668 1723 2671 —
1742 2656 1811 2677 Paulo
1830 2655 1924 2678 inferius
1941 2661 1983 2683 pro
1998 2661 2110 2685 praesen-

1259 2694 1314 2718 tiam
1334 2695 1384 2717 Vnt.
1400 2694 1537 2724 potentiam.
1555 2694 1600 2717 Cfr.
1618 2695 1675 2717 infra
1694 2694 1714 2716 d.
1735 2694 1771 2716 37.
1789 2700 1808 2716 a.
1832 2695 1848 2716 1.
1868 2701 1888 2723 q.
1908 2695 1928 2722 2,
1947 2697 1969 2716 ct
1985 2695 1998 2716 l.
2012 2695 2072 2717 Seni.
2086 2694 2107 2717 d.

1259 2734 1295 2756 37.
1314 2740 1336 2761 p.
1356 2734 1370 2755 l.
1389 2741 1408 2755 a.
1431 2734 1447 2755 1.
1467 2740 1488 2762 q.
1511 2734 1528 2755 1.

1323 2773 1332 2787 5
1348 2773 1453 2801 Dionys„
1472 2773 1500 2795 de
1518 2773 1568 2795 Div.
1586 2773 1651 2795 Noni.
1670 2778 1688 2795 c.
1708 2772 1728 2794 4.
1741 2773 1754 2801 'j
1767 2772 1803 2794 23.
1822 2772 1880 2795 Vide
1899 2779 1968 2800 supra
1986 2779 2039 2801 pag.
2057 2773 2108 2801 tea,

1260 2816 1311 2835 nota
1330 2813 1350 2834 S.
1369 2813 1391 2834 10
1410 2813 1453 2834 hoc
1471 2815 1531 2834 textu
1550 2812 1600 2835 Vat.
1618 2816 1640 2834 et
1657 2812 1693 2834 cd.
1713 2811 1725 2833 4
1745 2813 1795 2834 voci
1814 2811 1905 2841 intem-cz
1931 2812 2019 2834 addunt
2042 2813 2109 2834 nulu-

1259 2851 1330 2875 ralia.
1348 2865 1379 2867 —
1396 2852 1445 2874 Mox
1463 2858 1505 2880 pro
1522 2857 1569 2875 non
1589 2851 1682 2881 lapsum
1701 2852 1768 2874 codd.
1787 2851 1802 2873 F
1813 2851 1831 2873 Y
1848 2852 1903 2874 ante
1921 2851 2022 2880 lapsum..

1323 2891 1332 2905 θ
1350 2891 1377 2913 Ut
1394 2891 1448 2913 dicit
1473 2893 1583 2919 August,
1606 2891 1636 2913 111.
1659 2891 1687 2913 de
1705 2890 1753 2913 Lib.
1772 2890 1826 2913 Arb.
1845 2896 1863 2913 c.
1887 2890 1918 2912 18.
1938 2897 1958 2912 n.
1978 2890 2014 2912 50.
2033 2890 2109 2912 Verba

1260 2931 1308 2957 ipsa
1327 2930 1381 2953 vide
1398 2937 1467 2958 supra
1496 2936 1548 2958 pag.
1572 2930 1628 2958 556,
1648 2934 1699 2953 nota
1718 2931 1738 2952 2.
1756 2942 1787 2946 -
1804 2930 1925 2958 Aliquanto
1942 2931 2050 2957 superius
2067 2935 2109 2957 pro

1259 2968 1375 2997 potentiae
1395 2970 1442 2991 Vat.
1462 2976 1514 2991 rum
1532 2969 1567 2991 cd.
1587 2969 1597 2991 4
1617 2969 1784 2998 potentiarum.

1323 3008 1332 3021 ⁷
1351 3009 1414 3030 Vei-s.
1438 3009 1470 3030 13.
1488 3021 1519 3025 -
1536 3009 1567 3031 De
1585 3008 1674 3031 minori
1691 3009 1730 3031 cfr.
1748 3014 1818 3036 supra
1837 3014 1889 3036 pag.
1908 3007 1959 3030 675.
1979 3010 2029 3029 nota
2049 3008 2068 3028 2.

2131 2099 2168 2118 Pro
2182 2104 2214 2124 par
2221 2118 2223 2122 ,

2120 2123 2209 2147 negativa.
2222 2138 2223 2154 ἦ
