2243 3425
0 506 64 526 indum.

0 2083 72 2100 {ment-³.

677 233 760 261 DIST.
784 233 884 261 XXVII.
905 233 978 261 ART.
1000 233 1030 261 ll.
1052 233 1188 270 QUAEST.
1211 234 1239 262 11.

81 311 125 339 alii
140 311 259 348 primam
276 311 407 347 gratiam,
423 311 587 345 dicendum,
603 311 677 348 quod
699 319 752 339 non
769 315 810 340 est
825 311 928 346 simile;

80 358 216 395 primum,
232 358 297 395 quia
312 358 402 395 gratia
424 358 449 387 in
467 359 527 387 viro
542 358 615 387 iusto
633 358 796 395 praecessit
810 359 928 395 gratiam

80 405 279 433 infundendam
302 405 363 434 viro
378 405 532 442 peccatori,
554 413 624 434 usus
639 405 753 433 auteml
777 405 881 442 gratiae
901 405 928 433 in

80 452 176 480 eodem
192 452 305 481 homine
326 452 409 490 sequi
422 452 506 480 habet
528 452 621 488 ipsum
637 452 741 481 donum
765 453 927 488 gratuitum.

78 499 256 533 Praeterea,
279 507 343 528 cum
366 499 429 536 quis
451 502 576 528 meretur
597 499 643 527 alii
665 499 799 536 gratiam,
823 499 928 527 donum

80 546 183 583 gratiae
199 554 253 574 non
268 546 362 583 perdit
376 554 412 575 ex
427 546 480 575 hoc
493 546 629 574 rationem
642 546 780 583 matuta,
796 546 928 583 quoniam

79 594 149 622 ratio
161 594 292 631 yrcttztz'tz‘
305 594 459 622 attenditur
475 593 501 621 in
513 593 612 621 babitu
627 593 732 630 gratiae
749 593 775 621 in
787 601 930 630 compara-

79 641 152 669 tione
167 640 201 669 ad
224 648 288 669 eum
305 641 349 669 cui
372 640 464 669 datur.
481 640 747 677 Quantumcumque
768 643 863 668 autem
885 640 929 668 vir

79 688 169 716 iustus
184 690 244 716 oret
264 695 315 724 pro
329 690 487 724 peccatore,
503 687 577 724 quod
600 687 739 724 peccatori
755 687 838 715 detur
853 687 929 715 habi—

78 737 123 763 tus
138 737 249 772 gratum
266 734 382 769 faciens,
398 742 452 763 000
468 737 558 771 potest
572 742 633 763 esse
652 734 711 763 sine
727 735 849 771 gratuita
864 734 928 763 libe-

78 782 187 810 ralitate
209 782 319 810 divinae
342 781 558 810 misericordiae.
583 782 613 810 Et
628 781 690 810 ideo
712 790 767 809 non
787 781 927 818 sequitur,

78 829 152 866 quod
169 829 191 858 si
212 836 287 857 unus
308 829 354 857 alii
374 831 464 865 potest
486 828 588 857 mereri
612 828 730 865 gratiam
753 828 927 862 habendam,

78 876 153 913 quod
169 876 228 913 ipse
242 876 329 913 possit
344 876 396 905 sibi
417 875 519 904 mereri
535 876 653 912 gratiam
674 875 729 904 iam
745 875 877 904 habitam.
889 892 928 896 —

79 923 158 960 Quod
173 926 266 951 autem
283 923 398 958 dicitur,
414 923 489 960 quod
511 922 576 960 plus
591 922 665 951 valet
684 922 836 959 unicuique
858 922 928 951 fides

78 970 192 1007 propria
214 978 296 1007 quam
321 970 391 999 fides
412 970 515 1004 aliena,
538 969 589 998 boc
611 969 776 1006 intelligitur
799 973 929 1007 respectu

79 1017 170 1046 meriti
186 1017 317 1055 propriae
332 1017 445 1054 gratiae.

157 1065 183 1093 [1.
200 1065 238 1094 Ad
253 1065 323 1093 illud
339 1065 415 1102 quod
431 1065 573 1099 obiicitur,
589 1065 664 1102 quod
687 1065 842 1101 gratiarum
858 1065 929 1094 actio

79 1113 116 1141 ita
131 1116 173 1141 est
195 1112 295 1141 efficax
317 1121 368 1150 pro
384 1112 491 1145 habito,
508 1112 579 1140 sicut
600 1112 689 1140 oratio
712 1120 763 1149 pro
786 1112 928 1146 babendo3

79 1159 242 1192 dicendum,
258 1159 332 1196 quod
348 1159 399 1188 etsi
415 1159 569 1196 gratiarum
589 1159 660 1187 actio
675 1159 713 1187 ita
732 1159 766 1188 sit
782 1159 837 1188 Deo
853 1167 930 1188 acce-

78 1206 191 1244 ptabilis
206 1215 256 1243 pro
271 1207 435 1244 praeterito.
451 1206 523 1235 sicut
534 1207 622 1235 oratio
637 1214 688 1243 pro
700 1206 809 1240 futuro,
825 1214 861 1235 ex
877 1207 930 1236 boc

79 1257 172 1283 tamen
187 1262 240 1282 non
257 1254 394 1291 sequitur,
407 1253 481 1290 quod
498 1253 653 1290 gratiarum
665 1253 736 1282 actio
752 1254 787 1282 sit
802 1254 930 1282 ordinata

79 1301 114 1330 ad
131 1301 296 1330 merendum
313 1302 368 1329 iam
384 1301 525 1334 habitum,
545 1309 595 1338 pro
610 1309 643 1330 eo
658 1301 733 1338 quod
757 1301 816 1338 ipsa
832 1301 930 1338 gratia-

1780 233 1836 262 663

986 320 1050 341 rum
1066 312 1137 341 actio
1151 315 1178 341 et
1193 312 1254 341 laus
1269 321 1320 349 pro
1336 312 1477 342 beneficiis
1492 313 1612 350 acceptis
1626 314 1691 351 plus
1706 315 1780 343 tenet
1795 322 1836 343 ra-

987 359 1089 388 tionem
1108 360 1240 397 praemit
1253 368 1337 397 quam
1361 361 1496 389 rationem
1518 361 1624 390 meriti.
1640 361 1693 390 Sed
1717 361 1738 390 si
1761 364 1836 390 tenet

987 407 1123 436 rationem
1138 407 1250 442 werin,
1272 408 1420 437 ordinatur
1442 416 1478 437 ex
1493 408 1588 437 divina
1610 409 1776 438 liberalitate
1790 417 1836 447 po—

987 453 1042 482 tius
1054 454 1089 482 ad
1102 454 1224 482 (10111101ρ
1236 455 1455 491 promerendum
1467 464 1552 493 quam
1567 456 1603 485 ad
1615 456 1835 493 promerendum

987 500 1041 528 iam
1057 500 1193 529 habitum.

1067 549 1092 576 5.
1108 548 1147 576 Ad
1163 548 1233 577 illud
1252 549 1327 586 quod
1347 549 1477 579 obiicitur
1492 550 1526 579 de
1549 551 1755 588 comparatione
1770 551 1838 580 cari—

987 594 1051 622 tatis
1065 594 1100 623 ad
1115 602 1254 628 amorem,
1275 599 1302 624 et
1317 597 1422 633 gratiae
1444 597 1479 625 ad
1504 598 1648 632 meritum,
1672 598 1835 633 dicendum,

987 641 1063 677 quod
1078 649 1132 669 000
1148 645 1189 670 est
1204 635 1303 671 simile.
1316 643 1452 672 11Ῑθν1111111
1468 644 1543 673 enim
1555 645 1589 674 de
1604 653 1655 674 sua
1667 646 1774 674 ratione
1789 645 1837 673 im-

987 690 1079 724 portat
1100 688 1227 717 ordinem
1251 692 1278 717 et
1303 689 1483 725 relationem,
1505 700 1591 720 arnor
1613 700 1679 721 vero
1705 692 1837 730 importat

986 737 1080 763 actum
1096 736 1236 772 potentiae
1251 744 1304 764 non
1328 736 1456 773 alligatae
1471 739 1605 767 materiae
1611 750 1618 773 3
1640 742 1667 768 et
1682 739 1748 776 quia
1763 740 1838 769 idem

986 790 1040 810 nou
1056 782 1140 811 babet
1162 782 1197 811 ad
1213 791 1242 811 se
1265 783 1364 812 referri
1380 787 1407 812 et
1421 785 1559 820 ordinari,
1581 786 1630 814 sed
1645 789 1724 815 actus
1744 790 1839 824 poten-

985 829 1039 857 tiae
1058 837 1113 857 non
1135 829 1264 866 alligatae
1286 831 1419 859 materiae
1449 831 1533 860 babet
1554 840 1641 869 supra
1666 841 1695 862 se
1716 833 1838 870 reflecti3

986 876 1050 905 binc
1066 879 1119 911 est,
1135 877 1209 914 quod
1225 885 1351 906 amorem
1367 878 1501 916 contingit
1514 880 1616 914 amari,
1637 881 1684 909 sed
1705 881 1838 910 meritum

986 931 1041 951 non
1056 923 1190 960 contingit
1205 925 1315 953 mereri.

1067 971 1092 999 6.
1109 971 1140 999 Ε1
1152 979 1201 1008 per
1214 971 1266 1000 boc
1281 974 1356 1008 patet
1368 973 1511 1009 responsio
1523 974 1558 1003 ad
1569 973 1640 1003 illud
1652 975 1726 1012 quod
1739 975 1838 1004 ultimo

987 1017 1180 1047 obiiciebatur.
1196 1018 1268 1047 Illud
1290 1019 1364 1047 enim
1381 1020 1527 1049 veritatem
1549 1021 1577 1050 in
1593 1022 1632 1050 eIs
1654 1022 1764 1052 actibus
1783 1031 1837 1052 non

987 1065 1084 1100 babet,
1100 1065 1147 1102 qui
1163 1065 1278 1102 quidem
1301 1066 1453 1103 important
1475 1068 1637 1097 relationem
1661 1073 1688 1098 et
1710 1070 1837 1099 ordinem

987 1115 1014 1141 et
1029 1112 1113 1141 simul
1132 1120 1196 1141 cum
1212 1113 1264 1141 hoc
1286 1113 1409 1151 aliquam
1426 1114 1677 1152 imperfectioneni;
1699 1120 1778 1146 actus
1792 1126 1839 1146 au-

988 1163 1043 1188 tem
1068 1160 1192 1188 merendi
1216 1165 1345 1197 respectu
1367 1165 1446 1190 actus
1465 1162 1576 1199 gloriosi
1600 1163 1838 1200 imperfectionem

987 1207 1110 1244 aliquam
1127 1207 1193 1236 dicit
1215 1210 1242 1236 et
1257 1208 1384 1237 ordinem
1407 1211 1434 1237 et
1449 1209 1626 1245 relationem,
1642 1210 1714 1240 sicut
1735 1211 1815 1249 prius
1828 1212 1837 1226 ⁵

987 1258 1130 1283 ostensum
1146 1258 1200 1289 est,
1215 1258 1242 1283 et
1257 1255 1319 1284 ideo
1334 1255 1404 1284 illud
1420 1264 1474 1285 non
1491 1257 1572 1286 valet.

827 1402 1089 1439 SCHOLION.

140 1493 154 1514 l.
172 1493 233 1515 Haec
251 1493 354 1521 quaestio
373 1492 535 1521 distinguenda
553 1496 587 1515 est
604 1499 616 1515 a
634 1496 755 1522 sequente⁷
770 1499 829 1522 quac
842 1494 889 1521 agit
902 1493 930 1515 de

77 1531 168 1561 cratiae
186 1533 326 1561 augmento,
346 1532 402 1554 haec
420 1536 497 1554 autem
515 1535 548 1554 est
561 1532 589 1554 de
606 1532 686 1561 prima
702 1532 795 1561 qratia,
816 1539 861 1555 000
880 1534 930 1561 qui-

78 1571 131 1593 dem
143 1571 290 1601 acquirenda
308 1571 345 1599 (de
363 1578 409 1600 quo
427 1571 480 1593 ride
493 1572 549 1593 infra
564 1571 586 1593 d.
606 1572 643 1594 28.
660 1578 679 1593 a.
697 1573 717 1594 Q.
731 1579 752 1600 q.
775 1573 809 1599 1.),
823 1572 864 1594 sed
880 1572 929 1595 iam

78 1609 177 1639 habita,·
193 1613 215 1633 et
232 1612 361 1639 quaeritur,
381 1614 458 1633 utrum
477 1617 518 1639 per
536 1610 623 1633 bonum
642 1618 709 1633 usum
727 1612 831 1634 eiusdem
850 1615 928 1640 postea

78 1651 149 1677 possit
166 1650 215 1678 ipsa
233 1650 315 1672 cadere
333 1650 376 1672 sub
394 1651 483 1672 merito.
501 1650 523 1672 ln
543 1651 586 1672 boc
611 1656 680 1672 sensu
707 1651 810 1678 quaestio
832 1650 861 1672 ab
880 1651 928 1673 aliis

988 1499 1033 1515 1100
1052 1496 1159 1516 tractatur
1177 1495 1280 1522 explicite
1298 1495 1341 1517 nisi
1358 1494 1387 1517 ab
1406 1496 1466 1518 Alex.
1485 1496 1532 1519 Hal.
1552 1496 1583 1524 (S.
1602 1503 1624 1525 p.
1644 1498 1667 1520 ll.
1687 1504 1708 1527 q.
1722 1498 1803 1521 61,01.
1817 1499 1839 1522 5.

987 1539 1006 1554 a.
1026 1533 1069 1561 23
1082 1534 1113 1561 Ξ.)
1126 1536 1147 1556 et
1159 1533 1216 1555 Petr.
1230 1540 1241 1555 a
1255 1534 1307 1556 Tar.
1326 1534 1372 1562 (bic
1390 1541 1411 1563 q.
1426 1535 1446 1556 Ξ.
1460 1541 1479 1557 a.
1498 1536 1518 1557 2.
1537 1537 1678 1565 quaestione.
1698 1538 1736 1565 2.).
1747 1538 1838 1561 —Bre-

987 1573 1046 1594 viter
1063 1576 1085 1595 ct
1102 1574 1123 1595 in
1141 1573 1224 1595 eodem
1237 1580 1305 1596 sensu
1324 1580 1377 1596 cum
1394 1578 1472 1597 nostro
1485 1575 1581 1598 Doctore
1594 1576 1623 1598 ad
1635 1582 1686 1599 eam
1699 1578 1839 1606 respondent

987 1612 1009 1634 S.
1029 1612 1112 1634 Tbom.
1132 1613 1177 1638 (bic
1190 1620 1212 1641 q.
1225 1614 1291 1636 unica
1310 1620 1330 1636 a.
1349 1614 1369 1636 5.
1388 1614 1418 1636 ad
1436 1614 1464 1642 3;
1483 1615 1504 1636 S.
1523 1615 1536 1637 1.
1550 1615 1572 1637 11.
1586 1621 1607 1644 q.
1622 1615 1673 1638 1114.
1687 1623 1706 1638 a.
1720 1616 1740 1638 5.
1754 1618 1776 1639 in
1795 1617 1839 1640 fine

987 1652 1060 1680 corp.)
1079 1654 1101 1674 et
1117 1652 1141 1674 B.
1160 1652 1245 1674 Albcrt.
1267 1653 1300 1681 (ll.
1320 1653 1380 1675 Sent.
1400 1654 1420 1676 d.
1440 1654 1476 1676 28.
1495 1660 1515 1676 a.
1535 1655 1573 1683 2.).

850 1742 1013 1779 QUAESTIO
1035 1743 1064 1771 ll.

464 1828 569 1856 Utrum
587 1837 641 1865 per
660 1829 794 1866 yrcttz'ctm
816 1829 967 1867 contingat
987 1830 1097 1858 mereri
1114 1831 1234 1868 gyrcttz'ae
1252 1835 1451 1869 augmentum.

157 1927 284 1957 Secundo
299 1927 458 1964 quaeritur,
474 1930 570 1955 utrum
588 1935 638 1964 per
653 1928 771 1965 gratiam
789 1929 929 1965 contingat

78 1974 180 2004 mereri
196 1975 300 2012 gratiae
316 1977 508 2011 augmentum.
527 1975 555 2003 Et
571 1975 643 2012 quod
661 1976 711 2010 sic,
729 1976 854 2004 videtur:

160 2023 183 2050 1.
200 2022 291 2050 Primo
307 2029 355 2059 per
368 2021 553 2058 Augustinum
570 2022 604 2050 ad
618 2022 788 2051 Bonifacium
801 2023 820 2050 ⁴:
842 2033 855 2048 «
867 2022 930 2051 Gra-

78 2069 115 2098 tia
130 2072 256 2098 meretur
271 2069 381 2105 augeri,
397 2071 428 2097 ut
443 2072 525 2097 aucta
540 2073 683 2097 mereatur
698 2073 725 2098 et
740 2069 836 2106 perfici
852 2081 879 2097 n.

157 2118 183 2145 Ξ).
206 2116 286 2151 Item,
302 2116 354 2145 boc
370 2116 481 2145 videtur
496 2117 619 2145 ratione.
636 2116 732 2146 Omnis
748 2117 855 2146 babens
870 2125 930 2154 gra-

80 2163 158 2199 tiam,
174 2163 258 2192 habet
273 2163 347 2192 unde
363 2163 450 2199 possit
465 2163 601 2200 prolicere
613 2164 640 2191 in
656 2164 789 2198 merito³;
804 2164 853 2193 sed
868 2172 930 2201 pro-

76 2211 164 2241 fectus
180 2211 207 2239 10
224 2211 323 2239 merito
339 2219 393 2239 0011
409 2215 450 2240 est
466 2211 517 2239 nisi
535 2219 584 2248 per
607 2215 789 2248 augmentum
806 2212 926 2249 gratIae:

77 2267 142 2296 ergo
158 2259 247 2296 gratia
263 2258 306 2287 sui
323 2258 411 2295 ipsius
426 2263 608 2295 augmentum
627 2259 727 2287 mereri
744 2262 841 2296 potest.

156 2306 181 2334 3.
198 2306 279 2340 item,
296 2313 414 2343 peccans
429 2314 485 2334 uno
507 2314 608 2342 genere
624 2307 728 2343 peccati
745 2310 870 2335 meretur
892 2307 930 2334 in-

78 2353 170 2382 cidere
186 2353 212 2381 in
235 2353 313 2381 aliud
329 2360 416 2389 genus
431 2353 552 2389 peccati,
569 2353 643 2381 unde
659 2352 779 2381 efficitur
795 2353 881 2390 peior,
898 2353 930 2381 si-

78 2403 124 2428 cut
139 2408 256 2437 peccans
270 2403 381 2436 peccato
397 2399 545 2436 superbiae
558 2403 683 2428 meretur
695 2400 817 2428 incidere
830 2400 856 2427 in
869 2407 930 2436 pec-

78 2450 171 2475 catum
195 2446 359 2475 luxuriaeG:
377 2454 443 2483 ergo
465 2447 525 2483 pari
548 2446 667 2480 ratione,
683 2446 730 2483 qui
754 2446 823 2474 bene
839 2446 928 2474 utitur

79 2494 165 2530 gratia
181 2501 231 2530 per
252 2494 389 2521 bonorum
409 2501 527 2530 operum
548 2493 714 2521 exercitium
739 2493 849 2521 videtur
876 2500 929 2521 010-

79 2541 146 2576 reri,
162 2544 193 2569 ut
208 2540 256 2569 liat
271 2540 322 2569 sibi
340 2540 444 2577 gratiae
459 2543 651 2576 augmentum.
757 2541 761 2544 ”

156 2588 182 2616 li.
205 2588 285 2621 item,
302 2587 469 2616 laudabilior
491 2591 533 2615 est
548 2587 595 2624 qui
611 2594 641 2615 se
662 2587 789 2615 extendit
803 2586 838 2615 ad
858 2594 929 2623 opus

80 2635 253 2671 perfectionis
269 2643 333 2663 cum
351 2635 451 2663 minori
466 2634 614 2669 adiutorio,
627 2642 711 2671 quam
727 2634 775 2670 qui
791 2641 819 2662 se
835 2637 929 2662 exten-

987 1928 1027 1957 dit
1042 1936 1105 1957 cum
1124 1929 1236 1957 maiori:
1260 1937 1327 1967 ergo
1348 1930 1370 1959 si
1386 1931 1493 1960 habens
1516 1932 1652 1961 minorem
1669 1933 1786 1970 gratiam
1810 1942 1839 1963 se

986 1975 1077 2004 elevat
1091 1976 1126 2004 ad
1142 1984 1227 2013 opera
1239 1978 1364 2014 aequalis
1376 1978 1552 2014 perfectionis
1567 1987 1631 2008 cum
1648 1988 1680 2008 eo
1692 1981 1737 2018 qui
1755 1981 1839 2011 babet

987 2023 1135 2057 maiorem,
1151 2024 1272 2058 videtur,
1287 2025 1362 2061 quod
1379 2026 1544 2055 tantundem
1568 2027 1611 2055 vel
1626 2028 1747 2065 amplius
1762 2029 1838 2066 apud

987 2070 1076 2099 Deum
1092 2071 1193 2100 mereri
1218 2072 1332 2101 babeat:
1356 2081 1422 2109 ergo
1438 2074 1459 2102 si
1477 2074 1547 2103 nulli
1570 2074 1601 2103 sit
1615 2076 1763 2104 retributio
1785 2077 1837 2105 nisi

986 2118 1142 2146 secundum
1156 2119 1339 2155 quantitatem
1352 2121 1469 2157 gratiae,
1486 2121 1606 2157 videtur,
1622 2123 1697 2159 quod
1710 2123 1772 2152 talis
1784 2132 1839 2153 me-

987 2168 1066 2193 retur
1081 2169 1263 2202 augmentum
1281 2167 1308 2195 111
1324 2168 1421 2204 gratia.

1068 2213 1093 2240 5.
1109 2212 1189 2247 item,
1206 2214 1253 2250 qui
1277 2214 1345 2251 petit
1356 2215 1419 2251 pic,
1440 2220 1671 2253 perseveranter,
1687 2226 1744 2254 pro
1766 2226 1795 2246 se
1810 2221 1837 2246 et

987 2258 1028 2287 1111
1041 2259 1180 2293 salutem,
1197 2264 1322 2289 meretur
1337 2262 1498 2296 exaudiri⁷;
1521 2263 1569 2291 sed
1586 2264 1633 2300 qui
1649 2264 1717 2300 petit
1732 2263 1836 2300 gratiae

986 2310 1169 2343 augmentum
1192 2308 1335 2343 continue,
1358 2308 1410 2337 boc
1432 2310 1515 2338 modo
1530 2310 1613 2347 petit:
1634 2319 1700 2348 ergo
1724 2312 1837 2341 videtur

987 2353 1092 2388 gratiae
1107 2357 1290 2390 augmentum
1306 2356 1416 2384 mereri.

1066 2400 1118 2427 San
1137 2408 1264 2428 cou'rnA:
1292 2403 1313 2429 l.
1337 2402 1465 2431 Meritum
1488 2411 1543 2431 non
1565 2407 1606 2432 est
1624 2408 1753 2441 respectu
1775 2405 1836 2434 eius

987 2446 1061 2482 quod
1085 2448 1197 2475 omnino
1219 2452 1260 2476 est
1280 2448 1465 2485 impossibile3
1488 2450 1537 2479 sed
1559 2451 1691 2487 gratiam,
1715 2460 1779 2480 cum
1802 2452 1837 2481 sit

986 2492 1076 2521 forma
1095 2494 1228 2530 simplex,
1251 2496 1348 2532 augeri
1364 2500 1405 2524 est
1424 2497 1607 2533 impossibile:
1624 2506 1690 2535 ergo
1712 2499 1837 2536 impossi-

987 2539 1041 2568 bile
1057 2543 1098 2568 est
1114 2541 1214 2569 mereri
1231 2543 1335 2578 gratiae
1350 2546 1541 2579 augmentum.

1066 2589 1092 2615 Ξ).
1108 2588 1188 2623 Item,
1204 2590 1335 2618 meritum
1352 2598 1406 2618 non
1422 2594 1464 2619 est
1478 2594 1608 2628 respectu
1622 2593 1683 2621 eius
1698 2593 1773 2630 quod
1795 2597 1836 2623 est

987 2633 1014 2661 in
1029 2634 1121 2667 nobis,
1141 2636 1190 2664 sed
1206 2637 1281 2672 quod
1303 2640 1345 2665 est
1360 2637 1395 2665 ab
1417 2637 1470 2666 alio
1481 2638 1503 2672 ⁸3
1526 2639 1574 2667 sed
1597 2639 1703 2668 habens
1719 2640 1837 2676 gratiam

143 2768 149 2782 ¹
169 2770 218 2792 Vat.
236 2776 290 2791 cum
308 2769 361 2792 edd.
380 2770 400 2797 Ξ,
420 2770 440 2797 37
460 2769 473 2791 4
491 2769 560 2792 enim.
580 2769 700 2798 Aliquanto
718 2770 812 2792 iuferius
831 2776 873 2797 pro
896 2771 929 2792 ul-

82 2807 184 2830 tcmlt'tztr
201 2808 237 2831 ed.
260 2809 264 2830 1
287 2815 335 2831 rnon
353 2808 499 2837 attendttw·‚·
517 2814 648 2836 perperam.

142 2846 151 2860 ²
169 2846 240 2869 Codd.
263 2848 387 2870 AFlYaa
410 2849 461 2870 roci
482 2847 570 2870 1101111111
598 2847 656 2870 bene
680 2848 810 2876 praefigunt
834 2854 929 2871 norum.

82 2885 180 2908 Subinde
198 2890 249 2914 post
264 2886 450 2915 promcremlum
469 2887 535 2909 codd⁴
554 2888 569 2909 L
581 2887 598 2909 O
617 2887 746 2915 adiungunt
764 2886 906 2910 habendum.

143 2925 153 2939 3
170 2926 210 2947 Hic
228 2927 249 2947 10
268 2933 330 2954 corp.
350 2929 371 2948 ct
388 2933 407 2948 a.
432 2927 448 2948 1,
467 2933 488 2955 q.
508 2927 528 2948 3.

145 2963 153 2978 ⁴
172 2964 230 2986 vide
248 2972 316 2992 supra
336 2972 388 2993 pag.
408 2965 460 2993 634,
480 2969 530 2987 nota
550 2966 570 2987 6.

145 3003 154 3017 ⁵
172 3002 215 3025 Csr.
234 3008 321 3032 quaest.
340 3005 446 3032 praeced.

145 3041 154 3055 ⁶
172 3042 230 3064 Vide
247 3043 304 3065 infra
323 3043 344 3065 d.
364 3043 400 3065 36.
418 3050 437 3065 n.
461 3044 475 3065 1.
496 3050 518 3071 q.
541 3044 557 3065 l.

1050 2769 1059 2783 ⁷
1077 2769 1135 2791 Vide
1153 2776 1221 2797 supra
1241 2776 1293 2798 pag.
1313 2770 1365 2798 662,
1384 2774 1435 2793 nota
1458 2772 1475 2793 1.

1050 2807 1060 2821 3
1078 2808 1166 2830 Scilicet
1183 2815 1195 2830 a
1214 2809 1272 2836 Deo,
1290 2810 1329 2838 qui
1342 2809 1380 2832 dat
1392 2811 1479 2837 gratiae
1496 2814 1647 2839 augmentum
1660 2815 1682 2834 et
1698 2814 1836 2840 praemium.

987 2859 1018 2864 —
1030 2848 1143 2869 Sententia
1157 2848 1289 2875 Augustini,
1308 2854 1367 2876 quae
1380 2849 1449 2876 paulo
1468 2850 1562 2872 inferius
1575 2854 1724 2880 memoratur⁷
1739 2851 1837 2875 babetur

988 2886 1016 2908 de
1034 2885 1137 2914 Corrept.
1156 2889 1177 2908 et
1194 2887 1281 2914 gratia,
1301 2893 1319 2909 c.
1342 2888 1374 2909 11.
1393 2894 1413 2910 n.
1433 2889 1469 2910 31.
1488 2895 1552 2918 seqq.
1571 2894 1592 2912 et
1610 2890 1723 2913 Encbirid.
1742 2897 1760 2914 c.
1788 2892 1836 2914 106.

987 2932 1035 2954 seq.
1054 2932 1074 2947 n.
1094 2926 1130 2947 28.
1150 2926 1207 2947 Vide
1225 2926 1254 2947 lit.
1273 2926 1372 2954 Magistri
1391 2934 1461 2955 supra
1480 2928 1501 2950 d.
1520 2929 1603 2951 XXIV.
1622 2936 1640 2952 c.
1665 2931 1681 2952 l.
1699 2933 1721 2953 ct
1738 2932 1795 2954 intra
1814 2932 1836 2955 d.

988 2966 1071 2987 xxm.
1090 2971 1109 2987 c.
1132 2966 1148 2987 1.
1166 2977 1197 2981 —
1215 2966 1256 2987 Pro
1271 2967 1349 2995 potest
1364 2966 1389 2989 in
1407 2966 1495 2990 bouum
1509 2968 1626 2999 proficere
1644 2970 1694 2992 Vat.
1711 2976 1765 2993 cum
1782 2972 1835 2994 edd.

988 3005 1015 3032 3,
1034 3004 1046 3026 4.
1063 3005 1138 3033 polest
1154 3004 1178 3027 [iz
1194 3004 1273 3027 veritus
1292 3004 1379 3028 bonum
1399 3006 1521 3037 prolicere.
1539 3007 1603 3031 Circa
1626 3009 1695 3032 1111001
1717 3017 1766 3039 arg.
1785 3012 1836 3034 Vat.

987 3044 1038 3065 voci
1057 3044 1210 3073 auqnwntmu
1229 3044 1291 3066 addit
1308 3045 1407 3074 multae.

1852 646 1965 665 Notandum.

1854 1211 1967 1231 Notandum.

1849 2414 1878 2432 Ad
1892 2414 1966 2437 opposi—

1886 2439 1931 2456 tum.
