2243 3425
187 888 217 906 Ad
230 888 305 911 opposi-

315 223 351 251 28
996 219 1250 248 SENTENTIARUM
1272 219 1331 247 LIB.
1355 219 1383 247 11.

314 300 344 323 de
361 300 448 322 Rerum
466 300 565 328 princip.
583 306 605 329 q.
628 300 645 322 1.
664 306 684 322 a.
705 299 747 321 1-4.
764 311 796 315 -
813 299 835 321 S.
854 299 953 326 Tbom.‚
972 298 1008 320 liic
1025 304 1048 327 q.
1069 298 1087 320 1.
1105 304 1125 320 a.
1145 298 1165 326 l;

315 339 337 361 S.
356 339 370 360 l.
389 345 410 368 q.
430 337 467 361 44.
485 345 505 360 a.
526 339 545 361 1,
564 339 592 366 2;
612 338 641 360 de
659 338 745 360 Poterit.
764 344 785 367 q.
805 338 826 360 3.
844 344 863 360 a.
882 337 911 365 5;
929 338 951 359 S.
984 354 989 359 .
1006 337 1071 359 Gent.
1098 337 1121 358 ll.
1146 343 1165 359 c.

316 378 352 400 45.
372 378 415 406 116,
435 377 466 400 111.
486 384 504 400 c.
525 377 560 400 15.
578 389 609 394 —
626 378 650 399 B.
667 377 769 404 Albert.‚
788 377 825 399 bic
842 383 862 399 a.
881 377 909 404 2;
928 376 950 398 S.
985 393 990 398 .
1008 376 1023 398 1.
1048 378 1075 398 tr.
1099 376 1120 398 6.
1144 382 1166 405 q.

970 343 982 359 c

968 382 982 404 1)

1224 298 1260 320 29.
1279 303 1309 319 m.
1328 298 1349 319 2.
1367 308 1399 313 —
1415 297 1474 319 Petr.
1492 303 1504 318 a
1522 296 1575 318 Tar.
1586 314 1591 323 ,
1610 297 1647 319 bic
1664 303 1686 325 q.
1705 297 1726 319 2.
1744 303 1764 320 a.
1784 297 1804 318 t.
1821 308 1853 313 —
1864 297 1971 319 Ricbard.
1984 303 1996 319 a
2009 297 2075 325 Med„

1224 338 1262 359 hic
1278 343 1297 359 a.
1317 336 1337 359 4.
1356 342 1377 365 q.
1397 337 1418 358 11.
1435 348 1467 352 -
1484 335 1558 364 AEgid.
1576 335 1618 363 R.‚
1637 336 1674 358 hic
1691 342 1713 365 q.
1731 336 1752 358 2.
1770 342 1790 358 a.
1809 336 1830 358 3.
1842 348 1873 353 ——
1885 336 1978 364 Dionys.
1991 335 2074 363 Carth..

1224 376 1261 398 hic
1279 382 1301 404 q.
1320 375 1341 397 3.

1086 476 1250 514 QUAESTIO
1272 476 1300 504 11.

565 576 671 604 Utrum
688 575 824 613 primum
841 574 1028 613 principium
1046 574 1226 612 produxerit
1246 574 1347 603 onmia
1368 583 1398 602 se
1420 574 1496 611 ipso,
1520 577 1575 602 aut
1596 573 1741 601 mediante
1762 572 1830 601 cilio.

394 687 538 721 Secundo,
560 687 705 724 supposito
726 686 802 723 quod
833 686 927 714 omnia
959 685 1013 714 sint
1042 685 1077 714 ab
1109 693 1166 713 uno

315 734 464 771 principio,
486 734 642 772 quaeritur,
664 737 762 762 utrum
784 733 854 761 illud
883 732 1052 770 produxerit
1072 732 1168 760 omnia

316 788 346 810 se
367 781 442 818 ipso,
464 785 513 809 aut
534 781 674 810 mediante
696 780 760 809 alio.

398 829 421 857 1.
446 828 476 857 Et
497 828 572 866 quod
594 828 735 857 mediante
757 827 826 862 alio,
851 827 962 856 videtur
991 834 1165 864 conyruum.

317 875 355 904 De
377 875 544 904 liberalitate
565 875 673 912 agentis
694 877 755 909 est,
777 877 809 903 ut
830 882 883 902 non
906 877 1015 902 tantum
1044 881 1168 902 commu-

317 922 389 951 nicet
409 922 457 951 alii
477 925 584 956 actum,
607 922 656 951 sed
677 922 761 950 etiam
783 921 935 958 potentiam
962 920 1166 958 multiplicandi

316 973 344 998 et
364 969 541 998 diffundendi
557 969 565 984 ¹
580 980 586 1002 ;
608 969 657 998 sed
673 969 747 997 Deus
762 971 804 997 est
819 976 904 1005 agens
920 967 1166 996 liberalissimum:

315 1023 383 1053 ergo
404 1016 532 1050 videtur,
554 1015 630 1053 quod
657 1015 766 1052 primae
787 1018 944 1049 creaturae,
973 1022 1058 1051 quam
1087 1013 1166 1047 fecit,

316 1061 426 1091 dederit
447 1062 598 1099 potentiam
621 1061 740 1090 faciendi
762 1060 862 1095 aliam,
893 1063 920 1089 et
949 1059 997 1088 illa
1025 1060 1073 1089 dat
1101 1059 1166 1093 alii,

316 1112 343 1138 et
364 1109 403 1138 sic
434 1109 612 1146 procedendo
642 1116 733 1145 usque
762 1108 797 1136 ad
831 1107 969 1136 ultimam.
1001 1107 1035 1135 St*
1065 1106 1166 1139 dieas,

316 1156 391 1193 quod
413 1159 543 1185 creatura
565 1163 617 1183 non
641 1159 683 1183 est
704 1162 793 1191 capax
814 1157 906 1182 tantae
928 1153 1082 1190 potentiae3
1104 1160 1168 1181 eon-

317 1206 382 1231 tra:
405 1202 496 1231 maius
517 1206 558 1231 est
579 1202 670 1230 facere
691 1201 816 1238 aliquid,
832 1209 896 1229 cum
913 1201 923 1215 ²
938 1204 980 1229 est
995 1199 1166 1233 resistentia,

317 1258 401 1286 quam
424 1249 471 1278 ubi
495 1249 587 1281 nulla;
609 1249 656 1277 sed
680 1251 810 1277 creatura
829 1249 856 1276 in
880 1247 1006 1276 faciendo
1038 1255 1074 1275 ex
1106 1254 1168 1275 con-

317 1297 404 1325 trario
429 1296 514 1325 habet
544 1296 748 1329 resistentiam,
781 1295 808 1323 in
841 1294 966 1323 faciendo
995 1301 1030 1322 ex
1060 1293 1166 1327 nihilo,

317 1343 443 1371 nullam:
466 1351 533 1379 ergo
565 1343 587 1371 si
620 1350 711 1379 capax
742 1344 784 1370 est
815 1341 923 1378 primae
953 1341 1109 1378 potentiae,
1141 1344 1167 1368 et

318 1390 467 1419 secundae.

397 1439 422 1465 ⁰2.
444 1437 528 1469 item,
550 1437 585 1466 de
607 1436 751 1465 nobilitate
772 1436 879 1473 agentis
907 1438 949 1464 est
970 1435 1061 1464 facere
1093 1434 1168 1463 nobi-

318 1484 387 1513 liora
409 1492 494 1521 opera
515 1492 566 1521 per
594 1492 624 1512 se
656 1484 765 1521 ipsum,
796 1486 823 1511 et
856 1483 949 1511 minus
981 1481 1085 1510 nobilia
1118 1489 1167 1518 per

318 1531 478 1559 ministrum
501 1530 520 1560 ³.
542 1533 574 1559 11ῖ
598 1533 674 1568 patet
694 1547 733 1550 —-
754 1530 833 1559 decet
864 1529 938 1558 enim
971 1536 1065 1566 regem
1099 1528 1169 1556 iudi-

317 1585 390 1611 care,
413 1577 462 1606 sed
484 1585 539 1605 non
560 1577 641 1606 decet
661 1584 726 1605 eum
756 1577 905 1614 coquinam
927 1576 1019 1604 facere
1040 1591 1079 1595 —
1100 1582 1167 1611 ergo

318 1624 340 1653 si
377 1625 486 1661 primus
518 1632 569 1653 rex
601 1627 643 1653 est
674 1624 866 1652 nobilissimus
900 1626 927 1651 et
962 1622 1092 1660 producit
1113 1629 1167 1655 res,

318 1671 474 1700 secundum
506 1671 582 1708 quod
614 1671 693 1700 decet
720 1671 782 1699 eius
813 1670 1004 1704 nobilitatem,
1037 1669 1167 1705 videtur,

318 1718 393 1755 quod
416 1718 474 1755 ipse
497 1718 626 1746 debuerit
648 1726 736 1746 unum
759 1717 932 1754 producere,
959 1720 986 1745 et
1019 1724 1068 1754 per
1098 1716 1168 1745 illud

318 1765 412 1793 minus
433 1764 551 1799 nobilia,
573 1768 601 1793 et
622 1765 661 1793 sic
676 1764 854 1801 procedendo
870 1771 959 1800 usque
975 1763 1010 1792 ad
1026 1763 1167 1792 ultimum.

319 1812 352 1841 Si
373 1816 405 1840 tit
426 1812 526 1845 (lieres,
549 1812 624 1848 quod
646 1820 701 1840 non
723 1814 764 1840 θεῖ
786 1811 876 1839 simile
898 1811 933 1840 de
954 1811 1011 1839 Deo
1033 1815 1060 1839 et
1074 1811 1168 1848 aliquo

318 1861 417 1895 agente
439 1861 547 1893 creato,
569 1858 635 1896 quia
657 1858 732 1886 Deus
753 1866 808 1886 non
840 1857 987 1894 perficitur
1017 1857 1053 1885 ab
1074 1857 1168 1894 aliquo

318 1913 418 1942 opere;
441 1905 595 1939 obiicitur,
618 1905 693 1942 quod
715 1913 786 1942 opus
808 1904 966 1941 regiminis,
996 1905 1169 1941 propagatio-

319 1952 361 1980 nis
383 1955 410 1980 et
431 1952 642 1989 gubernationis
664 1952 791 1981 divinum
820 1955 881 1986 θεῖ,
913 1954 940 1980 et
972 1954 1065 1979 tamen
1094 1951 1169 1980 Deus

319 1999 390 2035 regit
411 2002 437 2027 et
459 1999 597 2035 gubernat
618 2007 703 2027 unam
735 2000 894 2027 creaturam
927 2006 977 2035 per
1008 1998 1111 2031 aliam3
1142 2000 1169 2026 et

319 2045 372 2074 hoc
393 2049 434 2074 θεῖ
454 2045 489 2074 ad
511 2046 697 2074 ostensionem
720 2053 788 2074 suae
810 2045 980 2074 nobilitatis:
1010 2053 1098 2083 quare
1114 2053 1168 2073 non

319 2091 447 2120 similiter
468 2095 546 2121 creat
561 2092 569 2104 ⁴
580 2094 591 2119 ’Ζ

398 2138 423 2167 3.
447 2139 530 2173 item,
551 2139 722 2173 ostenditur,
744 2139 820 2176 quod
842 2139 1043 2167 necessat-nnn
1075 2139 1110 2168 sit
1132 2140 1170 2167 ita

319 2193 395 2219 esse,
416 2185 470 2214 sic:
493 2185 584 2214 omnis
606 2186 737 2219 eftectus,
759 2186 807 2222 qui
829 2186 889 2214 exit
910 2185 945 2214 ab
966 2185 1061 2222 aliqua
1085 2193 1170 2214 causa

319 2232 488 2267 universali,
510 2233 570 2261 exit
590 2233 626 2260 ab
648 2240 680 2261 ea
702 2232 746 2261 vel
768 2240 818 2269 per
850 2232 934 2260 aliam
966 2240 1080 2261 causam
1110 2241 1171 2269 pro-

320 2279 427 2316 priam,
449 2279 493 2307 vel
516 2286 565 2315 per
587 2286 616 2307 se
643 2279 731 2316 ipsam
761 2279 988 2316 appropriatam;
1018 2279 1067 2307 sed
1096 2279 1170 2308 Deus

1222 688 1264 713 est
1285 692 1370 713 causa
1396 683 1653 717 universalissima,
1685 691 1740 711 non
1773 682 1869 712 valens
1901 683 2003 712 arctari
2025 690 2075 712 nec.

1223 731 1417 769 appropriari,
1439 739 1504 760 cum
1526 730 1605 759 nulla
1625 730 1714 767 possit
1734 730 1759 759 ei
1782 729 1842 758 fieri
1864 729 1988 758 additio:
2010 737 2077 766 ergo

1224 787 1288 807 curn
1310 778 1441 816 producit
1470 778 1575 812 multa,
1605 776 1738 814 producit
1768 784 1820 814 per
1846 776 1930 805 aliam
1962 784 2077 806 causam

1224 825 1379 863 propriam.

1303 873 1330 900 [1.
1351 872 1436 907 Ιῖθ111,
1458 880 1509 909 ego
1532 871 1629 905 video,
1659 871 1735 909 quod
1767 871 1859 899 virtus
1890 871 2005 899 unitatis
2036 874 2078 900 est

1224 919 1260 947 ad
1283 926 1416 948 numeros
1437 919 1579 953 infinitos;
1602 922 1696 948 tamen
1717 918 1811 947 unitas
1839 917 1951 946 nullum
1982 925 2078 947 nume-

1225 974 1289 994 rum
1311 966 1458 1003 producit,
1481 966 1548 1003 quin
1570 965 1746 1002 producatur
1766 962 1872 1002 pariter
1903 973 1919 993 a
1940 972 2077 999 numero,

1225 1013 1273 1050 qui
1305 1013 1466 1041 immediate
1498 1013 1588 1050 ipsam
1620 1012 1769 1050 sequitur,
1802 1011 1907 1041 scilicet
1942 1011 2077 1040 dualitate

1224 1076 1263 1080 -
1278 1060 1353 1088 unde
1368 1059 1447 1088 nullo
1462 1060 1545 1088 modo
1566 1059 1659 1088 unitas
1680 1059 1785 1087 faceret
1807 1058 1960 1087 ternarium
1983 1066 2079 1087 nume-

1225 1115 1289 1135 rum
1310 1106 1363 1135 nisi
1384 1114 1436 1143 per
1457 1106 1638 1140 dualitatem,
1661 1109 1688 1134 et
1710 1106 1748 1134 sic
1770 1106 1797 1134 in
1819 1106 1881 1135 aliis
1899 1106 2078 1143 procedendo

1224 1171 1263 1174 —
1283 1161 1351 1190 ergo
1373 1153 1486 1182 videtur
1507 1153 1652 1187 slmiliter,
1674 1153 1751 1190 quod
1773 1161 1827 1181 non
1847 1153 1974 1190 procedit
1989 1161 2005 1181 a
2020 1153 2077 1182 Deo

1226 1200 1378 1229 multitudo
1400 1208 1513 1234 rerum,
1535 1208 1600 1229 cum
1622 1200 1682 1237 ipse
1713 1200 1748 1229 sit
1770 1208 1880 1229 summe
1908 1208 2001 1233 unus.
2023 1200 2077 1229 nisi

1225 1255 1276 1284 per
1297 1247 1373 1284 ipsas
1395 1255 1441 1276 res
1457 1246 1476 1274 ⁵.

1304 1294 1357 1322 SED
1379 1302 1507 1323 CONTRA:
1526 1295 1550 1322 l.
1566 1293 1646 1331 Quod
1669 1293 1739 1322 illud
1761 1302 1816 1322 non
1838 1293 1873 1323 sit
1894 1302 2219 1331 congruum‚Fundamenta
2236 1326 2237 1329 Ἰ

1225 1341 1346 1369 videtur.
1369 1341 1511 1377 Quantum
1534 1341 1619 1369 bomo
1642 1341 1740 1378 recipit
1761 1341 1796 1369 ab
1818 1340 1891 1375 alio,
1916 1340 1944 1369 in
1966 1343 2075 1369 tantum

1225 1388 1250 1416 ei
1272 1391 1403 1422 tenetur;
1425 1388 1474 1417 sed
1489 1388 1524 1416 ad
1541 1387 1632 1416 solum
1648 1387 1738 1416 Deum
1762 1391 1873 1416 tenetur
1894 1390 2024 1416 creatura
2038 1395 2075 1417 ex

1226 1438 1282 1463 toto
1304 1452 1343 1455 -
1363 1435 1455 1463 solum
1477 1435 1552 1464 enim
1574 1434 1663 1463 Deum
1686 1434 1769 1463 debet
1791 1434 1908 1471 diligere
1936 1435 2019 1463 homo
2041 1442 2079 1464 ex

1227 1485 1283 1511 toto
1304 1482 1389 1511 corde
1405 1482 1432 1515 ὅ,
1458 1485 1485 1511 et
1505 1482 1574 1510 nihil
1595 1481 1673 1510 aliud
1695 1481 1850 1519 aequaliter
1866 1498 1904 1502 —
1919 1489 1986 1519 ergo
2002 1481 2079 1511 solus

1226 1529 1301 1558 Dens
1322 1529 1370 1557 dat
1392 1532 1491 1558 totum.
1514 1529 1567 1557 Sed
1587 1528 1692 1557 creatio
1708 1531 1750 1557 est
1771 1528 1859 1563 actio,
1876 1528 1903 1556 in
1918 1536 1974 1566 qua
1989 1531 2078 1558 totum

1226 1576 1412 1613 producitur:
1435 1584 1503 1613 ergo
1524 1578 1576 1605 etc.

1306 1624 1333 1651 ⁹2.
1355 1623 1439 1653 Item.
1461 1623 1553 1651 maius
1574 1627 1615 1651 est
1638 1630 1697 1651 rem
1726 1622 1761 1651 de
1792 1630 1923 1650 non-esse
1952 1623 1987 1651 ad
2020 1631 2080 1651 esse

1226 1670 1384 1707 producere
1406 1677 1491 1707 quam
1513 1677 1682 1698 conservare
1713 1673 1740 1698 et
1771 1668 1925 1706 perficere:
1958 1677 2025 1706 ergo
2057 1670 2080 1699 si

1227 1717 1302 1745 Deus
1324 1716 1464 1745 mediante
1486 1716 1540 1745 alio
1565 1716 1736 1753 produceret
1767 1724 1827 1751 res,
1860 1715 1982 1747 videtur,
2003 1716 2079 1753 quod

1227 1764 1367 1793 mediante
1389 1763 1444 1792 alio
1473 1767 1654 1792 conservaret
1684 1767 1711 1793 et
1739 1763 1906 1801 perficeret:
1936 1771 2003 1801 ergo
2034 1771 2080 1792 res

1228 1810 1305 1839 nullo
1327 1811 1410 1839 modo
1432 1810 1489 1839 Deo
1512 1810 1685 1847 indigerent,
1707 1818 1774 1847 ergo
1796 1817 1847 1838 nec
1862 1810 1898 1838 ad
1917 1810 2007 1839 Deum
2022 1813 2081 1839 ten-

1227 1858 1334 1886 derent.
1373 1857 1426 1886 Sed
1457 1857 1550 1885 onmia
1582 1860 1647 1886 sunt
1679 1857 1765 1891 bona,
1798 1857 1864 1894 quia
1895 1857 2014 1886 tendunt
2044 1857 2080 1886 ad

1227 1905 1337 1941 ipsum,
1359 1908 1386 1933 et
1407 1905 1537 1933 ordinata
1554 1904 1578 1932 ⁷:
1602 1912 1670 1942 ergo
1689 1904 1760 1932 nihil
1788 1907 1861 1933 esset
1892 1903 1998 1933 bonum
2030 1911 2080 1933 nec

1227 1952 1388 1980 ordinatum
1406 1963 1412 1986 ς
1435 1952 1462 1980 111
1483 1960 1539 1989 quo
1561 1952 1635 1981 enim
1658 1951 1851 1989 principaliter
1866 1955 1907 1980 est
1922 1952 1993 1980 ratio
2008 1951 2080 1985 finis.

1229 1999 1255 2027 in
1277 1999 1376 2028 eodem
1399 2002 1441 2028 est
1463 1999 1533 2027 ratio
1556 1999 1629 2027 110111.

1307 2046 1333 2074 3.
1355 2046 1438 2079 Item,
1461 2046 1536 2083 quod
1559 2046 1593 2074 sit
1616 2045 1809 2082 impossibile,
1832 2045 1953 2074 ridetur.
1980 2045 2081 2082 11111)οε-

1228 2093 1308 2122 sibile
1329 2097 1389 2127 est,
1412 2096 1572 2122 creaturam
1594 2101 1677 2130 agere
1700 2101 1729 2122 se
1751 2096 1823 2127 tota7
1850 2101 1914 2121 cum
1946 2093 2024 2122 nulla
2046 2093 2080 2122 sit

1227 2140 1341 2168 omnino
1363 2139 1485 2177 simplex
1503 2140 1530 2168 ³:
1553 2148 1620 2177 ergo
1642 2140 1814 2177 impossibile
1835 2143 1885 2174 est,
1908 2140 1983 2177 quod
2016 2143 2079 2177 agat

1228 2189 1326 2220 totum,
1348 2194 1416 2223 ergo
1437 2186 1528 2215 solum
1552 2190 1669 2223 partem.

1306 2234 1333 2262 [ι.
1356 2234 1438 2268 Item,
1462 2234 1635 2271 impossibile
1656 2237 1713 2268 est,
1736 2237 1895 2262 creaturam
1925 2241 2008 2270 agere
2029 2241 2079 2271 per

1228 2280 1380 2317 potentiam
1404 2279 1559 2315 infinitam;
1582 2281 1630 2310 sed
1653 2281 1725 2309 inter
1747 2280 1860 2309 omnino
1892 2280 1960 2309 nihil
1986 2284 2013 2310 et
2033 2281 2081 2309 ali-

384 2435 390 2449 ¹
411 2435 460 2457 vat.
478 2435 541 2457 addit
558 2441 589 2458 se⁴

384 2474 393 2487 ‘²
410 2474 514 2496 Nonnulli
532 2474 600 2496 codd.
619 2477 642 2496 ut
661 2475 675 2496 l‘
687 2474 704 2494 V
716 2474 744 2495 W
755 2481 780 2496 aa
800 2473 845 2496 nbi.
864 2474 933 2496 Paulo
950 2475 1045 2497 inferius
1058 2475 1107 2497 Vat.
1121 2481 1171 2497 ver-

321 2512 356 2534 bis
373 2518 404 2535 ‹²ae
421 2512 543 2536 contrario
561 2514 686 2541 praemittit
702 2513 801 2543 aliquid.

384 2550 393 2565 3
409 2552 457 2574 Sul)
469 2552 536 2574 simili
546 2556 652 2580 respectu
665 2552 771 2580 Dionys,
782 2552 810 2574 dc
820 2551 915 2574 Caelest.
928 2552 1044 2575 llierarcb.
1057 2559 1076 2575 c.
1090 2552 1110 2575 4.
1123 2556 1136 2581 2¹,
1149 2553 1170 2575 3.

321 2590 366 2612 ait:
384 2590 453 2618 Quasi
479 2591 502 2612 id
524 2591 582 2613 ordo
608 2591 700 2613 divinae
727 2592 784 2619 legis
809 2592 920 2619 sanxerit,
947 2595 971 2614 ut
992 2598 1034 2620 per
1050 2593 1170 2619 superiora

321 2629 362 2651 ista
380 2635 440 2657 quae
457 2630 563 2652 inferiora
580 2634 644 2658 sunt⁷
662 2631 692 2653 ad
709 2631 815 2653 divinum
834 2637 919 2653 numen
937 2630 1091 2653 adducantur.

385 2668 393 2682 ⁴
410 2668 482 2691 Codd.
500 2676 526 2691 aa
537 2676 561 2692 ce
579 2673 600 2692 et
617 2670 653 2692 ed.
676 2671 680 2691 1
703 2672 808 2693 creatur.

384 2706 393 2721 ⁵
411 2708 534 2730 processus
551 2713 708 2731 ereaturarum
721 2717 732 2731 a
747 2710 821 2737 primo
838 2714 987 2737 comparatur
998 2710 1117 2737 processui
1130 2716 1171 2732 nu-

322 2747 379 2768 meri
397 2746 426 2768 ab
443 2748 529 2769 unitate
553 2748 683 2769 seeundum
708 2748 814 2776 Dionys..
833 2748 861 2771 de
879 2748 930 2770 Dir.
948 2749 1016 2771 Noni.
1033 2754 1052 2770 c.
1071 2748 1092 2770 5.
1110 2749 1123 2777 5
1142 2749 1170 2770 6:

322 2784 441 2813 Siquidem
454 2786 475 2807 in
489 2786 573 2808 unitate
590 2787 666 2808 omnis
684 2793 795 2809 numerus
812 2788 956 2810 uniformiter
974 2788 1120 2816 praeexstitit,
1133 2788 1171 2810 ba-

322 2823 407 2852 betque
433 2825 507 2846 unitas
532 2825 552 2846 in
579 2832 603 2847 se
628 2827 677 2853 ipsa
703 2827 850 2854 singulariter
873 2833 965 2849 omnem
992 2833 1127 2854 numerum,
1150 2830 1172 2849 et

323 2864 398 2885 omnis
423 2869 533 2885 numerus
559 2865 580 2885 in
608 2870 680 2886 unum
706 2866 827 2892 copulatus
852 2869 887 2888 est
906 2867 967 2888 etin
985 2867 1070 2888 unitate
1087 2870 1132 2891 est.
1150 2869 1173 2888 et

322 2905 408 2930 quanto
435 2902 526 2929 longius
551 2902 580 2924 ab
607 2904 692 2925 unitate
710 2904 826 2931 procedit,
845 2908 906 2926 tanto
924 2906 999 2933 magis
1016 2905 1128 2927 dix-iuniu-
1150 2909 1172 2927 et

322 2941 493 2968 multiplicatur.
505 2952 536 2956 —
547 2941 669 2969 Aliquanto
681 2943 790 2969 superius
803 2946 853 2969 post
866 2944 998 2966 ternarium
1012 2945 1091 2972 plures
1103 2944 1170 2966 codd.

323 2985 376 3002 curn
394 2979 430 3001 ed.
453 2980 457 3000 1
488 2980 595 3002 omittunt
619 2986 762 3007 numerum,
790 2987 833 3008 pro
856 2988 903 3009 quo
927 2983 997 3010 aliqui
1024 2987 1047 3005 ut
1072 2982 1170 3005 CLRT

323 3022 411 3047 ponunt
428 3019 450 3041 et
467 3024 563 3045 nolum,
583 3018 634 3040 cod.
652 3018 684 3040 bb
702 3020 722 3041 el
739 3024 843 3047 nonum,
864 3021 899 3042 cui
913 3021 1002 3042 lectioni
1015 3022 1109 3043 assentit
1122 3022 1171 3043 Vat.

1227 2437 1306 2464 legens
1332 2438 1353 2459 el
1380 2442 1490 2460 nonum.
1515 2436 1684 2467 procedendo:
1711 2436 1762 2458 cod.
1792 2436 1809 2458 Y
1834 2436 1927 2459 exbibet
1958 2437 2079 2459 lectionem

1228 2479 1337 2498 nostram.

1291 2515 1300 2529 ⁶
1318 2516 1383 2538 Dent.
1402 2516 1428 2543 6,
1447 2515 1475 2543 53
1494 2516 1571 2538 Martii.
1585 2516 1626 2543 22,
1645 2515 1683 2537 37.
1700 2514 1746 2537 Cir.
1764 2516 1874 2543 August.,
1893 2515 1921 2537 de
1939 2515 2021 2543 Quant.
2034 2516 2079 2537 ani·

1229 2561 1292 2581 niae,
1311 2560 1329 2576 e.
1349 2554 1385 2577 31,
1404 2561 1425 2577 n.
1443 2555 1487 2577 78:
1505 2555 1566 2577 Deus
1584 2555 1654 2583 igitur
1671 2555 1734 2576 solus
1751 2555 1771 2576 ei
1795 2553 1906 2576 colendus
1926 2557 1973 2581 est,
1986 2555 2025 2582 qui
2042 2560 2079 2576 so-

1229 2594 1263 2615 lus
1280 2594 1330 2615 eius
1347 2597 1381 2615 est
1398 2598 1484 2616 auctor.
1503 2606 1534 2610 —
1551 2594 1601 2615 Mox
1619 2600 1663 2616 non
1682 2594 1749 2621 pauci
1767 2592 1835 2615 codd.
1859 2599 1912 2615 cuni
1930 2593 1965 2615 ed.
1985 2592 1997 2615 4
2016 2593 2079 2616 Dens

1228 2633 1294 2654 creat
1310 2638 1353 2659 pro
1370 2631 1433 2654 Deus
1450 2631 1503 2659 dal,
1524 2631 1587 2660 quod
1605 2632 1679 2653 maior
1705 2638 1759 2659 pars
1784 2631 1852 2654 codd.
1878 2637 1931 2653 cum
1948 2631 2001 2653 edd.
2024 2632 2046 2659 ly
2065 2632 2078 2653 2

1228 2669 1328 2691 exbibet.

1291 2708 1300 2722 ⁷
1317 2707 1363 2731 Cl'r.
1380 2709 1489 2736 August..
1508 2709 1537 2731 de
1555 2709 1637 2731 Natura
1656 2709 1722 2737 boni,
1740 2715 1760 2732 c.
1782 2710 1799 2731 1.
1816 2716 1894 2738 seqq.y
1912 2713 1933 2731 et
1950 2709 2037 2738 Boura,
2049 2710 2078 2732 de

1228 2746 1373 2769 Hebdomad.
1391 2754 1430 2769 seu
1450 2748 1573 2776 Quomodo
1590 2748 1733 2771 substantiae
1757 2749 1779 2770 in
1805 2754 1832 2770 eo
1859 2748 1922 2777 quod
1945 2749 1999 2774 sint,
2018 2748 2078 2771 bona

1228 2788 1280 2809 sint.
1297 2799 1329 2802 —
1345 2787 1377 2808 De
1395 2787 1474 2809 ultima
1493 2793 1560 2815 prop.
1578 2788 1709 2815 argumenti
1726 2787 1767 2809 csr.
1786 2788 1890 2815 Aristot.y
1909 2788 1922 2809 l.
1941 2788 2011 2810 Etliic.
2024 2794 2043 2810 c.
2057 2789 2077 2810 2.

1228 2833 1293 2856 seqq.
1312 2830 1332 2849 01
1352 2827 1365 2848 l.
1384 2827 1458 2855 Magn.
1477 2827 1554 2849 Moral.
1571 2833 1590 2849 c.
1609 2827 1630 2849 2.
1648 2833 1710 2855 seq..
1729 2826 1770 2849 ubi
1787 2827 1893 2855 ostendit,
1906 2828 1927 2849 in
1942 2828 2021 2850 ultimo
2034 2827 2078 2850 fine

1228 2872 1347 2888 summum
1360 2867 1484 2888 consistere
1497 2866 1593 2888 1101111111.
1605 2878 1636 2882 -
1646 2866 1696 2888 Yat.
1711 2867 1735 2888 ul
1747 2865 1858 2889 ordinata
1871 2872 1914 2894 pro
1925 2867 1947 2889 et
1958 2865 2077 2889 ordinale.

1230 2905 1298 2927 Paulo
1323 2906 1417 2927 inferius
1443 2905 1510 2927 codd.
1537 2905 1588 2927 ch
1613 2911 1665 2927 cum
1692 2905 1728 2927 ed.
1752 2905 1917 2935 iprincipalis
1934 2912 1976 2933 pro
1992 2905 2077 2934 princi-

1227 2943 1320 2972 11011101·-

1291 2982 1300 2997 ⁸
1317 2982 1361 3005 Ct'r.
1380 2983 1393 3004 1.
1413 2983 1473 3005 Sent.
1492 2983 1514 3005 d.
1533 2984 1553 3005 S.
1572 2990 1594 3011 p.
1614 2983 1627 3004 l.
1646 2990 1668 3012 q.
1687 2984 1707 3005 2.
1725 2986 1745 3005 et
1764 2984 1799 3005 bie
1817 2989 1835 3005 a.
1859 2984 1875 3004 1.
1894 2989 1915 3011 (1.
1939 2984 1954 3005 Ι.
1974 2983 2036 3005 tund.
2056 2984 2077 3005 33.
