2243 3425
16 1227 29 1244 A
33 1232 70 1249 rgg.
85 1232 118 1249 pro

10 1252 44 1268 trie
64 1255 119 1273 nega-

743 210 825 238 DIST.
848 210 936 238 XXIII.
955 210 1027 239 ΛΒΤ.
1050 211 1079 239 II.
1101 211 1236 247 QUAEST.
1259 211 1276 239 I.

1833 212 1888 242 537

862 336 1096 370 ARTICULUS
1123 337 1160 369 II.

712 428 752 456 De
773 428 935 465 coynz'tz'one
952 429 1123 466 primorum
1141 426 1309 467 parentium.

213 538 420 575 Consequenter
434 542 570 576 quantum
586 539 621 567 ad
637 539 792 568 secundum
807 539 981 576 propositum

135 585 280 622 quaeritur
302 585 336 614 de
358 585 512 622 cognitione
534 586 690 622 primorum
710 589 875 622 pareutum,
897 588 924 614 et
945 585 983 614 in-

135 631 201 660 cidit
222 631 266 660 hic
288 632 413 668 quaestio
435 631 508 660 circa
526 632 587 660 trIa.

212 679 304 706 Primo
325 678 399 707 enim
421 679 613 716 quaerendum
636 682 677 708 est
703 679 737 708 de
758 679 913 716 cognitione
928 679 982 715 pri-

134 734 244 754 morum
267 729 414 762 parentum
438 729 575 763 quantum
596 726 632 754 ad
654 726 819 763 profectum.

1119 540 1246 569 Secundo
1278 549 1344 570 vero
1380 541 1572 578 quaerendum
1608 545 1650 571 est
1681 546 1816 580 quantum
1852 543 1888 572 ad

1040 586 1188 615 defectum.

1119 632 1210 661 Tertio
1241 631 1387 670 Quaeritur
1416 634 1450 662 de
1479 635 1539 671 ipsa
1567 635 1721 672 cognitione
1750 638 1887 672 quantum

1039 679 1074 707 ad
1094 679 1331 716 complementum
1353 683 1380 709 et
1401 683 1514 709 statum.

907 835 1070 872 QUAesrto
1092 835 1110 863 t.

354 920 479 954 Utrum,
500 920 528 949 si
549 920 632 949 lzomo
653 921 791 954 stetisset,
814 920 845 949 iit
866 921 1029 958 counitione
1047 919 1222 958 profecisset
1241 930 1294 958 per
1317 925 1480 959 temporum
1503 921 1668 950 intervalla.

211 1030 288 1059 Circa
324 1030 448 1066 primum
483 1030 522 1058 sic
556 1030 719 1067 proceditur
754 1034 781 1058 et
815 1030 980 1067 quaeritur,

132 1082 244 1111 utrum,
277 1077 299 1106 si
321 1077 405 1106 homo
426 1077 561 1112 stetisset,
594 1077 619 1105 in
642 1078 797 1114 cognitione
818 1077 981 1114 profecisset

130 1133 181 1162 per
202 1128 361 1162 temporum
384 1124 539 1153 intervalla.
562 1124 592 1152 Et
613 1124 687 1161 quod
710 1132 783 1158 non,
807 1124 935 1153 videtur:

214 1173 237 1200 1.
260 1171 351 1200 Primo
373 1180 422 1208 per
444 1172 563 1201 verbum
585 1171 706 1208 Hugonis
735 1172 761 1200 in
783 1172 855 1200 libro
881 1172 915 1201 de
937 1172 981 1200 Sa-

132 1218 315 1247 cramentis¹2
351 1229 363 1243 «
383 1218 484 1246 Rerum
506 1218 646 1252 omnium,
678 1226 750 1254 quae
772 1226 835 1246 cum
868 1218 981 1246 homine

131 1269 158 1294 et
178 1268 294 1302 propter
324 1265 466 1293 hominem
492 1265 580 1293 factae
601 1267 685 1299 sunt,
706 1265 858 1301 perfectam
891 1265 981 1302 cogni-

132 1312 234 1341 tionem
257 1312 398 1340 bominem
430 1312 583 1348 accepisse,
605 1311 675 1340 nulli
707 1311 824 1340 dubium
854 1319 914 1340 esse
936 1312 981 1340 de-

131 1359 224 1388 betn:
247 1359 268 1387 si
291 1367 357 1395 ergo
379 1359 471 1388 statim
495 1359 644 1395 perfectam
667 1359 851 1395 cognitionem
868 1359 979 1393 babuit,

130 1413 197 1442 ergo
218 1405 337 1434 ulterius
359 1405 496 1441 proficere
517 1413 571 1433 non
594 1406 695 1442 potuit.

210 1453 235 1480 Q.
258 1452 340 1485 item,
362 1452 414 1481 hoc
440 1452 532 1489 ipsum
554 1452 712 1481 ostenditur
740 1452 862 1487 ratione,
894 1460 978 1489 quam

129 1499 194 1528 facit
221 1499 280 1535 ipse
302 1499 406 1535 Hugoff.
433 1499 536 1527 Nomen
566 1499 659 1527 debite
680 1499 842 1536 impositum
872 1502 913 1527 est
935 1507 980 1527 na-

129 1548 209 1574 turae
240 1546 279 1574 rei
311 1546 529 1583 expressivum3
563 1545 658 1574 nullus
692 1546 777 1583 igitur
808 1548 899 1582 potest
934 1554 979 1575 res

129 1600 226 1621 omnes
241 1593 400 1626 nominare,
422 1593 475 1621 nisi
498 1593 520 1621 is
536 1592 583 1629 qui
606 1592 731 1621 omnium
748 1600 843 1621 rerum
868 1593 977 1629 plenam

129 1639 213 1668 habet
234 1639 426 1677 cognitionem.
448 1639 501 1668 Sed
523 1639 609 1668 Adam
630 1639 761 1668 otnmbus
793 1640 905 1668 nomina
930 1640 979 1668 im-

129 1687 234 1724 posuit,
264 1695 313 1715 nec
340 1687 395 1716 illis
424 1687 510 1715 rebus
538 1687 592 1715 alia
621 1690 687 1715 sunt
714 1686 866 1723 aliquando
892 1687 978 1723 perfe-

129 1734 216 1763 ctiora
248 1734 360 1763 nomina
396 1734 586 1771 imponenda:
618 1734 731 1763 videtur
767 1734 869 1771 igitur,
902 1734 977 1771 quod

127 1781 214 1810 Adam
246 1781 367 1818 perfecte
392 1781 552 1818 cognoverit
583 1781 677 1809 onmia
708 1785 818 1810 creata:
851 1788 918 1818 ergo
951 1781 977 1809 in

129 1828 283 1865 cognitione
316 1836 369 1856 non
391 1828 567 1865 profecisset,
601 1828 622 1857 si
645 1828 672 1856 in
695 1831 769 1857 statu
791 1836 858 1856 suae
887 1828 978 1857 condi-

129 1876 210 1904 tionis
232 1876 439 1912 permansisset.

207 1922 233 1951 3.
255 1922 338 1957 Item,
360 1922 456 1951 nullus
476 1922 548 1951 bene
569 1922 640 1959 regit
654 1926 682 1951 et
703 1922 842 1959 gubernat
863 1930 896 1951 ea
912 1930 978 1959 quo-

128 1978 192 1999 rum
215 1973 345 1998 naturam
368 1970 492 2006 ignorat3
514 1969 562 1998 sed
584 1970 674 1998 omnia
697 1970 805 1998 fuerant
829 1969 977 1998 commissa

128 2017 255 2054 regimini
278 2020 305 2045 et
330 2015 526 2053 gubernationi
548 2016 635 2050 Adae,
665 2016 819 2045 secundum
842 2016 916 2053 quod
940 2016 976 2045 di-

127 2064 200 2092 citur
215 2064 242 2091 in
265 2063 361 2092 Genesi
373 2063 382 2078 ³
397 2066 423 2092 et
445 2063 471 2091 in
489 2063 608 2092 Psalmo:
634 2063 741 2091 Omnia
759 2062 910 2091 subiecisti
922 2062 976 2091 sub

124 2110 247 2148 pedibas
268 2111 330 2139 ems
352 2114 402 2139 etc.
425 2111 443 2139 Α
473 2111 515 2139 sui
548 2110 633 2147 igitur
661 2110 817 2139 conditione
843 2111 977 2147 primaria

128 2158 225 2187 habuit
246 2159 355 2196 primus
377 2158 461 2186 bomo
486 2166 582 2187 rerum
609 2158 809 2194 cognitionem:
833 2166 899 2194 ergo
920 2166 975 2186 non

127 2206 288 2242 profecisset
309 2205 344 2233 ad
366 2205 443 2233 illam
464 2213 514 2242 per
536 2205 711 2241 diSciplinam
741 2213 790 2242 per
816 2208 975 2242 temporum

127 2252 282 2281 intervalla.

206 2300 233 2328 lt.
256 2300 338 2331 Item.
360 2299 498 2337 quidquid
520 2300 603 2328 homo
624 2299 759 2333 addiscit,
781 2298 900 2327 addiscit
921 2307 976 2327 me-

127 2346 219 2375 diante
252 2346 295 2374 via
323 2354 437 2380 sensus,
470 2346 621 2374 memoriae
652 2349 678 2374 et
710 2346 915 2382 experientiae,
948 2349 975 2374 et

128 2394 164 2422 ita
185 2393 220 2421 ab
249 2393 371 2422 inferiori
393 2397 420 2422 et
447 2393 482 2421 ab
504 2393 646 2421 exteriori.
673 2393 699 2420 Si
729 2392 814 2428 igitur
836 2392 918 2420 bomo
947 2393 973 2420 in

1038 1033 1112 1059 statu
1138 1030 1311 1059 innocentiae
1342 1031 1500 1066 didicisset,
1522 1039 1572 1068 per
1603 1031 1735 1060 inferiora
1756 1035 1783 1061 et
1814 1035 1889 1061 exte-

1038 1077 1113 1105 riora
1134 1078 1169 1106 ad
1191 1078 1388 1115 perfectionem
1418 1078 1554 1111 venisset;
1581 1079 1629 1107 sed
1661 1079 1721 1108 talis
1742 1079 1811 1107 ordo
1833 1087 1888 1108 non

1038 1125 1167 1161 congrtnt
1193 1128 1311 1154 naturae
1332 1125 1476 1154 institutae
1497 1129 1524 1154 et
1552 1126 1622 1155 bene
1650 1126 1810 1160 ordinatae,
1838 1126 1887 1155 sed

1038 1171 1129 1200 solum
1151 1172 1261 1209 lapsae,
1287 1181 1351 1201 cum
1373 1173 1448 1201 omni
1473 1176 1620 1202 creaturae
1645 1173 1824 1210 praeesset‘fi
1850 1173 1889 1201 vi-

1038 1219 1121 1247 detur
1152 1227 1234 1256 ergo,
1267 1220 1339 1256 quod
1373 1220 1442 1248 nibil
1468 1220 1642 1249 sensibilium
1675 1220 1702 1248 in
1734 1223 1808 1249 statu
1840 1220 1888 1248 illo

1038 1265 1188 1294 didicisset.

1117 1312 1169 1339 SED
1190 1320 1318 1341 CONTRA:
1344 1313 1367 1341 t.
1389 1313 1475 1341 Adam
1508 1312 1534 1341 in
1557 1316 1631 1341 statu
1660 1312 1708 1341 illo
1728 1321 1779 1350 per
1800 1313 1886 1342 inter-

1037 1359 1111 1388 valla
1142 1363 1300 1396 temporum
1332 1360 1495 1397 profecisset
1526 1360 1561 1388 ad
1593 1360 1730 1397 gratiam3
1762 1360 1884 1398 alioquin

1037 1406 1115 1443 peior
1147 1409 1220 1435 esset
1250 1407 1372 1435 conditio
1404 1415 1454 1435 sua
1486 1415 1571 1444 quarn
1603 1410 1714 1442 nostra,
1746 1415 1810 1436 cuni
1837 1416 1887 1437 nos

1038 1452 1250 1489 multiplicando
1273 1454 1372 1482 merita
1392 1462 1553 1482 crescamus
1574 1454 1601 1482 in
1624 1454 1724 1491 gratia:
1744 1462 1810 1491 ergo
1825 1455 1886 1492 pari

1037 1500 1143 1528 ratione
1165 1508 1215 1536 per
1244 1500 1390 1529 intervalla
1419 1504 1578 1538 temporum
1601 1501 1762 1538 profecisset
1791 1502 1818 1530 in
1847 1510 1887 1530 re-

1036 1555 1100 1575 rum
1123 1547 1227 1576 notitia.

1116 1596 1141 1622 Q.
1164 1594 1244 1629 item,
1266 1598 1315 1623 aut
1330 1595 1414 1623 Adam
1436 1594 1545 1623 sciebat
1565 1603 1637 1632 quae
1653 1599 1772 1624 ventura
1794 1598 1885 1631 erant,

1036 1645 1085 1670 aut
1115 1650 1173 1670 non
1203 1641 1320 1670 sciebat.
1353 1642 1378 1670 Si
1403 1642 1462 1670 sz'c:
1496 1650 1562 1679 ergo
1594 1642 1743 1679 praescivit
1776 1643 1885 1680 lapsum

1036 1696 1136 1722 suum,
1165 1691 1191 1716 et
1213 1688 1281 1725 quid
1312 1696 1348 1717 ex
1372 1688 1417 1717 illo
1449 1689 1569 1725 posteriS
1597 1689 1655 1717 suis
1676 1692 1749 1718 esset
1775 1693 1888 1718 eventu-

1036 1742 1117 1767 rum2
1138 1735 1213 1772 quod
1242 1735 1324 1772 plane
1352 1739 1469 1773 apparet
1491 1744 1551 1764 esse
1579 1736 1680 1765 falsum
1696 1737 1713 1764 ⁵.
1743 1737 1768 1764 Si
1791 1737 1886 1765 futura

1035 1790 1092 1810 ozon
1115 1782 1320 1820 coquoscebun
1342 1783 1391 1812 sed
1423 1791 1519 1812 rerum
1542 1786 1659 1812 naturae
1691 1784 1836 1812 variantur
1858 1784 1886 1812 in

1035 1832 1177 1866 tempore:
1194 1837 1260 1865 ergo
1276 1829 1364 1858 inulta
1379 1829 1528 1866 incipiebat
1543 1838 1710 1867 cognoscere
1729 1831 1885 1859 secundum

1036 1880 1194 1913 temporum
1212 1876 1405 1905 variationem:
1422 1884 1489 1914 ergo
1504 1877 1666 1914 profecisset
1679 1877 1705 1905 in
1721 1878 1884 1914 cognitione.

1115 1922 1140 1951 3.
1164 1923 1247 1957 Item,
1268 1931 1318 1952 nec
1350 1923 1435 1952 Adam
1457 1923 1550 1952 omnia
1571 1924 1680 1952 viderat
1711 1932 1762 1953 nec
1793 1924 1886 1953 onmia

1034 1969 1170 1998 audierat.
1199 1970 1260 1998 Esto
1292 1970 1393 2006 igitur,
1425 1970 1498 2007 quod
1523 1970 1631 1999 videret
1662 1970 1785 2007 aliquam
1809 1978 1884 2005 rem,

1034 2024 1118 2053 quam
1147 2017 1227 2053 prius
1259 2025 1312 2045 non
1342 2017 1560 2051 vidisset3011m
1594 2017 1690 2046 videre
1722 2018 1757 2046 sit
1788 2026 1885 2054 cogno-

1035 2071 1127 2097 scere,
1150 2063 1222 2091 sicut
1244 2063 1416 2100 intelligere:
1440 2064 1572 2098 videtur,
1595 2064 1669 2100 quod
1696 2064 1767 2092 sicut
1793 2072 1885 2093 ueces-

1034 2109 1108 2137 sario
1130 2109 1273 2146 sequitur,
1304 2110 1378 2147 quod
1401 2110 1422 2138 si
1439 2110 1448 2124 ⁶
1467 2110 1569 2146 incepit
1592 2110 1759 2145 Intelligere,
1782 2110 1884 2147 incepit

1034 2164 1219 2194 cognoscere,
1249 2156 1392 2191 sitniliter,
1415 2157 1437 2185 si
1460 2157 1561 2193 incepit
1584 2157 1694 2191 videre,
1719 2157 1821 2194 incepit
1842 2165 1884 2185 co-

1033 2211 1175 2240 gnoscere.
1201 2203 1227 2231 Si
1260 2211 1326 2240 ergo
1357 2203 1446 2231 multa
1478 2203 1619 2231 sensibilia
1652 2203 1778 2237 vidisset,
1811 2211 1882 2240 quae

1033 2251 1112 2288 prius
1144 2259 1197 2279 non
1220 2251 1342 2283 viderat,
1374 2250 1499 2285 videtur,
1522 2251 1597 2287 quod
1627 2251 1715 2278 multa
1741 2250 1883 2279 didicisset

1032 2298 1174 2327 sensibilia
1196 2305 1245 2334 per
1269 2301 1426 2334 temporum
1449 2297 1604 2325 intervalla.

1111 2345 1136 2372 li..
1158 2344 1242 2378 Item,
1275 2344 1295 2372 si
1328 2344 1411 2372 bomo
1443 2345 1579 2378 stetisset,
1612 2347 1660 2372 aut
1692 2351 1766 2372 unus
1798 2344 1882 2372 homo

1031 2392 1118 2420 sciret
1158 2391 1328 2419 voluntatem
1364 2394 1391 2419 et
1430 2391 1622 2427 cogitationem
1659 2390 1797 2424 alterius,
1833 2393 1882 2418 aut

190 2525 196 2539 1
215 2525 276 2547 Libr.
295 2525 309 2547 l.
328 2531 350 2552 p.
370 2524 405 2546 Vl.
423 2530 442 2546 c.
466 2524 503 2545 13:
522 2524 606 2545 Rerum
624 2523 686 2546 enim
704 2525 807 2546 omnium
829 2523 970 2550 visibilium,

127 2571 186 2593 quae
204 2570 256 2586 curn
275 2564 367 2586 homine
385 2567 407 2586 ot
429 2567 524 2591 propter
549 2564 665 2585 bominem
691 2563 763 2585 tactae
788 2565 871 2589 erunt,
901 2563 972 2591 perse-

127 2607 185 2625 ctam
203 2607 245 2625 etc.

188 2641 197 2656 ἵ
215 2642 266 2664 Leo.
285 2643 320 2664 cit.
340 2654 369 2657 —
386 2642 449 2664 Hanc
466 2646 488 2664 ct
505 2648 552 2670 seq.
571 2642 682 2663 rationem
701 2642 764 2669 ponit
777 2641 883 2669 Magister
902 2641 937 2662 liic
950 2641 971 2662 in

127 2681 157 2702 lit.
176 2687 194 2702 c.
213 2680 233 2702 3.
252 2692 282 2696 ——
298 2680 365 2708 Quod
383 2680 455 2702 Adam
474 2679 631 2701 animantibus
649 2682 733 2707 terrae,
758 2678 890 2701 volatilibus
916 2678 971 2700 caeli

126 2722 169 2742 etc.
187 2720 279 2741 nentina
306 2720 425 2747 imposuit,
452 2720 549 2741 refertur
573 2719 629 2740 Gen.
648 2719 672 2744 ⁴2,
695 2719 727 2740 19.
746 2724 793 2746 seq.
812 2730 842 2733 -—
861 2717 891 2739 De
917 2717 972 2739 rela-

127 2759 199 2785 tione,
218 2763 287 2786 quam
305 2757 377 2779 vei-ba
395 2757 424 2779 ad
442 2764 478 2779 res
496 2757 591 2784 nabent,
618 2757 657 2778 cfr.
677 2757 785 2784 Angust.,
804 2756 832 2777 de
851 2756 970 2783 Magistro,

126 2801 149 2820 et
167 2797 255 2824 Boc-tlt.⁷
275 2797 288 2818 I.
307 2797 328 2818 in
347 2796 396 2818 libr.
415 2797 540 2818 Aristotelis
558 2796 585 2818 do
603 2797 795 2823 interpretatione,
808 2801 826 2817 c.
845 2794 872 2817 de
884 2794 971 2824 Siquis.

126 2849 156 2852 —
175 2836 196 2857 ln
215 2835 259 2857 fine
277 2842 324 2863 arg.
344 2842 386 2863 pro
403 2841 461 2857 snae
478 2834 618 2857 conclitz'onis
635 2834 687 2857 edd.
712 2840 835 2862 perperam
854 2836 875 2855 et
893 2837 971 2856 contra

127 2876 267 2904 antiquiores
279 2874 346 2897 codd.
365 2880 423 2896 suae
440 2873 586 2902 t‘ogyiiiti‘oms.

190 2914 199 2928 ³
213 2914 268 2942 Cap.
291 2914 313 2941 l,
332 2914 373 2935 28:
391 2912 489 2935 Crescite
507 2916 528 2934 et
545 2913 728 2940 multiplicamini
746 2915 768 2933 et
785 2912 871 2939 replete
888 2915 971 2934 terram

128 2958 150 2977 et
166 2953 271 2976 subjicite
288 2959 339 2975 eam
357 2955 378 2974 et
395 2951 544 2974 dominamini
563 2951 665 2979 piscibus
683 2952 752 2973 maris
764 2954 805 2973 otc.
817 2951 937 2973 ——Psalni.
951 2951 971 2978 8,

130 2993 150 3015 8.
171 3005 200 3008 —
222 2992 242 3014 ln
266 2991 435 3016 nmi01»iVat.,
454 2990 588 3018 discrepans
608 2997 619 3011 a
638 2989 841 3017 principalioribus
859 2989 926 3012 codd.
950 2993 972 3012 et

252 3043 277 3066 S.
295 3043 384 3066 Bonae.
401 3054 433 3058 —
451 3042 516 3063 Tom.
535 3042 557 3064 ll.

1031 2523 1083 2546 edd.
1106 2524 1127 2550 l,
1147 2524 1172 2551 2,
1195 2522 1263 2545 habet
1288 2528 1392 2551 quorum
1418 2524 1520 2545 naturus
1546 2528 1588 2549 pro
1614 2527 1717 2551 quoram
1744 2522 1877 2550 naturam,

1030 2563 1099 2591 aliqui
1117 2562 1198 2589 cudit,
1217 2564 1241 2583 ut
1259 2562 1276 2583 T
1295 2568 1335 2589 ee,
1356 2568 1459 2590 [ficorum
1477 2561 1583 2583 nuntiati.

1094 2600 1102 2615 4
1119 2602 1174 2623 Gen.
1194 2601 1218 2628 rt,
1238 2601 1279 2622 2⁴52
1305 2600 1424 2622 Faciamus
1450 2601 1591 2621 bominem...
1617 2602 1639 2621 ct
1664 2600 1749 2627 praesit
1775 2599 1879 2627 piscibus

1031 2640 1100 2661 maris
1117 2643 1136 2661 et
1155 2639 1286 2661 volatilibus
1304 2639 1358 2661 caeli
1376 2642 1418 2661 otc.
1437 2650 1467 2654 -—
1486 2639 1559 2660 Prima
1579 2639 1647 2660 liuius
1672 2644 1721 2665 arg.
1748 2638 1875 2665 propositio

1030 2682 1064 2701 est
1080 2678 1209 2700 secundum
1228 2678 1330 2705 Ariston,
1350 2678 1362 2699 Ι.
1382 2678 1465 2699 I'oster.
1484 2683 1503 2699 c.
1527 2677 1560 2699 lsi.
1579 2678 1613 2704 (c.
1636 2676 1695 2704 18.);
1716 2677 1738 2698 ΙΙ.
1757 2683 1775 2699 c.
1801 2677 1838 2699 ult⁴
1857 2679 1879 2698 ct

1031 2718 1045 2739 I.
1064 2717 1160 2745 Motnpn.
1179 2723 1197 2739 c.
1217 2717 1237 2738 4.
1256 2729 1286 2732 Α
1304 2717 1354 2739 Vat.
1373 2722 1425 2738 cum
1443 2716 1496 2738 cdd.
1516 2717 1542 2744 3,
1561 2715 1573 2737 4
1593 2716 1649 2738 falso
1675 2719 1697 2738 ct
1721 2715 1879 2738 obnitentibus

1030 2755 1097 2777 codd.
1115 2755 1232 2777 substituit
1249 2754 1358 2777 interiori
1374 2758 1396 2777 ct
1413 2754 1528 2777 interiora.
1542 2760 1584 2782 pro
1596 2754 1706 2783 inferiori
1719 2758 1741 2776 et
1753 2754 1876 2783 inferiora.

1093 2794 1102 2808 5
1119 2793 1163 2816 Cfr.
1182 2800 1251 2821 supra
1269 2793 1292 2815 d.
1311 2793 1331 2815 4.
1350 2800 1369 2815 a.
1388 2794 1409 2815 2,
1428 2800 1449 2822 [1.
1469 2794 1494 2820 2,
1509 2793 1547 2815 ubi
1560 2794 1692 2821 exponitur,
1706 2793 1769 2821 quod
1781 2792 1878 2820 angelus

1030 2833 1104 2855 malus
1121 2836 1207 2855 certam
1225 2833 1259 2854 sui
1278 2838 1345 2854 casus
1362 2833 1537 2860 praescientiam
1557 2832 1641 2854 babere
1660 2838 1704 2854 non
1723 2832 1804 2859 potuit.

1092 2871 1101 2885 ὃ
1120 2871 1169 2893 Vat.
1196 2870 1269 2901 qaod,
1295 2871 1346 2893 cod.
1365 2871 1382 2892 Y
1400 2871 1434 2899 si;
1452 2873 1585 2893 auctoritate
1611 2871 1773 2892 nonnullorum
1792 2870 1876 2898 codd„

1030 2914 1054 2933 ut
1071 2911 1086 2933 F
1097 2911 1114 2938 1,
1132 2910 1293 2933 substituimus
1305 2910 1368 2940 quod
1384 2910 1415 2938 si,
1435 2911 1488 2939 quia
1506 2912 1624 2933 contextus
1642 2911 1721 2932 saltem
1740 2910 1876 2938 particulam

1029 2949 1050 2973 si
1066 2951 1141 2977 exigit.
1164 2950 1213 2971 Mox
1240 2956 1282 2977 pro
1302 2948 1411 2972 similiter
1436 2950 1514 2977 plures
1540 2949 1624 2977 codd,
1643 2953 1667 2971 ut
1685 2949 1703 2970 Κ
1715 2949 1732 2970 T
1751 2955 1777 2971 cc
1794 2955 1835 2977 ee,
1855 2951 1877 2970 ot

1030 2989 1066 3011 ed.
1088 2989 1093 3010 1
1115 2988 1156 3011 scd
1171 2987 1267 3011 mulier.

1720 3039 1748 3061 68

1913 1325 1947 1343 Pro
1964 1327 2017 1348 parte

1900 1348 2018 1366 attinnativa.
