2243 3425
0 694 110 712 nidamenta.

0 1870 18 1888 id
30 1871 104 1894 opposi-

23 1896 68 1912 tum.

687 190 770 219 DIST.
793 191 846 219 ΧΧ.
869 191 941 219 ART.
964 191 1080 220 UNlCUS
1102 191 1237 228 QUAEST.
1260 192 1300 220 Vl.

1812 191 1869 220 485

879 315 1042 353 QUAESTIO
1065 315 1106 343 Vl.

353 402 458 430 Utrtou.
479 401 612 440 aequalis
632 402 714 439 fieret
734 402 939 439 multiplicatio
961 403 1096 431 virorum
1118 406 1143 431 et
1165 403 1338 437 mulierum,
1361 404 1389 432 si?
1409 403 1492 432 1101110
1513 404 1642 432 stetisset.

196 499 280 528 Sexto
301 502 328 528 et
349 499 448 528 ultimo
470 499 631 536 quaeritur,
653 503 750 527 utrum
772 499 897 536 aequalis
920 499 965 528 fie-

116 550 158 575 ret
181 546 375 583 multiplicatio
397 547 522 575 virorum
544 550 571 574 et
593 546 755 574 mulierum.
781 546 809 574 Et
825 546 898 583 quod
916 546 963 578 sic,

116 592 236 621 videtur.

202 641 222 667 l.
245 640 348 668 Natura
379 639 418 668 sic
450 640 614 677 procederet
645 639 672 668 in
695 640 870 676 generando,
893 640 965 668 sicut

118 686 192 715 Deus
213 695 275 715 eam
297 686 430 720 instituit;
452 687 501 715 sed
524 687 606 721 Deus,
634 695 698 715 cum
730 687 866 724 produxit
888 690 966 715 natu-

118 741 177 761 ram
201 734 369 768 humanam,
392 734 528 770 produxit
554 734 710 763 masculum
733 737 760 762 et
781 734 911 762 seminam
936 734 963 762 10

118 780 177 817 pari
201 788 318 808 numero
333 780 356 808 ¹:
379 788 445 817 ergo
467 781 593 809 similiter
615 784 642 809 et
664 784 765 809 natura
787 781 812 809 iu
836 781 896 817 pari
917 789 966 809 nu-

118 835 196 856 mero
218 827 440 864 multiplicasset.

197 875 222 902 2,
245 874 327 908 ltein,
350 875 491 911 generatio
513 875 633 903 hominis
655 883 709 903 000
741 878 851 912 poterat
882 874 966 903 conti-

117 921 198 949 nuari
221 921 271 950 nisi
295 929 344 957 per
366 922 523 951 masculum
546 926 572 950 et
594 922 741 957 feminam,
764 925 790 951 et
816 923 851 950 ita
874 930 966 951 neces-

117 969 191 997 saria
212 972 254 997 est
274 969 308 997 ad
331 971 538 1006 generationem
569 970 685 1004 mulier,
707 970 779 999 sicut
801 973 827 998 et
859 978 966 998 mascu-

117 1015 175 1045 lus:
199 1024 265 1053 ergo
288 1017 411 1051 videtur,
433 1017 508 1054 quod
524 1020 624 1045 natura
639 1017 793 1054 aequaliter
809 1017 965 1045 intenderet

116 1066 270 1101 utrumque
292 1072 410 1099 sexum:
432 1064 480 1093 sed
503 1065 574 1093 sicut
596 1064 774 1098 intendebat,
795 1064 852 1092 ita²
875 1063 966 1092 multi-

117 1110 249 1147 plicabat:
272 1119 338 1148 ergo
360 1115 410 1140 010.

196 1158 221 1186 3.
244 1159 325 1193 ltem,
342 1160 413 1188 sicut
428 1159 471 1187 vir
486 1159 604 1188 intendit
622 1167 651 1188 se
666 1159 776 1188 salvare
789 1158 798 1171 ³
821 1159 847 1187 in
871 1158 964 1193 simili,

117 1205 222 1234 scilicet
247 1205 274 1233 in
307 1206 382 1241 viro,
414 1214 497 1243 quem
532 1210 661 1243 generat,
694 1206 732 1234 sic
764 1209 791 1234 et
813 1205 915 1234 mulier
937 1206 964 1233 in

117 1252 270 1287 consimili,
292 1253 396 1281 scilicet
418 1253 444 1281 in
461 1253 595 1285 muliere;
611 1253 658 1282 sed
675 1256 776 1281 natura
790 1260 879 1289 aeque
895 1252 965 1281 bene

117 1303 190 1328 esset
204 1301 333 1329 ordinata
348 1301 375 1328 in
393 1301 525 1334 muliere,
548 1301 619 1329 sicut
641 1300 667 1328 in
691 1301 765 1328 viro:
789 1308 855 1337 ergo
877 1300 898 1328 si
922 1300 966 1328 vir

116 1355 170 1375 non
195 1348 379 1376 frustraretur
411 1356 462 1376 sua
494 1348 662 1382 intentione,
685 1347 812 1376 similiter
835 1355 885 1376 nec
907 1355 966 1375 mu-

117 1394 182 1423 lier:
205 1402 271 1431 ergo
293 1398 360 1431 quot
382 1395 540 1431 conciperet
563 1395 702 1424 masculos
724 1395 758 1423 ad
781 1394 966 1423 conservatio-

116 1449 179 1470 nem
203 1449 289 1470 sexus
321 1441 425 1476 virilis,
448 1445 487 1470 tot
518 1443 676 1479 conciperet
707 1442 824 1471 feminas
846 1442 879 1471 ad
903 1450 965 1471 con-

116 1489 301 1517 servationem
324 1497 410 1518 sexus
433 1490 587 1518 muliebris.

195 1536 221 1564 li.
244 1536 327 1571 item,
350 1537 376 1564 in
393 1541 468 1565 statu
490 1537 672 1565 innocentiae
691 1537 763 1566 sicut
785 1537 903 1574 quilibet
924 1545 966 1565 co-

116 1583 261 1617 mederet,
293 1583 329 1611 ita
365 1583 481 1620 quilibet
513 1583 619 1620 prolem
654 1583 868 1620 multiplicaret,
900 1592 963 1612 cum

116 1630 247 1659 omnihus
278 1634 351 1659 esset
383 1631 507 1659 dictum:
540 1630 663 1659 Crescite
693 1634 719 1659 cc
748 1631 966 1668 multiplicami-

116 1677 149 1705 m'
161 1677 170 1690 ⁴
186 1681 252 1706 etc.:
276 1685 342 1714 ergo
364 1677 481 1714 quilibet
503 1678 619 1706 haberet
642 1686 769 1707 uxorem.
786 1678 811 1706 Si
828 1686 895 1714 ergo
912 1686 966 1706 ma-

116 1724 279 1753 trimonium
296 1725 425 1762 requirit,
448 1725 521 1762 quod
538 1725 593 1754 sint
609 1725 666 1754 duo
682 1725 713 1753 111
731 1734 821 1754 carue
836 1734 910 1760 111111,
926 1729 966 1754 tot

114 1776 206 1801 essent
224 1772 290 1806 viri,
306 1776 374 1810 quot
391 1772 536 1806 mulieres,
553 1781 602 1801 nec
619 1773 714 1810 plures
736 1781 786 1801 nec
810 1773 965 1809 pauciores.

196 1820 248 1847 SED
270 1828 391 1848 CONTRA:
412 1821 434 1848 1.
451 1820 527 1849 Sicut
548 1820 614 1849 dicit
638 1820 823 1857 Philosophus
845 1820 870 1848 in
895 1820 966 1849 libro

118 1866 151 1895 de
166 1866 368 1901 Animalihus⁵‚
389 1878 401 1891 «
414 1867 516 1896 femina
531 1871 572 1896 est
589 1867 631 1895 vir
647 1868 838 1896 occasionatus
854 1878 883 1896 »1
901 1876 967 1905 ergo

117 1913 229 1942 videtur
250 1922 311 1942 esse
332 1917 443 1951 praeter
466 1917 581 1943 naturae
612 1915 807 1945 intentionem;
830 1915 878 1944 sed
901 1919 967 1944 tem-

116 1968 184 1997 pore
207 1964 323 1989 naturae
345 1961 499 1991 institutae.
522 1969 585 1990 cum
608 1965 708 1989 natura
731 1965 803 1991 esset
826 1966 913 1995 recta,
929 1962 967 1990 ui-

117 2007 157 2035 hil
186 2007 391 2044 produceretur
420 2012 531 2045 praeter
557 2009 735 2037 intentionem
766 2009 871 2046 ipsius:
901 2018 966 2046 ergo

116 2054 244 2089 videtur,
266 2055 341 2091 quod
364 2055 441 2083 nulla
458 2055 559 2084 mulier
582 2060 779 2092 generaretur,
803 2056 845 2085 vel
868 2056 965 2085 saltem

116 2109 236 2138 paucae:
260 2109 326 2138 ergo
349 2102 444 2139 plures
466 2107 558 2131 esseut
580 2103 631 2131 viri
654 2111 738 2139 quam
761 2103 903 2132 mulieres.

196 2150 222 2177 Q.
245 2149 325 2184 item,
341 2149 412 2178 sicut
432 2149 492 2178 vult
508 2150 691 2187 Philosophus
704 2150 726 2178 ⁶:
748 2162 761 2175 «
777 2150 880 2179 Natura
898 2158 968 2179 sem-

116 2203 166 2232 per
189 2196 330 2225 desiderat
352 2197 426 2233 quod
458 2197 557 2225 melius
579 2201 621 2225 est
636 2208 669 2230 »3
692 2197 739 2226 sed
770 2205 856 2226 sexus
879 2197 967 2226 virilis

117 2243 266 2279 perfectior
281 2247 323 2272 est
344 2248 371 2272 et
392 2243 490 2272 melior
506 2252 590 2281 quain
614 2252 700 2272 sexus
717 2244 877 2272 muliebris:
901 2252 968 2280 ergo

117 2293 218 2318 natura
241 2291 328 2327 magis
357 2291 498 2319 desiderat
522 2299 657 2328 generare
680 2291 771 2320 virum
799 2300 882 2328 quain
910 2300 968 2319 mu-

118 2337 231 2371 lierem;
254 2338 275 2366 si
297 2346 364 2375 ergo
385 2339 424 2366 sic
447 2338 627 2375 produceret,
650 2339 804 2367 secundum
827 2339 902 2375 quod
923 2339 968 2367 de-

117 2384 270 2418 sideraret,
292 2384 388 2421 plures
410 2385 579 2421 produceret
600 2386 675 2413 viros
698 2394 780 2422 quam
805 2386 946 2414 mulieres.

198 2431 223 2459 3.
246 2432 328 2463 ltem,
357 2433 499 2468 generatio
521 2433 606 2460 maris
628 2436 668 2460 est
698 2436 812 2469 propter
843 2433 966 2469 vigorem

118 2478 230 2507 virtutis
262 2479 419 2515 generantis
447 2482 474 2507 et
502 2478 616 2507 seminis
638 2479 743 2513 decisi,
771 2479 842 2507 310111
872 2479 967 2507 dicunt

118 2526 260 2555 naturales
282 2530 306 2554 et
338 2526 476 2559 medici⁷3
506 2525 554 2554 sed
578 2525 603 2553 in
627 2529 699 2554 statu
723 2528 839 2554 naturae
862 2525 968 2554 institu-

1022 503 1064 528 tae
1087 500 1176 529 virtus
1198 501 1358 537 generativa
1383 505 1410 530 et
1431 510 1525 531 semen
1555 503 1681 531 derisum
1703 503 1870 540 completam

1022 550 1048 575 et
1070 546 1253 576 sufficientem
1283 548 1399 577 haberet
1420 549 1568 578 virtutem:
1598 558 1665 587 ergo
1693 558 1804 587 semper
1826 550 1870 579 vel

1022 593 1128 630 pluries
1151 594 1290 623 masculos
1312 597 1438 631 generari
1462 597 1642 633 contingeret.

1101 641 1127 668 [ι.
1149 640 1232 674 Item,
1254 649 1318 670 cum
1335 650 1428 671 semen
1452 643 1502 671 viri
1519 645 1749 680 praedominatur
1771 645 1870 674 semini

1023 687 1166 721 mulieris,
1188 691 1254 716 tunc
1276 688 1310 716 ad
1332 689 1475 725 propriam
1498 694 1627 719 naturam
1651 692 1736 720 trahit
1761 696 1787 721 et
1809 701 1872 721 con-

1022 734 1121 768 vertit3
1144 734 1191 763 sed
1208 735 1363 763 secuudum
1386 737 1513 765 ordinem
1530 741 1646 766 naturae
1668 739 1811 768 masculus
1826 749 1871 777 po-

1023 781 1123 809 tentior
1145 784 1187 809 est
1212 781 1328 810 femina:
1352 790 1434 819 ergo,
1456 787 1557 812 natura
1572 788 1677 818 stante.
1701 794 1811 823 semper
1826 787 1870 816 vel

1022 828 1128 865 pluries
1150 828 1274 857 vinceret
1293 837 1386 857 semen
1410 830 1502 859 virile:
1524 839 1591 867 ergo
1606 831 1703 868 plures
1724 838 1871 869 generaret

1022 878 1123 904 natura
1145 876 1285 905 masculos
1306 885 1390 913 quam
1412 877 1553 906 mulieres.

1337 963 1550 985 CONCLUSIO.

1023 1032 1056 1061 δι’
1076 1032 1159 1061 homo
1181 1034 1337 1062 incensaeset
1367 1034 1397 1061 iu
1417 1038 1497 1063 statu
1528 1035 1728 1071 innocentiae,
1758 1043 1871 1067 uectura

1086 1080 1248 1118 aequaliter
1269 1081 1493 1118 multiplicasset
1512 1083 1593 1111 viros
1615 1088 1639 1112 et
1661 1084 1806 1113 mulieres.

1102 1159 1277 1188 Respoxono:
1301 1159 1472 1195 Dicendum,
1494 1162 1568 1199 quod
1586 1162 1608 1190 si
1631 1163 1714 1191 homo
1736 1164 1871 1199 stetisset,
1885 1174 1992 1193 eonciusio.

1022 1206 1176 1243 aequaliter
1198 1211 1297 1235 natura
1314 1207 1512 1244 multiplicaret
1534 1209 1608 1238 viros
1623 1213 1648 1238 et
1673 1210 1812 1240 mulieres.
1836 1228 1873 1232 —

1023 1254 1164 1283 Rationem
1193 1257 1286 1283 autem
1317 1255 1402 1284 huius
1424 1255 1503 1285 facile
1532 1261 1573 1285 031
1601 1257 1728 1294 accipere
1757 1266 1772 1286 a
1794 1262 1873 1295 parte

1021 1300 1090 1337 fluis
1112 1301 1153 1329 ad
1183 1310 1283 1339 quem,
1307 1302 1354 1331 sed
1387 1302 1499 1332 difficile
1525 1307 1566 1332 est
1597 1305 1723 1341 accipere
1745 1314 1761 1333 a
1793 1309 1871 1342 parte

1019 1348 1166 1385 principii
1186 1357 1204 1376 a
1226 1357 1290 1387 quo.

1101 1396 1119 1423 Α
1142 1398 1220 1432 parte
1248 1404 1370 1433 namque
1396 1396 1466 1433 finis
1497 1397 1538 1425 ad
1568 1407 1649 1436 quem
1680 1399 1750 1427 ratio
1776 1402 1817 1428 est
1846 1400 1872 1428 10
1911 1410 2003 1437 Ramex

1022 1447 1163 1480 promptu.
1182 1443 1251 1471 Cum
1274 1444 1346 1472 euim
1364 1444 1503 1473 distinctio
1526 1453 1647 1474 sexuum
1670 1450 1743 1475 esset
1758 1451 1872 1484 propter
1886 1436 1997 1457 paneam.

1022 1490 1282 1527 multiplicationem
1315 1492 1425 1527 generis
1457 1492 1573 1520 humani
1602 1496 1629 1521 et
1657 1494 1870 1531 completionem

1022 1538 1131 1566 numeri
1148 1538 1315 1570 electorum;
1331 1543 1358 1567 et
1380 1538 1426 1566 illa
1443 1539 1636 1576 multiplicatio
1652 1541 1685 1569 ad
1702 1549 1799 1570 omues
1814 1549 1872 1578 spe-

1022 1589 1124 1615 ctaret.
1146 1588 1173 1613 et
1195 1585 1246 1614 1100
1273 1585 1363 1614 solum
1387 1587 1542 1615 secundum
1575 1587 1662 1624 legem
1687 1589 1871 1621 matrimonii,

1023 1632 1049 1660 in
1071 1640 1127 1669 qua
1148 1635 1256 1660 tautum
1279 1641 1334 1661 una
1356 1637 1415 1661 erat
1442 1634 1540 1662 unius:
1564 1642 1677 1663 necesse
1699 1639 1752 1671 est,
1782 1636 1803 1664 si
1826 1644 1871 1664 na-

1022 1682 1086 1707 tura
1107 1679 1243 1712 stetisset,
1266 1683 1304 1708 tot
1326 1680 1411 1708 fuisse
1439 1680 1585 1712 mulieres.
1609 1685 1675 1718 quot
1698 1683 1784 1715 viros,
1807 1691 1871 1712 cum

1023 1726 1101 1754 nulla
1115 1726 1218 1755 mulier
1233 1731 1341 1755 careret
1357 1728 1426 1758 viro,
1441 1731 1468 1756 et
1483 1728 1579 1757 nullus
1592 1729 1634 1756 vir
1650 1734 1758 1758 careret
1773 1738 1872 1765 uxore,

1023 1781 1073 1801 nec
1095 1781 1150 1801 una
1172 1778 1244 1802 esset
1266 1774 1407 1811 plurium,
1431 1783 1480 1803 nec
1502 1775 1598 1812 plures
1620 1777 1704 1805 unius
1718 1776 1736 1804 Β.

1102 1820 1243 1849 Rationem
1267 1824 1359 1849 autem
1383 1830 1399 1850 a
1418 1826 1496 1858 parte
1516 1822 1660 1859 principii
1686 1822 1807 1861 effc’ctz'ui
1833 1832 1873 1853 as·
1910 1833 2003 1859 anuo-ex

1023 1868 1133 1905 signare
1155 1871 1196 1896 est
1228 1868 1358 1903 difficile,
1391 1873 1480 1906 potest
1504 1873 1595 1898 tamen
1625 1871 1663 1899 sic
1696 1859 2003 1908 investigari,Silllffp‘ffl'

1023 1915 1218 1944 descendendo
1241 1916 1274 1944 ad
1305 1917 1441 1953 principia
1454 1917 1579 1955 *alterius
1601 1918 1746 1953 scientiae,
1770 1919 1873 1948 scilicet

1023 1962 1159 1990 naturalis
1187 1966 1214 1990 et
1243 1963 1415 1998 medicinae,
1438 1972 1558 2000 quarum
1591 1968 1711 2002 utraque
1743 1965 1872 1994 famulari
1887 1974 2001 1993 Notandum.

1024 2009 1107 2037 hahet
1130 2009 1292 2046 theologiae.
1315 2010 1411 2047 Magna
1433 2014 1474 2039 est
1495 2012 1568 2040 enim
1592 2012 1717 2049 quaestio
1738 2013 1813 2049 apud
1829 2021 1874 2041 na-

1025 2056 1129 2085 turales
1150 2060 1176 2085 et
1198 2057 1321 2086 medicos
1336 2057 1370 2086 de
1392 2058 1523 2087 distantia
1538 2059 1723 2095 generationis
1746 2060 1831 2088 maris
1846 2063 1873 2088 et

1024 2104 1156 2138 feminae,
1174 2108 1201 2133 et
1223 2113 1286 2133 cum
1303 2106 1461 2142 quaeritur,
1485 2114 1572 2143 quare
1588 2107 1671 2135 modo
1692 2115 1767 2139 mas,
1790 2108 1872 2136 modo

1024 2151 1126 2179 femina
1147 2155 1310 2188 generatur,
1334 2152 1435 2189 triplex
1453 2153 1523 2181 ratio
1539 2153 1667 2182 redditur
1685 2162 1701 2181 a
1722 2154 1874 2182 diversis⁹.
1905 2164 2003 2190 *neudum

1024 2198 1082 2227 Una
1103 2207 1119 2227 a
1141 2203 1219 2235 parte
1240 2200 1321 2227 1111315
1345 2200 1548 2236 suscipientis:
1572 2200 1593 2229 si
1616 2201 1689 2229 enim
1719 2201 1872 2238 suscipitur
1885 2188 1953 2229 ffi'flex
1974 2193 2003 2206 ‘³'

1026 2246 1050 2274 iu
1074 2250 1152 2283 parte
1184 2246 1303 2280 dextra,
1336 2246 1447 2279 dicunt,
1481 2247 1555 2284 quod
1579 2247 1614 2275 ibi
1648 2250 1798 2283 generatur
1831 2247 1873 2275 vir

1024 2297 1138 2331 propter
1160 2294 1258 2322 sortem
1291 2293 1429 2327 calorem,
1451 2294 1497 2330 qui
1522 2294 1556 2321 ibi
1580 2294 1669 2330 viget3
1699 2295 1719 2322 si
1744 2294 1769 2322 10
1792 2297 1872 2331 parte

1025 2340 1152 2373 sinistra,
1168 2340 1206 2368 sic
1222 2340 1348 2376 generari
1367 2341 1450 2369 habet
1469 2341 1578 2369 mulier.
1594 2357 1630 2360 —
1653 2341 1780 2370 Secunda
1802 2341 1872 2370 ratio

1025 2386 1153 2414 redditur
1175 2394 1209 2414 ex
1228 2390 1305 2422 parte
1321 2387 1537 2415 comm{actiones¹
1560 2387 1707 2424 utriusque
1733 2396 1819 2417 sexus
1833 2388 1870 2423 ¹⁰,

1025 2433 1129 2461 scilicet
1150 2433 1202 2461 viri
1225 2437 1249 2461 et
1274 2433 1408 2461 mulieris.
1431 2434 1456 2461 Si
1479 2434 1552 2462 enim
1574 2434 1804 2471 praedominatur
1833 2444 1872 2465 se-

1025 2487 1087 2507 men
1111 2479 1178 2510 1111,
1202 2483 1266 2507 11100
1289 2480 1410 2508 trahitur
1432 2481 1466 2508 ad
1489 2484 1617 2509 naturam
1642 2481 1709 2516 viri,
1738 2485 1764 2510 et
1793 2490 1871 2519 gene-

1025 2529 1104 2553 ratur-
1126 2526 1284 2559 inasculus3
1306 2526 1326 2554 si
1353 2534 1417 2554 vero
1443 2534 1537 2555 semen
1561 2527 1702 2561 mulieris,
1731 2531 1797 2557 tunc
1820 2532 1872 2557 tra-

183 2691 189 2704 1
209 2690 253 2713 cfr.
271 2692 326 2713 oon.
350 2692 371 2717 ι,
391 2691 427 2712 ⁴27.

181 2730 190 2743 ἵ
209 2729 265 2752 Cod.
285 2737 317 2752 cc.
335 2733 356 2752 01
374 2731 410 2752 cd.
433 2731 437 2752 1
461 2730 491 2752 ila
510 2732 537 2753 et.

182 2769 191 2783 ³
209 2769 264 2791 Edd.
283 2772 304 2790 et
323 2770 401 2797 11111103
420 2769 487 2791 codd.
505 2769 603 2792 salvari.

185 2808 193 2821 ⁴
210 2809 265 2830 Gen.
289 2809 310 2835 l,
330 2809 366 2830 28.
383 2821 414 2824 -—
431 2809 483 2836 ch.
502 2812 575 2830 tesius
593 2812 627 2830 est
644 2808 699 2831 ibid.
718 2809 743 2835 2,

181 2847 191 2861 ⁵
208 2847 268 2869 Libr.
288 2848 346 2869 XVI.
374 2848 422 2869 sire
448 2848 497 2869 libr.
518 2848 539 2869 ll.
558 2848 586 2869 de
604 2848 707 2869 Generat.
735 2848 824 2870 animal.
847 2855 865 2870 c.
884 2849 911 2870 3:
931 2848 967 2870 Fc-

120 2888 180 2909 mina
199 2888 259 2909 00101
278 2887 343 2915 quasi
362 2893 410 2908 mas
428 2887 503 2908 laesus
520 2890 553 2908 est
571 2884 607 2912 (τὸ
624 2883 668 2916 γὰρ
686 2885 741 2914 Οῆλυ
753 2886 828 2916 ὥσπερ
842 2883 906 2916 ἅρῥεν
921 2885 968 2909 ἐστὶ

121 2926 297 2956 πεπηρώμενον).
316 2925 359 2948 Csr.
379 2925 433 2948 ibid.
453 2926 486 2947 tv.
506 2932 524 2948 c.
543 2926 567 2953 6,
587 2926 625 2948 ubi
645 2927 716 2948 hunc:
734 2927 818 2948 Sivxum
843 2927 967 2949 femineum

120 2966 184 2994 quasi
203 2966 326 2987 laesimwm
345 2965 470 2987 naturalem
489 2969 511 2987 et
529 2965 690 2987 detrimentum
713 2971 762 2987 0330
782 2966 908 2993 putandum
927 2970 966 2988 est.

183 3004 192 3018 ὓ
209 3004 269 3026 Libr.
288 3005 310 3026 ll.
336 3004 364 3026 110
386 3005 490 3026 (30001111.
509 3008 530 3026 01
547 3008 648 3031 corrupt.
667 3007 717 3026 text.
736 3004 772 3025 59.
792 3005 819 3029 (c.
843 3005 885 3032 10).
910 3004 967 3027 Vide

763 2808 799 2830 ⁴2⁴2.

1025 2697 1095 2719 supra
1114 2697 1166 2718 pag.
1185 2690 1237 2718 341,
1257 2694 1307 2713 uota
1331 2692 1347 2713 1.
1367 2704 1396 2706 —
1415 2692 1482 2713 Paulo
1501 2692 1595 2714 inferius
1617 2692 1669 2714 edd.
1693 2693 1709 2720 l,
1729 2694 1741 2715 2
1763 2696 1785 2715 et
1808 2694 1871 2716 11111111

1026 2730 1094 2752 codd.
1112 2729 1257 2752 desideraret
1273 2737 1314 2758 pro
1332 2730 1456 2753 desiderat.

1087 2769 1096 2783 ⁷
1114 2768 1157 2791 Csr.
1176 2770 1277 2797 Aristot,
1304 2770 1339 2791 iv.
1358 2770 1387 2791 110
1414 2770 1517 2792 Genesar.
1541 2771 1631 2792 animal.
1654 2777 1673 2793 c.
1696 2771 1713 2793 1.
1731 2772 1756 2799 6,
1775 2775 1797 2794 et
1819 2773 1872 2794 Avi-

1025 2815 1107 2836 evuna,
1126 2809 1156 2830 lll.
1175 2809 1259 2831 Canon.
1278 2809 1322 2831 Fen
1341 2810 1377 2831 21.
1396 2813 1422 2831 tr.
1445 2810 1461 2831 1.
1480 2816 1498 2832 c.
1522 2810 1553 2832 1-2.

1088 2847 1097 2862 ⁸
1116 2848 1172 2870 Vide
1189 2854 1258 2876 supra
1278 2855 1299 2877 q.
1322 2849 1338 2870 1.
1358 2849 1379 2870 10
1398 2855 1461 2876 corp.

1088 2887 1097 2901 ⁹
1114 2887 1157 2909 Cir.
1176 2887 1204 2909 de
1223 2888 1257 2909 1113
1282 2887 1408 2910 rationibus
1433 2889 1535 2915 Ariston,
1559 2889 1594 2911 tv.
1612 2889 1641 2911 de
1659 2890 1762 2911 Generat.
1781 2890 1872 2912 animat.

1025 2933 1043 2949 c.
1067 2927 1083 2948 l.
1102 2933 1162 2955 seq„
1181 2930 1203 2948 1-1
1219 2926 1346 2950 (3011110001.
1366 2928 1487 2955 Avcrrois,
1506 2928 1573 2956 ibid„
1591 2929 1718 2956 Aviceuna,
1738 2929 1769 2951 111.
1787 2928 1872 2952 Canon.

1025 2966 1068 2988 Fen
1087 2967 1123 2988 20.
1142 2971 1167 2988 tr.
1191 2967 1207 2988 1.
1226 2973 1244 2988 c.
1264 2967 1284 2988 3.
1303 2970 1324 2989 01
1342 2967 1385 2988 Fon
1405 2967 1440 2988 21.
1459 2971 1484 2989 tr.
1507 2968 1523 2989 1.
1543 2973 1560 2989 c.
1584 2968 1615 2989 12.

1088 3005 1107 3019 ¹0
1124 3005 1227 3027 Nonnulli
1246 3006 1312 3028 codd.
1330 3012 1383 3028 cum
1401 3006 1437 3029 ed.
1457 3007 1476 3028 1.
1494 3006 1596 3029 seminis.
