2243 3425
234 1012 263 1031 Ad
276 1012 350 1036 opposi-

364 223 419 251 640

443 300 468 327 Q.
490 298 567 331 ltem,
589 304 669 325 omne
685 295 828 329 accidens,
843 293 929 331 {quod
946 293 1031 322 habet
1052 292 1210 329 oppositum

364 349 461 383 potens
484 345 573 373 inesse
595 352 645 372 suo
661 342 803 375 subiecto,
819 344 860 369 est
875 339 1073 377 corruptibile,
1089 339 1137 368 sed
1154 346 1213 375 gra-

363 393 401 420 tia
422 391 571 428 opponitur
593 390 709 426 culpae,
730 392 757 416 et
779 387 862 424 culpa
882 389 974 424 potest
994 386 1085 415 inesse
1103 386 1213 414 animae

364 438 416 466 viri
439 438 520 469 iusti,
541 435 677 473 quamdiu
699 438 740 463 est
762 435 788 462 in
811 438 885 462 statu
907 434 986 462 viae:
1009 441 1076 469 ergo
1097 436 1148 461 etc.

444 484 469 512 3.
485 484 568 516 Item,
583 489 665 510 omne
680 481 825 514 accidens,
840 480 916 517 quod
931 483 973 508 est
987 479 1101 508 aliunde
1117 481 1144 507 et
1158 486 1213 507 non

364 530 448 558 habet
475 536 588 557 causam
612 528 638 555 in
661 527 805 560 subiectO,
828 530 918 563 potest
939 526 974 554 ab
1000 526 1047 554 illo
1069 525 1214 562 separari,

364 576 413 605 sed
435 575 524 612 gratia
546 577 587 603 est
608 575 636 602 in
658 574 752 602 anima
772 576 799 601 et
821 581 875 601 non
901 573 985 601 habet
999 575 1093 601 ortum
1109 572 1144 600 ab
1159 572 1215 600 ani-

364 630 426 650 ma:
449 629 516 658 ergo
538 623 628 658 potest
649 619 774 657 separari
796 619 831 648 ab
854 620 929 657 ipsa:
952 619 1001 648 sed
1024 623 1085 656 post
1106 627 1215 656 separa-

363 669 466 697 tionem
495 676 549 696 non
575 670 665 704 potest
686 667 714 695 in
742 675 802 694 csse
829 666 1008 695 conservari:
1031 674 1097 703 ergo
1126 666 1215 702 gratia

364 718 428 743 nata
449 718 491 743 est
513 714 664 750 corrumpi.

443 762 469 790 [ι.
492 762 576 792 Item.
597 768 679 789 omne
695 760 840 795 accidens,
862 760 943 789 cuius
962 760 1136 788 conservatio
1152 767 1216 796 pen-

364 809 411 838 det
431 817 467 837 ex
489 808 670 837 conversione
685 807 837 836 voluntatis
851 807 887 836 ad
902 807 1008 841 Deum,
1023 810 1065 835 est
1080 806 1216 843 corrupti-

363 856 434 890 bile,
457 863 520 884 cum
547 855 676 884 voluntas
701 855 789 891 possit
810 862 826 882 a
848 854 904 883 Deo
926 854 1034 887 averti;
1056 854 1104 882 sed
1126 853 1215 890 gratia

363 906 405 932 est
425 902 605 931 huiusmodi:
629 909 695 938 ergo
717 905 768 930 etc.

443 950 495 977 SED
517 957 641 977 CONTRA:
667 950 690 976 l.
706 948 804 976 Anima
819 956 852 976 eo
867 948 940 985 ipso.
962 948 1037 984 quod
1059 950 1101 976 est
1122 947 1214 984 imago

363 996 431 1030 Dei,
454 999 495 1024 est
517 995 738 1032 incorruptibilis
759 1012 798 1015 -
824 1005 838 1020 «
856 1003 910 1023 non
933 994 1006 1023 enim
1029 997 1102 1023 esset
1124 994 1215 1030 imago

363 1043 427 1077 Dei,
450 1043 522 1071 sicut
543 1042 609 1071 dicit
631 1042 803 1079 Augustinus
815 1042 839 1076 ¹,
855 1041 877 1070 si
893 1041 991 1069 mortis
1009 1041 1126 1069 termino
1142 1040 1215 1069 clau-

363 1090 500 1119 deretur»
513 1097 626 1126 —ergo
642 1097 705 1117 cum
723 1089 748 1117 in
772 1089 862 1125 gratia
877 1088 1009 1117 consistat
1024 1088 1116 1124 imago
1132 1087 1215 1116 resor-

365 1136 505 1168 niationis,
529 1136 656 1167 videtur.
678 1136 754 1172 quod
776 1135 865 1172 gratia
887 1136 922 1163 sit
944 1134 1174 1171 incorruptibilis.

443 1184 468 1211 ⁹2.
492 1183 571 1217 item,
587 1183 724 1216 accidens,
744 1182 818 1219 quod
834 1185 877 1211 est
892 1182 918 1210 in
935 1182 1060 1210 subiecto
1075 1189 1130 1209 non
1146 1189 1161 1209 a
1177 1189 1215 1215 se,

363 1229 410 1258 sed
434 1230 469 1257 ah
491 1229 560 1263 alio,
577 1237 630 1258 non
647 1233 777 1258 movetur
799 1229 958 1258 necessario
973 1228 1007 1257 ad
1024 1231 1131 1257 motum
1154 1228 1215 1257 eius

364 1276 390 1304 in
412 1284 468 1313 quo
489 1280 546 1310 est,
562 1276 633 1305 sicut
648 1279 724 1313 patet
739 1276 774 1305 de
789 1277 880 1313 specie
896 1276 1034 1304 existente
1050 1275 1076 1304 in
1092 1275 1215 1312 speculo,

363 1327 389 1352 et
404 1323 510 1352 lumine
525 1323 663 1352 existente
678 1323 705 1351 in
722 1323 832 1357 medio;
855 1323 903 1352 sed
920 1323 1009 1359 gratia
1023 1326 1065 1351 θεῖ
1080 1322 1107 1350 in
1122 1323 1216 1350 anima

363 1378 417 1398 non
439 1379 455 1398 a
477 1378 518 1405 se,
534 1370 583 1399 sed
598 1378 613 1398 a
629 1370 700 1399 Deo:
718 1378 784 1407 ergo
800 1378 854 1398 non
870 1370 995 1404 videtur,
1016 1369 1091 1406 quod
1106 1369 1141 1397 ad
1157 1377 1216 1397 mu-

363 1417 494 1445 tationem
510 1424 561 1445 seu
576 1416 610 1445 ad
627 1416 809 1445 variationem
825 1416 935 1444 animae
951 1419 1161 1452 corrumpatur.

443 1463 469 1492 3.
491 1464 574 1495 Item.
596 1463 640 1492 his
662 1472 734 1501 quae
756 1467 821 1492 sunt
843 1464 1056 1500 corruptibilia,
1079 1463 1156 1492 dedit
1178 1463 1216 1492 di-

364 1511 428 1539 vina
450 1510 540 1539 virtus
562 1510 735 1547 propagandi
757 1510 924 1547 potentiam:
948 1510 1034 1547 igitur
1055 1514 1105 1539 aut
1126 1511 1215 1547 gratia

363 1565 418 1585 non
440 1560 482 1586 est
503 1557 709 1594 corruptibilis.
725 1560 774 1585 aut
790 1557 811 1585 si
828 1557 1036 1593 corrumpitur,
1059 1557 1143 1586 hahet
1158 1557 1213 1586 vim

364 1603 536 1640 producendi
560 1603 678 1640 gratiam
700 1604 752 1632 sihi
775 1604 895 1633 similem
907 1615 915 1638 ς
931 1604 978 1633 sed
995 1604 1085 1641 gratia
1100 1612 1155 1632 non
1170 1612 1216 1641 po-

365 1653 418 1678 test
440 1649 491 1678 sibi
514 1649 632 1678 similem
656 1650 829 1686 producere,
858 1651 930 1679 sicut
956 1651 983 1679 in
1006 1651 1097 1688 primo
1120 1651 1191 1679 libro
1206 1650 1215 1665 ²

364 1700 507 1725 ostensum
530 1700 588 1725 est:
611 1704 677 1733 ergo
700 1705 752 1725 non
776 1701 817 1726 est
838 1697 1029 1734 corruptibilis
1051 1698 1086 1727 de
1107 1706 1145 1726 se.

444 1743 470 1771 lt.
493 1743 575 1777 Item,
604 1751 686 1772 omne
708 1744 782 1780 quod
805 1744 998 1781 corrumpitur
1020 1745 1047 1772 in
1071 1748 1216 1781 tempore,

366 1790 408 1818 sui
431 1790 615 1818 diuturnitate
644 1791 762 1819 senescit
792 1791 817 1819 in
847 1794 973 1828 tempore
987 1791 1013 1825 ³;
1036 1792 1083 1820 sed
1107 1792 1215 1828 gratia,

366 1840 469 1874 quanto
484 1837 572 1874 magis
588 1837 672 1866 durat
687 1837 713 1865 in
730 1838 855 1872 homine,
871 1841 947 1867 tanto
962 1839 1111 1876 perfectior
1133 1843 1174 1868 est
1189 1843 1216 1868 et

365 1884 491 1913 stabilior
512 1887 539 1912 et
561 1885 649 1920 magis
665 1888 780 1913 renovat
795 1885 944 1922 spiritum:
968 1893 1034 1922 ergo
1057 1886 1145 1923 gratia
1161 1895 1215 1915 non

366 1931 478 1959 videtur
500 1931 652 1968 corrumpi.

447 1979 471 2006 ὃ.
494 1978 574 2011 Item,
595 1978 617 2006 si
634 1978 722 2014 gratia
737 1979 944 2015 corrumpitur,
960 1983 1009 2007 aut
1024 1981 1217 2017 corrumpitur

366 2033 382 2053 a
404 2025 478 2057 Deo,
501 2027 550 2052 aut
571 2032 587 2052 a
608 2024 696 2053 libero
718 2025 862 2059 (ιφ-Μίνω,
885 2029 933 2054 aut
948 2034 964 2054 a
975 2030 1106 2062 peceato.-
1127 2035 1143 2055 a
1158 2028 1216 2056 Deo

366 2079 430 2106 non,
446 2078 509 2099 cum
526 2071 643 2107 gratiam
659 2072 802 2109 corrumpi
818 2073 853 2100 sit
868 2072 987 2107 malum,
1002 2082 1018 2101 a
1034 2073 1122 2101 libero
1141 2074 1217 2102 (crhi—

367 2119 423 2146 trt'o
436 2126 499 2151 non,
512 2126 575 2146 cum
588 2118 698 2147 nullum
714 2119 870 2148 subiectum
887 2123 1050 2157 corrumpat
1065 2128 1145 2149 suam
1158 2129 1218 2158 per-

365 2164 544 2198 fectionem⁴;
566 2172 582 2193 a
599 2169 718 2201 peceato
740 2173 807 2199 non,
829 2166 895 2203 quia
916 2170 1061 2202 peccatum
1083 2170 1124 2195 est
1146 2176 1218 2204 pura

365 2211 493 2249 privatio,
506 2214 532 2240 et
544 2212 652 2240 modica
664 2212 753 2249 gratia
766 2216 856 2249 potest
870 2220 956 2250 super
967 2221 1078 2242 omnem
1091 2214 1216 2251 culpam:

366 2266 432 2295 ergo
448 2266 512 2287 cum
528 2258 597 2286 nihil
612 2258 713 2287 habeat
728 2267 912 2296 corrumpens
922 2282 929 2294 ,
945 2259 1069 2294 videtur,
1086 2260 1161 2297 quod
1183 2261 1218 2289 sit

366 2305 594 2342 incorruptibilis.

447 2353 471 2380 6.
493 2352 578 2386 Item,
594 2352 615 2380 si
632 2353 837 2389 corrumpitur,
853 2357 901 2381 aut
916 2354 1109 2390 corrumpitur
1125 2354 1151 2382 iu
1166 2354 1218 2382 αίί-

366 2399 454 2437 qut'd,
476 2403 524 2427 aut
547 2399 573 2427 in
594 2398 678 2427 ozilitl.
700 2399 726 2427 Si
748 2399 775 2427 in
791 2400 923 2438 aliquid,
939 2408 1058 2437 quaero:
1084 2401 1110 2429 in
1127 2401 1217 2438 quid?

366 2445 419 2474 Nec
441 2448 482 2474 est
496 2445 602 2483 aliquid
618 2445 701 2480 dare,
717 2454 780 2475 cum
798 2454 851 2475 non
868 2446 1041 2484 producatur
1057 2455 1092 2475 ex
1109 2447 1216 2484 aliquo,

367 2491 416 2520 sed
438 2492 472 2521 de
494 2492 590 2521 nihilo.
613 2493 639 2520 Si
662 2493 688 2521 in
708 2492 803 2527 vulti&
825 2498 940 2522 contra:
964 2493 1032 2521 nihil
1055 2494 1131 2531 quod
1159 2502 1216 2522 cor—

432 2648 438 2662 1
458 2648 515 2671 Vide
533 2655 601 2677 supro
618 2656 671 2678 pag.
691 2650 742 2678 411,
761 2654 812 2673 noto
831 2651 851 2673 3.

429 2687 439 2702 ‘²
456 2688 510 2710 Dist.
532 2688 564 2710 17.
582 2695 605 2716 p.
624 2689 646 2711 11.
664 2696 686 2718 q.
704 2690 724 2711 Q.
744 2702 773 2705 —
791 2690 822 2712 De
839 2689 928 2713 mareri
945 2690 984 2713 cfr.
1002 2697 1071 2719 supra
1091 2697 1143 2719 pag.
1164 2691 1215 2719 215,

368 2730 418 2749 nota
438 2726 458 2748 4.

431 2764 440 2779 ³
457 2765 500 2787 Cfr.
519 2766 616 2793 Ariston,
634 2767 669 2789 lY.
690 2767 755 2795 Phys.
775 2770 824 2789 text.
847 2768 895 2789 117.
916 2768 943 2790 (c.
967 2769 1021 2796 12),
1040 2774 1067 2790 ex
1080 2774 1126 2797 quo
1145 2775 1215 2796 supra

368 2809 422 2831 pag.
440 2804 476 2831 66,
495 2808 545 2827 nota
573 2806 593 2827 2.
619 2806 734 2834 quaedam
760 2807 823 2828 allata
842 2809 900 2829 sunt.
921 2820 950 2822 —
968 2807 989 2829 In
1017 2807 1061 2829 sine
1079 2814 1128 2835 arg.
1147 2807 1216 2830 codd.

369 2842 388 2863 K
399 2842 417 2863 M
428 2842 446 2864 Υ
464 2842 592 2871 adiungunt
608 2850 682 2873 posse.

432 2880 440 2894 ⁴
458 2880 502 2903 Cir.
529 2882 634 2911 Aristot„
653 2884 667 2906 1.
694 2884 760 2912 Phys.
788 2887 839 2907 text.
866 2885 902 2906 81.
922 2885 950 2913 (c.
969 2885 1013 2913 9.);
1033 2885 1118 2912 Boeth.,
1137 2884 1168 2906 111.
1187 2884 1216 2906 de

370 2917 458 2941 Consol.
477 2926 543 2946 prosa
564 2921 685 2944 lttporro
703 2926 786 2951 autem,
805 2923 868 2952 quod
881 2924 964 2952 cuique
982 2926 1161 2946 consentaneum
1174 2926 1214 2951 est,

369 2957 392 2979 id
408 2959 591 2988 unumquodque
609 2964 741 2988 conservat,
758 2963 823 2984 sicuti
848 2969 873 2985 ea
893 2969 952 2991 quae
969 2966 1021 2985 sunt
1038 2963 1129 2984 inimica
1145 2980 1150 2990 ,
1168 2968 1216 2984 cor-

370 3000 487 3024 rumpunt.

1047 213 1300 243 SENTENTIARUM
1322 213 1382 241 LIB.
1403 213 1431 241 ΙΙ.

1270 291 1422 328 rumpitur.
1438 290 1542 319 secedit
1556 290 1669 318 omnino
1684 290 1712 318 in
1727 298 1845 318 iton-ens
1856 289 1873 317 ⁵.
1886 289 1912 317 Si
1928 289 2013 326 igitur
2028 289 2117 325 gratia

1270 337 1476 366 nobilissimum
1492 340 1533 366 est
1548 337 1620 365 inter
1635 337 1729 365 omnia
1743 336 1912 370 accidentia,
1934 339 1961 364 et
1975 336 2050 365 Deus
2064 344 2118 364 non

1271 384 1407 421 permittit
1428 384 1482 412 alia
1503 384 1657 413 accidentia
1678 384 1705 412 in
1727 391 1842 412 non-ens
1865 383 1980 418 cedere,
1995 383 2121 418 videtur,

1271 430 1345 467 quod
1368 438 1419 459 nec
1441 431 1475 459 de
1496 431 1586 467 gratia
1607 430 1758 467 permittat.

1587 516 1602 536 c
1611 516 1627 537 o
1635 517 1654 537 N
1663 516 1678 536 c
1686 517 1702 536 L
1711 517 1728 537 n
1738 516 1751 537 s
1759 517 1768 536 1
1776 516 1800 537 o.

1309 586 1417 615 Gratia
1431 591 1473 616 cst
1487 586 1688 623 corruptibilis
1704 590 1728 615 et
1744 587 1776 615 in
1789 585 1864 615 nihil
1877 590 1969 624 potest
1982 586 2086 624 rediyi.

1352 665 1530 693 RESPONDEo:
1553 665 1722 699 Dicendum,
1744 665 1819 702 quod
1841 673 1904 694 cum
1928 665 2017 702 gratia
2032 665 2067 694 sit
2081 673 2122 694 ac-

1272 711 1382 746 cidens,
1404 720 1459 740 non
1480 715 1571 749 potest
1592 720 1652 741 esse
1680 716 1792 749 praeter
1818 712 1993 747 subiectum,
2016 712 2042 740 in
2066 720 2121 749 quo

1272 761 1332 792 θεῖς
1354 762 1381 787 θῖ
1402 767 1465 787 cun]
1489 759 1515 787 in
1538 759 1679 793 subiecto,
1702 760 1729 787 in
1751 767 1807 796 quo
1829 763 1883 794 est,
1905 767 1959 788 non
1982 759 2068 796 possit
2090 759 2123 788 si-

1272 805 1331 834 mul
1354 813 1418 834 cum
1440 806 1522 842 culpa
1544 806 1711 840 subsistere,
1732 809 1759 835 et
1780 806 1833 843 ipsi
1855 806 1996 839 subiecto,
2017 806 2045 834 in
2066 813 2122 843 quo

1272 855 1314 880 est
1334 853 1439 889 gratia,
1454 853 1595 890 contingat
1609 853 1722 889 culpam
1738 853 1846 882 inesse:
1862 860 1975 882 necesse
1991 856 2047 887 est,
2061 860 2121 890 gra-
2133 859 2226 879 efflemsi(

1272 899 1337 927 tiam
1361 907 1421 928 esse
1442 899 1510 936 quid
1533 899 1724 936 corruptibile.
1739 916 1778 920 —-
1793 900 1927 933 Rursus,
1950 907 2013 928 cum
2034 899 2123 937 gratia

1272 953 1326 974 non
1347 946 1522 983 producatur
1543 954 1578 975 ex
1601 946 1696 983 aliquo
1717 946 1911 981 materialiter,
1934 947 1983 975 sed
2005 947 2040 975 sit
2061 947 2123 976 sim-

1271 992 1381 1029 pliciter
1402 993 1507 1021 donum
1529 993 1684 1030 gratuitum
1711 996 1738 1022 et
1762 993 1875 1022 omnino
1902 993 2057 1022 desursum
2080 994 2123 1022 cle-

1271 1040 1410 1067 scandens
1424 1048 1444 1068 ct
1459 1040 1551 1068 Patre
1567 1040 1714 1068 luminum
1724 1040 1752 1073 6;
1767 1043 1794 1069 θῖ
1809 1048 1891 1069 omne
1908 1040 1984 1078 quod
1999 1048 2123 1070 corrum-

1272 1087 1364 1123 pitur,
1387 1087 1413 1115 in
1436 1087 1464 1116 id
1486 1088 1582 1119 cedat,
1608 1087 1684 1116 unde
1710 1087 1896 1124 producitur:
1922 1095 2035 1117 necesse
2063 1091 2122 1122 est,

1272 1134 1405 1170 gratiam,
1429 1134 1501 1163 sicut
1522 1142 1559 1163 ex
1580 1134 1669 1162 nihilo
1690 1134 1874 1171 producitur,
1896 1134 1935 1163 sic
1950 1135 1981 1163 in
1995 1133 2121 1163 nihilum
2135 1140 2224 1159 Conclusi·

1271 1181 1384 1218 recliyz',
1400 1189 1463 1209 cum
1480 1181 1681 1218 corrumpitur.
1697 1198 1735 1201 ——
1750 1181 1824 1210 Talis
1838 1185 1931 1210 autem
1946 1181 2052 1210 modus
2066 1189 2124 1210 cor-

1273 1227 1422 1264 rumpendi
1451 1236 1504 1256 non
1535 1228 1626 1256 solum
1656 1228 1788 1265 competit
1813 1229 1918 1265 gratiae
1943 1229 2050 1257 ratione
2079 1228 2123 1257 sui
2132 1233 2223 1257 Duplexr

1273 1273 1369 1307 initii,
1393 1275 1441 1303 sed
1463 1275 1545 1303 etiam
1563 1275 1669 1303 ratione
1685 1283 1745 1303 esse
1764 1275 1884 1312 proprii
1902 1275 1960 1304 sive
1977 1275 2052 1304 modi
2067 1275 2124 1304 exi·
2134 1262 2168 1281 pm
2177 1262 2222 1276 ⁰⁰⁰⁰

1273 1321 1372 1349 stendi.
1397 1322 1524 1354 Ratione,
1546 1321 1679 1358 inquam,
1706 1322 1750 1350 sui
1772 1322 1868 1356 otiati,
1891 1322 1972 1359 quia,
1994 1322 2066 1351 sicut
2087 1323 2125 1351 di-

1273 1371 1348 1396 ctum
1371 1372 1428 1401 est,
1450 1368 1523 1397 sicut
1544 1377 1579 1398 ex
1602 1368 1689 1397 nihilo
1705 1369 1888 1406 producitur,
1904 1369 1940 1398 ita
1957 1369 1985 1397 in
1999 1370 2069 1398 nihil
2085 1377 2125 1399 re-

1273 1415 1391 1452 digitur.
1414 1416 1653 1453 quemadmodum
1671 1416 1698 1444 in
1714 1416 1776 1445 aliis
1790 1416 1982 1445 accidentibus
1998 1417 2124 1446 consimi-

1274 1462 1336 1490 liter
1351 1463 1500 1499 reperitur,
1516 1462 1591 1499 quod
1606 1463 1633 1491 in
1650 1463 1677 1491 id
1692 1463 1819 1497 redeunt,
1835 1463 1911 1492 unde
1929 1467 2043 1498 exeunt,
2059 1472 2123 1492 cum

1273 1509 1479 1546 producuntur.
1495 1526 1534 1530 ——
1549 1509 1686 1547 Competit
1711 1510 1794 1538 etiam
1817 1510 1869 1539 hoc
1891 1511 1915 1539 ei
1937 1511 2044 1539 ratione
2066 1519 2125 1539 esse

1270 1556 1390 1593 proprii
1416 1556 1474 1585 sive
1504 1557 1578 1585 modi
1600 1557 1753 1592 existendi,
1781 1558 1926 1594 quoniam,
1949 1566 2013 1587 cum
2036 1558 2125 1595 gratia

1272 1611 1326 1632 non
1350 1607 1481 1632 causetur
1497 1612 1532 1632 ex
1548 1604 1693 1641 principiis
1708 1604 1768 1633 eius
1790 1605 1817 1633 in
1843 1613 1898 1642 quo
1913 1608 1967 1639 est,
1982 1605 2032 1634 sed
2047 1605 2125 1634 aliud

1273 1651 1375 1679 haheat
1396 1658 1447 1687 pro
1468 1650 1612 1685 subiecto,
1634 1651 1712 1679 aliud
1734 1659 1785 1688 pro
1807 1660 1901 1680 eausa
1914 1675 1923 1685 ,
1945 1652 2125 1689 quemadmo-

1273 1698 1357 1731 dum,
1373 1705 1437 1726 cum
1454 1697 1549 1726 lumen
1565 1698 1771 1734 corrumpitur,
1787 1698 1830 1726 vel
1853 1698 2007 1727 similitudo
2022 1699 2050 1727 in
2066 1706 2126 1736 spe-

1273 1744 1345 1778 culQ
1362 1744 1405 1772 vel
1422 1744 1482 1781 ipsa
1498 1744 1604 1781 species
1620 1744 1645 1772 in
1661 1745 1763 1779 anima,
1776 1753 1830 1773 non
1846 1745 2039 1781 corrumpitur
2054 1745 2125 1774 illud

1274 1791 1301 1819 in
1323 1799 1379 1828 quo
1400 1794 1457 1825 est,
1480 1799 1529 1819 nec
1552 1791 1625 1820 redit
1645 1791 1680 1819 ad
1703 1791 1773 1820 illud
1796 1800 1812 1820 a
1833 1800 1888 1829 quo
1904 1795 1960 1826 est,
1977 1792 2025 1821 sed
2041 1800 2126 1829 quan-

1275 1841 1334 1867 tum
1356 1841 1398 1867 est
1419 1838 1454 1867 de
1469 1846 1511 1873 se,
1532 1838 1558 1866 in
1575 1838 1643 1866 nihil
1659 1839 1749 1867 cedit:
1773 1839 1812 1868 sic
1834 1839 2050 1877 gratia—quia
2070 1847 2125 1868 non

1274 1886 1358 1914 habet
1379 1894 1438 1913 esse
1458 1885 1485 1913 in
1507 1885 1600 1914 anima
1621 1892 1671 1922 per
1693 1885 1809 1914 modum
1831 1890 1975 1920 naturae,
2004 1886 2053 1915 sed
2074 1893 2126 1923 per

1274 1933 1391 1961 modum
1407 1931 1535 1966 liabitas,
1547 1935 1579 1961 ut
1594 1932 1673 1969 prius
1683 1932 1691 1945 ⁷
1705 1933 1832 1961 habitum
1848 1936 1897 1967 est,
1913 1940 1964 1962 nec
1978 1940 2015 1962 ex
2028 1932 2126 1970 princi-

1275 1980 1327 2016 piis
1348 1979 1458 2008 animae
1472 1979 1650 2016 producitur
1661 1995 1699 1998 —
1715 1987 1780 2008 cum
1796 1980 1998 2017 corrumpitur,
2014 1980 2041 2008 in
2055 1978 2126 2008 nihil
2225 2006 2226 2010 ,

1275 2026 1422 2063 redigitur.
1450 2026 1480 2054 Et
1500 2029 1650 2063 propterea
1668 2030 1830 2063 peccatum,
1853 2027 1880 2055 in
1902 2035 1958 2064 (1110
1973 2027 2004 2056 fit
2019 2028 2124 2064 gratiae
2134 2017 2226 2055 Coronat*

1275 2073 1434 2109 corruptio,
1463 2072 1567 2101 dicitur
1588 2080 1648 2102 esse
1670 2072 1786 2107 nz'lzz‘lS,
1809 2077 1836 2102 et
1857 2074 1929 2102 inter
1951 2082 2048 2103 omnes
2069 2082 2127 2103 cor·
2225 2066 2227 2075 '

1276 2119 1421 2156 ruptiones
1433 2127 1544 2148 summo
1559 2119 1671 2147 Auctori
1687 2123 1714 2148 et
1729 2119 1924 2149 Conservatori
1940 2121 2065 2149 omnium
2082 2121 2127 2150 ho-

1274 2174 1377 2194 norum
1400 2166 1523 2194 maxime
1545 2166 1693 2203 displicere
1714 2166 1895 2203 dignoscitur.
1915 2184 1954 2187 —
1972 2168 2127 2197 Conceden-

1275 2213 1327 2241 dae
1353 2216 1419 2241 sunt
1447 2212 1532 2249 igitur
1560 2213 1682 2242 rationes
1710 2213 1903 2248 ostendentes,
1932 2214 2008 2251 quod
2037 2216 2127 2252 gratia

1275 2259 1477 2296 corrumpitur.
2224 2283 2225 2286 ,

1357 2307 1380 2334 l.
1402 2306 1441 2335 Ad
1463 2306 1533 2335 illud
1556 2314 1622 2343 ergo
1645 2306 1719 2344 quod
1746 2307 1837 2343 primo
1863 2307 1994 2336 obiicitur
2016 2308 2042 2337 in
2065 2312 2226 2343 con-Soipuo'

1274 2353 1403 2388 trarium,
1419 2353 1494 2390 quod
1511 2353 1537 2381 in
1553 2353 1642 2390 gratia
1657 2354 1798 2391 reperitur
1814 2354 1884 2382 ratio
1900 2354 2037 2392 imaginis,
2053 2356 2126 2385 sicut
2138 2342 2225 2386 mmm&

1275 2400 1301 2428 in
1324 2400 1433 2433 anima,
1456 2400 1622 2434 dicendum,
1645 2400 1720 2437 quod
1743 2400 1824 2429 aliter
1840 2403 1867 2429 et
1882 2401 1962 2430 aliter
1984 2403 2126 2439 reperitur

1275 2447 1366 2484 imago
1389 2446 1431 2475 hic
1454 2450 1481 2475 et
1503 2447 1548 2475 ihi.
1572 2447 1682 2476 Anima
1698 2447 1772 2476 enim
1793 2459 1806 2474 «
1821 2451 1862 2477 est
1878 2448 1968 2485 imago
1984 2449 2045 2484 Dei,
2060 2449 2126 2486 quia

1275 2502 1365 2531 capax
1388 2493 1435 2522 Dei
1458 2497 1499 2522 est
1520 2497 1547 2522 et
1568 2494 1708 2531 particeps
1724 2502 1784 2523 esse
1800 2498 1890 2532 potest
1902 2495 1911 2508 ⁹
1925 2506 1937 2521 »
1950 2518 1956 2530 ,
1971 2499 1998 2524 et
2014 2496 2051 2524 ita
2065 2504 2127 2533 pro-

1338 2651 1347 2666 5
1364 2650 1408 2674 Csr.
1427 2652 1524 2680 Aristot„
1545 2652 1558 2674 I.
1578 2651 1606 2673 de
1632 2652 1736 2674 Generat.
1763 2654 1784 2673 ct
1802 2655 1902 2679 corrupt.
1922 2654 1974 2674 text.
1993 2652 2029 2674 20.
2048 2656 2069 2675 et
2087 2653 2123 2675 23.

1275 2689 1303 2717 (C.
1322 2690 1344 2712 3.
1361 2691 1428 2718 serp).

1336 2728 1346 2743 6
1364 2729 1405 2751 luc.
1429 2729 1445 2757 1,
1468 2729 1500 2751 17.
1519 2741 1549 2744 -
1566 2728 1608 2751 Pro
1626 2730 1647 2751 et
1664 2728 1760 2752 omnino
1779 2729 1846 2752 codd.
1865 2730 1882 2752 H
1893 2730 1912 2751 K
1924 2730 1941 2752 Y
1959 2731 1980 2753 et
1997 2729 2054 2753 ideo.

1337 2768 1347 2782 ⁷
1363 2768 1403 2790 Hic
1422 2774 1443 2797 q.
1462 2769 1482 2790 -2,
1501 2774 1548 2797 seq.
1566 2780 1598 2784 —
1609 2768 1678 2790 Paulo
1691 2769 1798 2796 superius
1811 2774 1853 2796 pro
1871 2768 1931 2792 cedit
1947 2769 1983 2791 ed.
2006 2770 2010 2791 1
2033 2769 2123 2793 secedit.

1337 2806 1347 2821 S
1363 2808 1468 2835 August„
1486 2808 1507 2829 in
1526 2807 1585 2829 ioan.
1605 2807 1691 2835 Evang.
1716 2810 1779 2830 tract.
1802 2808 1818 2829 1.
1837 2814 1859 2830 n.
1883 2808 1918 2830 13:
1938 2808 2058 2830 Peccatum
2077 2809 2124 2837 qui-

1275 2845 1328 2868 dem
1347 2852 1390 2868 non
1409 2852 1450 2874 per
1468 2847 1544 2874 ipsum
1564 2846 1688 2874 [Verbum]
1706 2847 1792 2869 sactum
1810 2850 1854 2874 est;
1872 2849 1893 2869 et
1912 2847 2057 2869 manifestum
2075 2851 2122 2876 est,

1274 2886 1327 2913 quia
1346 2888 1466 2913 peccatum
1484 2884 1545 2907 izilztt
1562 2888 1602 2913 est,
1620 2888 1642 2907 et
1658 2884 1719 2908 nihil
1735 2885 1793 2908 fiunt
1810 2886 1925 2913 homines,
1948 2892 2001 2908 cum
2020 2889 2123 2913 peccant.

1336 2923 1346 2938 ⁹
1363 2925 1467 2952 August„
1486 2924 1546 2946 XIV.
1573 2924 1601 2946 de
1627 2924 1690 2946 Triss.
1717 2930 1736 2946 c.
1763 2924 1783 2946 8.
1808 2930 1829 2946 n.
1852 2925 1884 2946 11.
1902 2936 1933 2941 —
1951 2924 1982 2947 Dc
2000 2931 2064 2953 seqq.
2083 2925 2122 2946 cfr.

1273 2970 1342 2991 supra
1362 2964 1382 2986 d.
1406 2965 1437 2986 19.
1456 2970 1475 2985 a.
1498 2965 1515 2986 1.
1534 2970 1555 2993 (1.
1578 2965 1594 2986 1.
1613 2965 1634 2986 in
1653 2970 1716 2992 corp.
1734 2967 1756 2986 et
1774 2964 1794 2986 d.
1818 2964 1850 2986 16.
1868 2970 1888 2986 a.
1907 2964 1927 2986 2.
1947 2970 1968 2992 (1.
1987 2964 2007 2986 3.
2025 2963 2055 2986 ad
2077 2964 2094 2985 1.
