2243 3425
224 2474 253 2492 Ad
267 2475 342 2497 opposi-

354 201 411 230 694

1034 195 1286 225 SENTENTIARUM
1308 195 1367 224 LIB.
1390 195 1419 223 ll.

628 339 1067 389 COMMENTARIUS
1102 339 1164 387 IN
1197 339 1636 387 DISTINOTIONEM
1669 338 1829 387 XXIX.

806 467 851 500 De
876 467 972 511 gratia
998 466 1167 500 secundum
1194 472 1307 499 statum
1332 472 1460 499 naturae
1484 466 1650 499 institutae.

981 584 1052 612 Post
1073 583 1143 612 liaeo
1164 583 1413 612 considercvnditm
1435 587 1486 612 etc.

1088 705 1211 734 DIVISIO
1232 706 1370 734 TEXTUS.

432 807 522 843 Supra
537 805 657 834 ostendit
672 805 814 841 Magister,
829 806 966 841 quantum
989 803 1110 832 liberum
1132 802 1203 831 arbi-

352 855 439 883 trium
458 854 563 891 indiget
583 852 691 881 auxilio
712 852 818 889 gratiae
833 851 989 881 secundum
1006 854 1110 880 statum
1125 853 1203 878 natu-

352 909 401 930 rae
422 901 524 938 lapsae.
546 900 575 929 10
591 900 643 929 hac
658 903 738 936 parte
752 898 885 936 inquirit,
906 901 1003 927 utrum
1019 897 1128 935 eguerit
1143 905 1203 934 gra-

352 949 390 977 tia
404 950 537 985 operante
552 950 579 976 et
593 949 760 984 cooperante
779 946 936 975 secundnm
958 948 1062 974 statum
1084 949 1202 973 naturae

352 995 502 1025 institutae.
518 994 661 1023 Dividitur
679 996 774 1022 autem
795 1000 862 1030 pars
882 992 934 1021 ista
956 992 984 1020 in
1006 994 1101 1029 partes
1122 991 1201 1020 duas.

351 1043 379 1072 10
402 1050 522 1080 quarum
538 1041 629 1079 prima
644 1040 812 1069 determinat
826 1040 861 1069 de
875 1039 982 1068 auxilio
998 1039 1111 1076 gratiae,
1127 1038 1202 1075 quod

352 1090 483 1120 collatum
506 1089 558 1117 fuit
578 1087 684 1116 homini
706 1090 769 1116 ante
784 1089 940 1124 peccatum.
962 1086 991 1114 10
1014 1085 1137 1114 secunda
1152 1093 1202 1122 per

352 1137 511 1175 oppositum
534 1135 702 1164 determinat
724 1134 758 1163 de
780 1133 917 1171 supplicio
938 1140 1052 1170 poenae,
1068 1132 1144 1169 quod
1166 1132 1203 1160 in-

352 1185 460 1214 flictum
481 1183 534 1212 fnit
549 1182 655 1211 bomini
670 1185 733 1219 post
746 1183 907 1218 peccatum,
924 1180 975 1208 ibi:
992 1180 1026 1208 Ivi
1043 1179 1123 1207 illius
1137 1188 1203 1217 quo-

353 1240 406 1270 que
423 1230 539 1268 peccati
557 1237 682 1267 poenam
703 1231 754 1257 etc.
776 1228 870 1256 Prima
891 1235 957 1264 pars
979 1226 1064 1255 habet
1079 1226 1157 1255 (luas.
1174 1226 1202 1254 10

352 1279 444 1316 prima
464 1277 581 1314 inquirit
602 1277 746 1313 Magister,
775 1278 873 1304 utrum
901 1274 1023 1303 liberum
1052 1273 1203 1302 arbitrium

352 1325 475 1355 hominis
495 1328 559 1353 ante
585 1324 696 1361 lapsum
718 1322 807 1360 gratia
828 1322 945 1359 eguerit.
967 1321 1094 1350 Secundo
1116 1328 1201 1355 vero,

1260 806 1358 831 utrum
1379 802 1408 830 in
1430 805 1503 831 statu
1525 802 1573 831 illo
1588 802 1706 839 gratiam
1722 806 1749 832 et
1763 803 1882 832 virtutes
1896 802 2036 837 habuerit,
2051 802 2108 831 ihi:

1260 850 1421 878 Praeterea
1433 849 1540 887 quaeri
1549 849 1628 883 solet,
1640 853 1743 877 utrum
1755 848 1839 878 homo
1851 853 1917 878 ante
1929 850 2046 887 lapsum
2057 853 2109 878 etc.

1259 896 1391 925 Similiter
1413 896 1537 925 secunda
1557 904 1623 933 pars
1642 895 1804 933 principalis
1819 896 1889 925 duas
1904 896 1997 925 habet.
2012 896 2041 924 ln
2055 896 2110 933 pri-

1260 952 1306 972 ma
1327 943 1509 977 determinat,
1532 943 1688 972 cuiusmodi
1711 951 1800 980 poena
1821 943 1905 972 homo
1927 944 2011 973 fuerit
2032 943 2111 981 puni-

1260 994 1305 1020 tus
1327 993 1442 1027 propter
1461 993 1623 1028 peccatum,
1640 990 1767 1019 videlicet
1781 998 1871 1028 poena
1885 990 2060 1028 expulsionis
2075 990 2110 1019 de

1259 1038 1391 1075 paradiso
1403 1049 1409 1072 ;
1431 1037 1480 1066 ubi
1501 1038 1585 1066 etiam
1600 1037 1734 1074 explanat
1748 1037 1835 1066 verba
1856 1037 2016 1074 scripturae
2036 1038 2111 1066 circa

1259 1086 1331 1114 lianc
1352 1085 1507 1113 materiam.
1529 1085 1559 1113 In
1584 1085 1708 1113 secunda
1735 1088 1861 1113 removet
1888 1084 2109 1116 dubitationem.

1260 1140 1332 1169 quae
1353 1139 1389 1161 ex
1411 1132 1513 1161 (lictis1
1536 1132 1621 1160 habet
1641 1131 1793 1168 originem,
1815 1131 1871 1159 ibi:
1894 1131 1991 1160 Potest
2012 1134 2110 1160 autem

1260 1179 1374 1218 quaeri,
1386 1182 1489 1207 utrum
1501 1180 1535 1208 de
1546 1178 1624 1216 liyno
1635 1179 1712 1207 vitae
1724 1182 1774 1208 etc.
1790 1195 1828 1199 —-
1844 1179 1874 1207 Et
1889 1179 1928 1207 sic
1942 1178 2111 1207 terminatur

1260 1226 1308 1255 illa
1320 1226 1411 1255 totalis
1426 1234 1501 1263 pars,
1517 1226 1544 1254 in
1560 1233 1615 1263 qua
1630 1225 1685 1262 egit
1700 1226 1828 1262 Magister
1843 1225 1877 1254 de
1891 1225 1975 1262 primi
1990 1225 2111 1254 hominis

1261 1273 1357 1310 lapsu,
1379 1276 1405 1301 et
1427 1275 1564 1309 quantum
1586 1272 1621 1301 ad
1643 1275 1806 1309 peccatum,
1826 1280 1877 1309 per
1899 1272 1975 1309 quod
1996 1272 2110 1307 cecidit,

1261 1323 1287 1349 et
1309 1322 1445 1357 quantuni
1467 1320 1502 1348 ad
1524 1319 1713 1354 adiutorium,
1734 1328 1785 1357 per
1807 1319 1882 1357 quod
1905 1322 1978 1348 stare
1999 1319 2098 1356 potuit.

1007 1430 1193 1459 TRACTATIO
1215 1429 1457 1467 QUAESTIONUM.

433 1533 472 1561 Ad
488 1531 698 1569 intelligentiam
714 1534 808 1559 autem
824 1529 909 1558 liuius
924 1529 1020 1566 partis,
1037 1529 1063 1557 in
1080 1537 1135 1566 qua
1150 1529 1204 1565 agi-

357 1584 401 1609 tur
422 1580 457 1609 de
479 1580 584 1617 gratiae
612 1578 751 1607 adiutorio
780 1577 937 1606 secundum
960 1578 1063 1605 statum
1086 1578 1203 1604 naturae

355 1627 513 1661 institutae,
536 1626 632 1655 incidit
653 1625 699 1654 liic
721 1624 847 1662 quaestio
868 1623 943 1653 circa
964 1623 1025 1651 tria.

434 1674 526 1702 Primo
552 1673 715 1710 quaeritur,
740 1674 837 1700 utrum
863 1670 947 1699 bomo
973 1672 1037 1699 ante
1058 1672 1204 1707 peccatum

355 1722 443 1759 gratia
464 1721 581 1757 eguerit.

434 1768 561 1797 Secundo
583 1767 744 1805 quaeritur,
773 1770 870 1794 utrum
892 1768 956 1794 ante
978 1768 1122 1802 peccatum
1146 1773 1206 1801 gra-

356 1816 423 1845 tiam
444 1815 583 1844 habuerit.

1342 1528 1434 1557 Tertio
1455 1527 1602 1565 quaeritur
1623 1527 1658 1556 de
1680 1528 1833 1565 quantitate
1848 1528 1962 1565 gratiae,
1984 1536 2068 1565 quam
2084 1528 2112 1557 in

1261 1575 1309 1604 1110
1331 1579 1405 1604 statu
1427 1575 1533 1604 habuit.

1341 1623 1420 1651 Circa
1440 1622 1565 1659 primum
1587 1626 1763 1659 quaeruntur
1785 1623 1850 1652 duo.

1341 1669 1433 1697 Primo
1455 1669 1617 1706 quaeritur,
1633 1672 1729 1697 utrum
1749 1669 1833 1697 homo
1848 1669 1874 1697 in
1891 1672 1965 1698 statu
1986 1669 2114 1698 innocen-

1263 1717 1332 1751 tiae,
1355 1716 1567 1753 circumscripto
1589 1716 1661 1744 dono
1677 1716 1798 1753 gratiae,
1813 1720 1886 1745 esset
1900 1716 1957 1745 Deo
1972 1721 2111 1754 acceptus.

1342 1764 1469 1792 Secundo
1491 1763 1652 1800 quaeritur,
1675 1766 1772 1792 utrum
1788 1763 1895 1801 absque
1910 1764 1999 1801 gratia
2020 1769 2113 1801 posset

1263 1811 1342 1840 exire
1364 1811 1391 1839 in
1413 1819 1483 1848 opus
1506 1811 1690 1840 meritorium.

1087 1909 1323 1943 ARTICULUS
1349 1910 1371 1942 1.

731 2006 771 2033 De
792 2005 960 2033 'necessitate
980 2004 1099 2042 gratiae
1120 2008 1187 2032 ante
1205 2008 1360 2041 peceatum
1378 2004 1550 2041 primorum
1572 2003 1733 2033 hominum.

1135 2102 1299 2139 01110500
1321 2102 1338 2130 1.

605 2190 710 2219 Utrum
732 2189 840 2227 absque
862 2189 936 2217 dono
956 2188 1075 2226 qratia&
1096 2187 1180 2216 liomo
1202 2190 1273 2215 esset
1293 2187 1351 2215 Deo
1372 2191 1508 2224 aceeptus
1531 2187 1559 2216 in
1579 2192 1659 2216 statu
1682 2188 1869 2217 innocentiae.

436 2289 514 2318 Circa
526 2288 650 2326 primum
663 2288 702 2316 sic
716 2287 879 2324 proceditur
891 2289 918 2315 et
933 2286 1092 2323 quaeritur,
1108 2288 1203 2314 utrum

353 2337 460 2374 absque
475 2336 548 2365 dono
563 2335 668 2372 gratiae
683 2335 767 2363 homo
782 2336 855 2363 esset
869 2334 926 2362 Deo
941 2336 1071 2370 acceptus
1086 2333 1115 2361 in
1130 2335 1204 2361 statu

354 2383 534 2412 innocentiae.
558 2382 589 2410 Et
610 2381 686 2419 quod
708 2381 762 2415 sic,
784 2380 904 2409 videtur.

436 2430 458 2457 1.
482 2429 595 2458 Genesis
615 2428 742 2465 primo²z
776 2427 853 2455 Vidit
880 2427 958 2455 Deus
987 2430 1107 2459 01111010,
1129 2435 1204 2464 quere

352 2476 473 2513 fecerat,
496 2480 522 2505 et
542 2480 627 2504 erant
647 2475 732 2504 valde
754 2475 847 2508 bouem
863 2474 912 2503 sed
928 2482 1039 2503 summo
1061 2473 1133 2502 bono
1148 2482 1202 2502 non

353 2526 444 2560 potest
465 2531 519 2551 non
542 2523 715 2560 complacere
737 2522 807 2550 illud
830 2521 905 2559 quod
925 2524 966 2550 est
980 2521 1062 2549 valde
1083 2520 1201 2549 bonum:

355 2570 377 2599 si
398 2578 464 2607 ergo
486 2571 570 2598 hoino
591 2570 662 2598 inter
678 2572 784 2598 ceteras
803 2572 948 2597 creaturas
964 2568 1108 2597 inferiores
1130 2569 1204 2605 prin-

355 2617 477 2654 cipatum
500 2617 656 2651 obtinebat,
678 2616 806 2647 videtur,
829 2616 904 2653 quod
927 2616 985 2652 ipse
1008 2615 1090 2644 valde
1112 2615 1203 2643 bonus

355 2667 415 2693 erat
423 2675 430 2698 3
452 2666 479 2692 et
500 2664 522 2692 si
544 2664 612 2698 1100,
633 2671 699 2700 ergo
721 2663 796 2692 Dens
817 2663 896 2691 illum
920 2662 1090 2699 acceptabat.

434 2711 459 2738 ἓ.
483 2711 563 2744 Item,
585 2710 739 2746 Sapientiae
765 2710 914 2739 undecimo
927 2709 951 2738 ³:
968 2709 1075 2746 Diliyis
1091 2709 1202 2743 onmia,

356 2756 494 2790 Domine,
520 2760 546 2785 ct
570 2756 644 2785 nihil
671 2757 759 2785 odisti
786 2765 889 2785 eorum
914 2765 988 2794 quac
1013 2755 1111 2793 fecisti
1118 2767 1127 2789 ;
1153 2756 1201 2785 sed

421 2911 427 2925 1
447 2912 523 2934 Plures
541 2913 619 2941 codd„
637 2917 661 2935 ut
678 2913 727 2935 ΤΧ
747 2920 772 2935 aa
791 2920 817 2935 00
835 2916 890 2942 ete,
908 2913 1041 2943 praedictis.

421 2949 430 2963 ‘2
447 2950 511 2971 Vcrs.
531 2951 567 2972 31.

419 2987 429 3002 ³
446 2988 511 3010 Vers.
530 2988 571 3017 25,
589 2989 629 3011 ubi
647 2996 689 3016 pro
708 2990 807 3013 Domine
824 2991 892 3018 Vulg.
911 2997 971 3020 qnae
988 2992 1050 3013 sunt⁴

1262 2286 1346 2314 homo
1368 2285 1395 2313 in
1417 2288 1491 2314 statu
1514 2285 1686 2314 innocentiae
1708 2285 1778 2314 nihil
1799 2286 1933 2320 habebat,
1949 2286 2025 2323 quod
2040 2289 2113 2315 esset

1262 2332 1379 2369 dignum
1401 2332 1480 2366 odio,
1502 2334 1529 2361 et
1551 2335 1639 2360 totum
1655 2332 1730 2369 quod
1746 2332 1882 2365 habebat,
1904 2341 1920 2361 a
1935 2333 1992 2361 Deo
2006 2333 2111 2362 factum

1261 2382 1332 2408 erat:
1356 2387 1422 2415 ergo
1443 2379 1518 2407 Dens
1539 2379 1632 2416 ipsum
1654 2379 1775 2408 totaliter
1797 2379 1944 2417 diligebat3
1967 2380 2015 2409 sed
2037 2381 2113 2418 quod

1262 2426 1300 2455 sic
1322 2434 1338 2454 a
1360 2426 1416 2454 Deo
1438 2425 1564 2463 diligitur
1585 2426 1620 2454 ab
1642 2434 1674 2454 eo
1696 2429 1872 2464 acceptatur:
1896 2434 1963 2464 ergo
1984 2430 2035 2456 etc.

1342 2472 1367 2501 3.
1390 2473 1472 2508 ltem,
1495 2473 1711 2502 Proverbiorum
1727 2476 1824 2502 octavo
1838 2473 1862 2501 ⁴:
1887 2474 1946 2511 Eyo
1962 2473 2112 2511 diliyeiztes

1261 2529 1306 2549 me
1327 2520 1435 2558 (liligyoe
1457 2521 1506 2549 sed
1529 2520 1613 2549 homo
1635 2520 1792 2549 secundum
1815 2523 1919 2549 statum
1942 2524 2058 2549 naturae
2074 2520 2112 2549 in-

1262 2568 1374 2596 stitutae
1396 2568 1529 2604 diligebat
1550 2567 1777 2604 Deum-propter
1799 2574 1828 2595 se
1850 2570 1877 2595 et
1898 2575 1984 2604 super
2005 2567 2110 2602 omnia,

1261 2614 1327 2651 quia
1349 2617 1443 2642 rectus
1464 2617 1539 2642 erat:
1562 2621 1629 2650 ergo
1650 2613 1775 2647 videtur,
1797 2613 1872 2650 qnod
1895 2613 1976 2642 etiam
1999 2617 2111 2650 praeter

1261 2669 1372 2690 omnem
1395 2661 1512 2698 gratiam
1536 2660 1611 2690 Deus
1633 2669 1697 2690 euni
1720 2660 1845 2694 amabat3
1867 2664 1894 2689 et
1916 2661 1938 2690 si
1954 2661 2021 2695 hoc,
2044 2669 2111 2698 ergo

1261 2709 1317 2737 Deo
1338 2711 1469 2744 acceptus
1490 2711 1558 2736 erat.

1340 2756 1366 2784 4.
1389 2755 1465 2788 Item,
1486 2755 1589 2783 artifex
1610 2758 1721 2783 creatus
1743 2754 1895 2791 complacet
1917 2754 1968 2783 sibi
1984 2754 2011 2782 in
2026 2762 2110 2791 opere

1325 2912 1334 2927 4
1350 2913 1414 2935 ἵει-5.
1437 2912 1469 2934 17.
1487 2924 1518 2928 -
1530 2912 1594 2933 Ratio
1611 2910 1700 2934 *minori
1717 2910 1806 2933 addita:
1824 2910 1878 2940 quia
1897 2911 1975 2933 reclus
1992 2911 2055 2938 erut,
2075 2916 2110 2932 re-

1262 2952 1327 2979 spicit
1345 2951 1399 2973 illnd
1422 2951 1479 2973 Eccl.
1504 2951 1524 2978 7,
1548 2951 1589 2972 30:
1613 2950 1764 2972 solummodo
1788 2950 1831 2972 1100
1853 2950 1943 2977 inveni,
1967 2949 2030 2978 qnod
2047 2949 2109 2971 Deus

1262 2990 1341 3012 fecerit
1358 2991 1475 3012 hominem
1494 2992 1589 3012 rectum.
