2243 3425
15 623 139 645 {Fundamenta
144 637 148 642 .

5 2021 6 2026 ¹
23 2035 51 2054 Ad
63 2035 138 2060 opposi-

58 2061 102 2077 tum.

784 164 867 192 DlST.
890 165 931 193 tv.
953 165 1025 193 ART.
1048 165 1077 193 11.
1100 165 1236 202 QUAEST.
1259 166 1286 194 11.

1865 169 1919 198 137

930 289 1094 326 Quacsrio
1115 290 1143 318 n.

547 376 652 405 Utrum
673 376 763 404 malis
784 376 897 413 [11198115
918 375 1046 404 revelari
1064 376 1193 413 potuerit
1212 377 1345 414 ipsorum
1368 378 1528 407 danmatio.

235 474 363 503 Secundo
384 475 543 512 quaeritur,
565 477 662 503 utrum
692 474 774 503 malis
794 474 900 511 angelis
933 482 1008 503 reve-

156 521 208 550 lari
230 522 320 558 potuit
342 529 411 550 suus
433 529 523 551 casus.
546 522 577 550 Et
599 521 674 558 quod
695 529 763 555 non,
785 521 906 550 videtur.

238 570 262 597 1.
285 568 382 597 Omnis
404 571 480 597 certa
501 568 620 606 cognitio
649 569 761 597 futurae
782 576 889 606 poenae
910 571 937 597 et
958 568 1008 597 mi-

155 615 245 645 seriae
266 618 308 644 est
328 615 453 652 poenalis
461 626 468 650 3
499 615 548 644 sed
574 615 596 644 si
629 615 750 653 Angelus
771 615 1005 644 certitudinaliter

155 663 250 697 sciret,
267 670 296 691 se
311 665 503 699 peccaturum,
524 670 589 691 cum
612 665 687 691 certo
702 662 868 691 iudicatorio
880 663 887 677 ¹
909 670 1006 699 cogno-

154 712 259 743 sceret,
281 712 426 746 peccatum
447 717 509 738 esse
530 709 722 746 puniendum,
744 712 771 738 et
792 712 966 747 peccatorem
989 717 1005 737 a

153 756 210 785 Deo
232 759 393 793 separatum
415 763 475 785 esse
497 756 646 791 miserum,
668 756 786 785 haberet
806 756 1006 793 praecognitio-

153 811 215 832 nem
239 806 344 832 certam
367 811 434 832 suae
456 803 597 832 miseriae:
627 811 694 840 ergo
722 811 842 841 poenam
863 807 927 832 ante
949 803 1006 832 cul-

152 859 217 888 pam
240 850 365 880 haberet.
388 851 441 880 Sed
469 851 522 880 hoc
554 854 596 879 est
624 853 720 879 contra
741 850 869 879 ordinem
892 851 1004 879 divinae

152 898 288 927 iustitiae:
311 906 377 935 ergo
400 898 421 927 si
444 898 519 927 Dens
541 902 638 927 contra
653 898 780 926 ordinem
795 897 906 926 divinae
929 897 1005 926 iusti-

152 945 206 973 tiae
227 953 281 974 non
304 948 394 982 potest
416 945 522 980 facere,
544 945 619 973 Deus
640 953 694 973 non
718 945 809 982 potuit
830 945 965 973 revelare.

231 994 258 1021 2.
272 993 356 1027 Item,
378 993 469 1021 omnis
490 993 679 1030 praecognitio
701 995 778 1021 certa
799 992 834 1021 de
855 992 1005 1021 amissione

151 1039 271 1069 alicuius
293 1040 355 1068 boni
379 1040 452 1077 cogit
474 1040 616 1068 hominem
638 1039 789 1076 desperare
811 1039 846 1068 de
869 1039 932 1074 illo,
954 1039 1003 1068 sed

151 1087 227 1116 Deus
248 1087 389 1116 nerninem
412 1087 588 1115 innocentem
617 1090 707 1124 potest
729 1094 829 1123 cogere
850 1086 886 1115 ad
909 1086 1005 1124 despe-

151 1134 304 1169 rationem,
327 1134 392 1172 quia
414 1142 469 1162 non
484 1137 574 1171 potest
588 1142 687 1171 cogere
709 1134 742 1162 ad
760 1137 921 1171 peccatum:
937 1142 1004 1171 ergo

151 1189 206 1210 non
228 1182 319 1219 potuit
340 1181 442 1219 Angelo
463 1181 590 1210 revelare
612 1189 708 1210 casum
731 1189 823 1210 suum.

232 1229 257 1257 3.
280 1229 362 1263 ltem,
384 1229 432 1257 fiat
458 1231 658 1265 argumentum
681 1228 801 1257 Anselmi
825 1228 852 1256 in
875 1228 947 1257 libro
969 1228 1003 1257 de

151 1276 223 1305 Casu
245 1275 386 1304 diaboliff:
415 1276 466 1304 «Si
489 1275 620 1304 diabolus
652 1276 757 1304 sciebat
783 1284 879 1305 casum
902 1284 1003 1310 suum,

150 1327 199 1352 aut
220 1323 347 1357 volebat,
370 1326 419 1352 aut
439 1332 506 1351 11011.
529 1323 555 1351 Si
579 1323 707 1351 volebat:
730 1331 797 1360 ergo
818 1323 873 1351 iam
900 1323 1003 1352 cecide-

150 1373 209 1405 rat,
231 1378 297 1408 ergo
319 1378 373 1398 ΠοΠ
395 1370 582 1408 praesciebat,
605 1378 633 1398 se
656 1378 798 1399 casurum.
821 1370 846 1398 Si
869 1370 1005 1406 praescie-

150 1418 197 1446 bat
219 1421 246 1446 et
266 1417 397 1451 nolebam
412 1417 461 1446 sed
477 1420 581 1454 quanto
597 1417 685 1454 magis
700 1417 825 1451 nolebat,
847 1420 924 1445 tanto
938 1417 1003 1454 plus

150 1465 278 1499 dolebat3
294 1468 321 1494 et
337 1468 441 1502 quanto
463 1465 552 1501 magis
568 1464 695 1499 nolebat,
711 1468 787 1493 tanto
808 1464 908 1493 iustior
930 1468 1002 1499 eratg

150 1516 178 1541 et
199 1516 303 1550 quanto
324 1512 413 1549 magis
435 1512 565 1546 dolebat,
588 1515 664 1540 tanto
686 1515 747 1540 erat
768 1512 909 1540 miserior:
936 1519 1003 1549 ergo

150 1563 254 1597 quanto
276 1560 387 1590 iustior.
410 1562 485 1588 tanto
508 1559 644 1588 miserior.
668 1559 720 1588 Sed
743 1559 795 1588 hoc
817 1559 930 1588 omnino
962 1562 1004 1588 est

151 1607 348 1636 inconveniens
360 1616 386 1633 n:
409 1615 476 1644 ergo
499 1610 549 1635 etc.

230 1655 256 1682 [ι.
273 1655 348 1688 Item,
372 1654 419 1682 fiat
441 1657 640 1691 argumentum
664 1653 824 1690 Magistri³z
855 1654 901 1682 «Si
926 1662 1004 1691 prae-

151 1701 287 1735 scierunt,
308 1705 357 1729 aut
372 1709 438 1738 ergo
454 1701 542 1729 vitare
564 1704 717 1738 potuerunt
738 1704 766 1729 et
788 1701 952 1735 voluerunt,
976 1705 1004 1729 et

150 1748 187 1776 ita
208 1756 262 1776 non
285 1748 462 1782 ceciderunt,
484 1752 533 1776 aut
555 1748 644 1777 vitare
666 1748 819 1776 voluerunt
840 1752 866 1776 et
888 1756 941 1776 non
958 1757 1004 1785 po-

150 1799 281 1829 tuerunt,
303 1799 330 1823 ct
352 1796 389 1823 ita
410 1795 525 1823 fuerunt
548 1795 659 1830 miseri3
682 1799 730 1823 aut
746 1795 834 1823 vitare
850 1798 1004 1832 potuerunt

150 1847 177 1872 et
198 1843 364 1875 noluerunt.
387 1848 414 1872 et
436 1843 473 1871 ita
500 1843 613 1872 suerunt
644 1843 721 1872 stulti
751 1847 778 1871 et
800 1842 952 1879 maligni».
976 1843 1001 1871 si

151 1898 216 1927 ergo
238 1890 382 1927 quodlibet
404 1891 522 1918 istorum
545 1893 586 1918 est
618 1889 808 1927 impossibile,
832 1890 1003 1926 impossibile

150 1940 209 1972 est,
232 1937 307 1975 quod
330 1937 490 1966 nalmerunt
512 1937 724 1974 praescientiam
747 1937 790 1965 sui
813 1945 902 1965 casus.

229 1985 281 2013 SED
304 1993 426 2013 cousus:
456 1986 476 2013 1.
499 1985 634 2013 Dominus
662 1985 752 2021 potuit
773 1985 935 2022 praedicere
959 1985 1003 2013 Pe-

151 2035 195 2060 tro
217 2033 275 2061 sine
296 2036 409 2069 peccato
432 2040 515 2060 suum
538 2040 651 2066 casum,
668 2032 739 2060 sicut
755 2032 857 2060 dicitur
873 2032 1001 2060 Matthaei

152 2080 286 2117 vigesimo
308 2083 387 2108 sexto
400 2079 458 2114 {et
474 2080 500 2107 in
516 2079 578 2107 aliis
602 2079 771 2116 Evangeliis:
795 2087 861 2116 ergo
884 2079 943 2116 pari
962 2088 1002 2107 ra-

149 2126 223 2155 tione
246 2126 335 2163 potuit
356 2126 482 2155 revelare
506 2126 630 2155 lucifero.

229 2175 254 2201 Q.
278 2173 360 2205 item,
388 2173 547 2202 Bernardus
577 2173 611 2201 de
640 2173 780 2201 Gradibus
812 2173 1001 2201 humilitatis⁶

150 2224 272 2249 tractans
294 2220 362 2249 1111111
380 2221 499 2249 verbum
523 2220 607 2249 Isaiae
624 2221 732 2249 decimo
748 2224 862 2257 quarto:
886 2221 1001 2248 Ponant

150 2268 244 2296 sedem
266 2276 362 2296 meum
377 2268 418 2296 (td
436 2267 619 2306 aquilonem:
649 2278 661 2293 t<
675 2268 741 2296 Puto
764 2275 813 2304 per
835 2267 1002 2305 ctqut‘louem

152 2315 343 2352 reprobandos
366 2315 492 2343 homines
515 2314 600 2343 fuisse
623 2315 798 2351 designatos;
821 2322 870 2351 per
892 2314 1001 2348 serloni,

112 2384 116 2388 ,
150 2366 313 2399 potestatem
337 2362 363 2390 in
387 2362 486 2390 illos».
512 2362 541 2390 Et
563 2362 588 2389 in
617 2362 798 2398 sequentibus
820 2361 902 2394 dicit,
926 2362 1000 2398 quod

1071 474 1123 502 «in
1146 475 1330 511 praescientia
1351 476 1400 504 Dei
1423 485 1506 506 suum
1528 478 1667 514 praevidit
1688 479 1917 517 principatum»,

1067 521 1171 550 scilicet
1192 522 1266 559 quod
1289 523 1409 552 debebat
1430 531 1561 561 praeesse
1582 525 1679 560 malis;
1702 529 1729 554 et
1744 526 1806 555 ideo
1828 527 1914 555 dixit:

1066 568 1182 596 Ponam
1203 569 1307 597 sedem.
1332 570 1401 607 Ergo
1414 571 1587 608 principatus
1608 573 1779 610 sequebatur
1802 581 1916 609 casum3

1065 618 1091 643 et
1113 615 1204 652 potuit
1225 616 1391 652 praevidere
1417 617 1621 654 principatum:
1646 619 1756 648 videtur
1778 621 1915 656 similiter,

1065 663 1140 699 quod
1162 663 1253 700 potuit
1275 664 1441 700 praevidere
1463 673 1568 693 casum.
1753 659 1758 664 ⁷

1144 709 1169 738 3.
1192 710 1273 745 item,
1296 710 1417 745 videtur,
1438 711 1514 748 quod
1543 712 1664 741 rationes
1693 713 1727 742 de
1743 722 1839 750 poeno,
1860 722 1915 743 non

1064 756 1187 791 valeant,
1210 757 1314 793 duplici
1338 765 1374 786 ex
1396 766 1489 787 causa.
1519 758 1594 788 Deus
1625 760 1699 788 enim
1722 764 1812 797 potest
1841 769 1918 798 sepa-

1063 812 1128 833 rare
1149 812 1221 841 quae
1253 805 1420 833 naturaliter
1452 809 1518 834 sunt
1549 806 1708 842 coniuncta,
1741 812 1773 836 ut
1805 808 1831 837 in
1853 808 1916 845 igne

1064 851 1185 880 calorem
1216 860 1232 880 a
1258 852 1335 885 luce,
1365 852 1437 880 sicut
1463 852 1530 881 dicit
1559 853 1715 883 Basilius⁰z
1738 862 1805 891 ergo
1828 855 1916 884 multo

1064 898 1163 928 fortius
1185 900 1369 936 cognitionem
1392 900 1563 936 praedictam
1586 908 1602 928 a
1624 909 1722 938 poena.
1744 902 1915 936 Praeterea,

1063 951 1324 984 quantumcumque
1350 947 1458 984 aliquid
1488 947 1524 975 sit
1545 947 1722 984 punitivum,
1743 951 1836 977 tamen
1859 957 1914 978 non

1063 993 1159 1030 punit,
1182 994 1233 1022 nisi
1256 994 1413 1022 subiectum
1435 993 1562 1030 punibile
1578 994 1613 1023 sit
1634 1011 1672 1015 —
1689 995 1762 1024 unde
1784 995 1806 1023 si
1821 995 1915 1024 anima

1063 1041 1134 1069 Petri
1157 1044 1229 1070 esset
1251 1041 1278 1069 in
1300 1041 1424 1076 inferno,
1446 1050 1500 1070 non
1524 1042 1673 1078 puniretur
1687 1043 1696 1056 ⁷
1712 1051 1828 1079 —ergo
1850 1052 1914 1072 cum

1063 1088 1183 1124 Angelus
1205 1088 1230 1116 111
1254 1091 1329 1117 statu
1351 1088 1398 1116 illo
1427 1092 1500 1117 esset
1531 1089 1663 1118 innocens
1685 1093 1712 1119 et
1733 1090 1811 1119 nullo
1832 1091 1915 1120 modo

1062 1135 1097 1164 ad
1119 1143 1237 1172 poenam
1261 1136 1422 1173 dispositus,
1444 1139 1518 1173 patet
1540 1140 1590 1165 etc.

1141 1183 1167 1211 4.
1191 1183 1273 1215 item.
1306 1183 1418 1212 videtur
1450 1184 1525 1221 quod
1558 1184 1628 1213 ratio
1657 1184 1691 1213 de
1714 1185 1915 1222 desperatione

1062 1238 1116 1258 non
1139 1230 1242 1264 valeat,
1265 1231 1331 1268 quia
1352 1230 1424 1259 sicut
1445 1232 1634 1268 praecognitio
1664 1232 1852 1261 damnationis
1873 1237 1915 1262 est

1062 1277 1170 1305 occasio
1191 1277 1417 1314 desperationis,
1448 1277 1487 1306 ita
1515 1279 1704 1315 praecognitio
1737 1279 1841 1316 gloriae
1873 1284 1914 1308 est

1062 1324 1170 1353 occasio
1204 1325 1455 1361 praesumtionis;
1487 1325 1535 1354 sed
1567 1326 1750 1362 praesumtio
1779 1335 1832 1355 non
1866 1327 1914 1355 im-

1061 1371 1153 1408 pedit,
1175 1371 1243 1408 quin
1264 1372 1339 1400 Deus
1362 1372 1448 1408 possit
1469 1372 1596 1401 revelare
1625 1373 1750 1401 futuram
1780 1373 1915 1410 glorifica-

1062 1418 1180 1446 tionem:
1213 1426 1280 1455 ergo
1311 1419 1372 1456 pari
1405 1419 1512 1448 ratione
1539 1419 1649 1457 lapsum
1663 1420 1681 1448 ⁸.
1705 1420 1738 1449 Si
1759 1424 1790 1448 tit
1812 1421 1910 1455 dicas,

1062 1465 1137 1501 quod
1159 1473 1213 1494 non
1235 1469 1276 1494 est
1298 1466 1403 1500 simile,
1426 1467 1492 1503 quia
1513 1474 1549 1495 ex
1573 1470 1651 1504 parte
1667 1467 1716 1495 illa
1730 1471 1772 1496 est
1787 1468 1912 1502 occasio,

1061 1512 1107 1541 hic
1128 1515 1170 1541 est
1197 1513 1369 1546 necessita&
1391 1517 1511 1542 contra:
1534 1514 1684 1551 desperare
1706 1518 1748 1543 est
1768 1518 1847 1544 actus
1869 1524 1914 1544 vo-

1062 1559 1176 1588 luntatis
1208 1560 1407 1589 rlelilssierativae
1439 1563 1465 1589 et
1487 1565 1581 1593 actus,
1607 1561 1654 1598 qui
1682 1565 1723 1590 est
1751 1565 1913 1598 peccatum,

1062 1607 1111 1635 sed
1132 1607 1201 1635 1111111
1224 1610 1314 1644 potest
1336 1615 1434 1644 cogere
1456 1608 1628 1636 voluntatem
1652 1608 1687 1636 ad
1709 1608 1831 1645 aliquid,
1859 1618 1914 1638 ma-

1062 1654 1138 1682 xime
1160 1654 1195 1682 ad
1218 1657 1379 1691 peccatum:
1402 1662 1469 1691 ergo
1491 1658 1542 1683 etc.

1143 1703 1167 1729 ὃ.
1188 1702 1268 1733 ltein,
1290 1701 1474 1738 praescientia
1503 1702 1550 1730 Dei
1586 1710 1640 1730 11οΠ
1664 1703 1740 1739 ponit
1768 1703 1914 1732 necessita-

1062 1752 1116 1777 tem
1131 1748 1149 1782 ⁹,
1171 1756 1237 1785 ergo
1259 1756 1309 1777 nec
1332 1748 1516 1785 praescientia
1537 1749 1654 1777 diaboli:
1678 1757 1744 1786 ergo
1767 1750 1788 1778 si
1811 1750 1912 1785 sciret,

1061 1795 1137 1832 quod
1161 1798 1253 1832 posset
1275 1795 1531 1832 alite1·esse.ergo
1552 1799 1646 1833 posset
1667 1796 1761 1825 adhuc
1784 1805 1908 1834 sperare:

1062 1851 1115 1871 non
1138 1850 1205 1879 ergo
1227 1846 1374 1879 cogeretur
1396 1843 1555 1880 desperare.

1379 1945 1592 1965 CONCLUSIO.

1081 2031 1210 2069 Amyclas
1231 2031 1330 2060 iustius
1352 2035 1463 2060 certant
1484 2031 1534 2059 sui
1554 2040 1643 2060 0113113
1663 2032 1891 2069 praesc{cutiam

1333 2078 1438 2107 luthere
1458 2087 1516 2107 nou
1536 2080 1640 2116 potuit.

1141 2173 1318 2201 Ruspoxmzo:
1350 2173 1522 2205 Dicendum,
1550 2173 1625 2210 quod
1658 2173 1774 2210 angelus
1807 2176 1912 2202 certam
1925 2179 2032 2197 Conclusio.

1061 2220 1272 2256 praescientiam
1293 2221 1335 2249 sui
1357 2228 1438 2249 casus
1464 2220 1568 2248 habere
1594 2229 1646 2248 11011
1675 2221 1826 2257 11011111-
1841 2220 1911 2249 Cum

1060 2267 1132 2295 enini
1152 2267 1204 2295 hoc
1226 2270 1299 2296 esset
1314 2267 1488 2303 contingens.
1511 2267 1575 2295 sciri
1598 2267 1832 2295 certitudinaliter
1854 2275 1909 2295 non

1060 2314 1183 2351 potuum.
1196 2314 1247 2342 nisi
1261 2314 1295 2342 ab
1307 2322 1339 2342 eo
1351 2314 1397 2350 qni
1411 2313 1644 2342 certitinjlinaliter
1656 2314 1749 2341 omnia
1763 2314 1911 2350 cognoscit,

1059 2365 1086 2390 et
1109 2365 1164 2389 tani
1186 2361 1343 2389 necessaria
1365 2369 1450 2397 quam
1472 2361 1675 2397 contingentia,
1698 2361 1764 2398 quia
1785 2361 1846 2389 eius
1871 2369 1912 2389 eo-

215 2508 221 2522 l
240 2508 289 2530 Vat.
308 2507 400 2531 rusticio.
417 2520 449 2524 —
466 2508 577 2535 Principia
604 2508 672 2529 11111115
694 2510 715 2528 vt
733 2513 780 2536 seq.
800 2508 930 2534 argumenti
948 2507 1001 2529 vide

150 2549 186 2570 hic
204 2549 225 2570 in
239 2548 268 2570 lit.
287 2548 402 2575 Magistri,
422 2547 460 2569 ubi
479 2547 550 2569 verbo
569 2547 689 2574 Augustini
708 2553 734 2569 cx
748 2547 784 2568 Xl.
804 2547 832 2568 dc
850 2547 905 2568 Gon.
924 2546 953 2568 ad
970 2547 1000 2568 lit.

150 2593 168 2609 c.
191 2587 224 2609 17.
243 2593 263 2609 n.
283 2587 318 2608 22.
338 2587 472 2609 afferuntur.

212 2626 221 2640 2
239 2625 293 2653 Cap.
313 2626 336 2647 2!
353 2644 357 2653 ,
376 2625 482 2653 pluribus
507 2626 629 2647 interiectis
654 2628 676 2647 et
701 2625 794 2647 mutatis
820 2624 904 2647 verbis.
924 2625 1001 2647 Plures

150 2665 217 2687 codd.
236 2671 288 2687 cum
308 2665 357 2687 Vnt.
376 2665 435 2687 circa
454 2664 557 2686 modium
576 2666 649 2686 textus
666 2665 686 2686 et
703 2664 792 2693 quanto
811 2663 902 2686 dolebat
913 2663 998 2692 magis,

151 2703 235 2726 iustior
252 2704 303 2726 erut
322 2710 363 2731 pro
381 2705 401 2726 et
418 2705 507 2733 qurinto
525 2703 602 2732 nzaais
620 2702 728 2730 nolebat,
747 2704 811 2725 tanto
829 2702 915 2724 iustior
931 2704 998 2726 erut.

150 2743 212 2772 quod
232 2743 317 2765 habent
333 2743 400 2765 codd.
419 2743 436 2764 tt
446 2743 463 2764 l<
472 2743 501 2764 W
510 2743 528 2764 Y
546 2742 578 2764 hl)
591 2749 616 2764 00
628 2745 650 2764 et
661 2742 697 2764 od.
721 2743 736 2764 Ι,
751 2743 805 2764 Dein
819 2748 845 2764 ex
861 2742 928 2764 codd.
942 2742 959 2763 M
974 2749 999 2763 aa

150 2786 200 2805 ante
218 2783 270 2805 erat
286 2782 397 2805 miserior
414 2783 576 2810 supplevimus
593 2782 665 2804 lanto.

212 2821 222 2836 3
241 2822 262 2843 ln
281 2822 323 2843 hac
341 2821 391 2844 dist.
415 2834 444 2837 —
462 2821 512 2843 Vat.
538 2822 620 2843 omittit
646 2821 748 2848 primum
774 2820 905 2842 membrum
933 2827 1002 2848 argu-

150 2862 227 2883 menti.

213 2899 221 2914 4
240 2900 304 2922 Vers.
324 2899 367 2926 3.t-;
386 2900 452 2921 Marc.
476 2899 516 2927 11,
535 2899 576 2926 30,
596 2899 649 2920 Luc.
669 2899 712 2926 :7:2,
732 2898 776 2925 34;
796 2898 854 2920 ioan.
878 2899 917 2926 13,
937 2898 974 2920 38.

212 2939 221 2953 5
239 2939 294 2967 Cap.
313 2939 350 2961 10.
369 2945 389 2960 n.
409 2938 445 2960 36.
463 2950 495 2954 —-
507 2938 555 2960 lsai.
577 2937 615 2965 tt,
639 2938 676 2965 13,
696 2937 735 2959 ubi
753 2938 868 2965 Vulgata:
890 2937 1000 2960 «Sedcbo

151 2979 171 3000 in
190 2982 267 3000 monto
285 2978 420 3000 testamenti.
438 2977 459 2998 in
479 2976 587 2998 latoribus
604 2977 748 3005 aquilonis».
767 2976 788 2998 S.
807 2976 945 3003 Bernartius,
959 2976 999 2997 loc.

277 3028 301 3051 S.
318 3028 406 3051 Bonae.
424 3040 455 3044 --
473 3028 539 3049 Toni.
559 3028 580 3049 11.

1059 2507 1109 2529 cit:
1122 2507 1206 2528 Ponam
1219 2506 1298 2528 sedern
1311 2512 1386 2527 meam
1404 2505 1433 2527 ad
1451 2506 1589 2534 aquilsnicm.
1610 2506 1670 2528 Multi
1690 2505 1757 2528 codd.
1771 2506 1807 2528 liic
1826 2505 1912 2528 liabent

1058 2545 1087 2568 al]
1105 2545 1237 2575 Aquilone,
1258 2545 1298 2567 sod
1316 2546 1337 2567 in
1357 2545 1422 2567 solut.
1441 2545 1469 2567 ad
1489 2546 1509 2567 2.
1527 2545 1559 2567 ud
1578 2544 1722 2574 aquilonem.
1740 2557 1772 2561 —
1788 2545 1910 2568 Conclusio

1058 2585 1203 2612 argumenti,
1222 2591 1291 2613 quam
1311 2585 1371 2606 iuxta
1390 2584 1458 2606 tidem
1477 2585 1569 2606 maioris
1587 2585 1657 2611 partis
1681 2584 1748 2606 001111.
1771 2589 1793 2607 01
1810 2584 1862 2608 edd.
1886 2588 1909 2615 1,

1059 2624 1072 2645 -2
1090 2623 1252 2651 exhibuimus,
1271 2630 1282 2645 a
1301 2623 1368 2645 codd.
1388 2623 1433 2644 tw
1451 2624 1483 2645 sic
1501 2624 1631 2651 profertur:
1650 2623 1697 2646 Sed
1708 2624 1861 2654 principatus
1878 2633 1910 2650 se-

1058 2661 1176 2691 quebatur
1193 2668 1289 2690 casum,
1310 2668 1365 2691 erqo
1383 2661 1404 2684 si
1419 2662 1496 2691 potuit
1512 2666 1567 2689 etc.;
1586 2663 1653 2685 codd.
1668 2663 1686 2691 Q
1699 2663 1714 2686 U
1727 2664 1792 2694 Erqo
1809 2665 1832 2688 εἰ
1844 2666 1911 2695 prm-

1058 2701 1150 2730 cipatus
1168 2704 1208 2723 etc.
1229 2702 1296 2723 Van:
1314 2701 1378 2730 Eryo
1397 2707 1449 2724 cum
1467 2701 1640 2731 principatus...
1659 2703 1680 2725 el
1696 2702 1718 2725 si
1732 2704 1810 2732 potuit
1825 2708 1866 2727 ete.

1121 2740 1130 2754 ‘¹
1148 2740 1254 2762 Ilexne'in.
1273 2741 1334 2762 110111.
1353 2741 1374 2762 6.
1393 2746 1414 2762 11.
1433 2740 1453 2762 3.
1472 2740 1515 2762 Csr.
1535 2743 1588 2763 tom.
1607 2741 1620 2763 l.
1640 2748 1693 2769 pag.
1711 2742 1767 2770 750,
1786 2748 1838 2766 nota
1856 2744 1877 2766 7,

1121 2779 1130 2793 ⁷
1148 2779 1192 2801 Cl'r.
1211 2779 1267 2801 intra
1286 2779 1308 2801 d.
1327 2778 1363 2801 41.
1382 2786 1401 2801 a.
1420 2780 1441 2801 2.
1460 2786 1481 2808 q.
1501 2781 1520 2801 3.

1122 2818 1131 2832 3
1148 2817 1204 2840 Cod.
1223 2824 1263 2846 00,
1282 2818 1318 2840 cd.
1337 2819 1345 2838 ι1
1368 2822 1390 2840 ct
1407 2819 1457 2840 Vat.
1475 2825 1530 2848 ersso
1547 2818 1603 2848 pari
1614 2819 1706 2843 ratione
1719 2820 1849 2850 desperatio
1861 2828 1910 2845 11011

1058 2856 1168 2886 impedit,
1188 2857 1245 2886 quui.
1265 2857 1326 2879 Deus
1351 2857 1425 2887 possib
1451 2857 1557 2880 rerrlure
1583 2858 1684 2887 lapsum.
1702 2872 1734 2875 -ν-
1751 2859 1794 2882 t‘It'r.
1815 2861 1828 2883 1.
1847 2862 1907 2883 Scnt.

1058 2896 1081 2918 d.
1100 2895 1136 2918 40.
1155 2903 1174 2918 a.
1193 2896 1213 2917 2.
1232 2903 1254 2924 (Ι.
1274 2897 1294 2918 2.
1313 2896 1340 2918 ad
1364 2897 1380 2918 1.

1120 2936 1130 2948 ’·’
1148 2935 1192 2958 Csr.
1213 2936 1225 2958 1,
1244 2937 1304 2958 sent.
1324 2936 1345 2958 (1.
1365 2936 1400 2958 38.
1418 2942 1438 2958 a.
1457 2937 1477 2958 2.
1496 2944 1518 2966 q.
1541 2937 1558 2959 l.

1123 2974 1141 2989 1⁰
1160 2976 1208 2997 Vnt.
1226 2975 1287 2998 scire.
1304 2975 1501 2999 certitmlzssnaliter
1518 2976 1599 2999 omnm
1615 2983 1664 3000 11011
1680 2978 1764 3007 potuit.

1756 3030 1779 3050 ts
