2243 3425
11 598 13 617 1

18 769 22 975 l

19 977 21 1023 1

10 1027 21 1099 'l

18 1295 21 1309 t

16 1338 20 1358 1

16 1400 20 1423 i

30 718 132 737 adamanta.

768 200 850 229 DlST.
874 200 938 228 XIX.
961 200 1032 228 ΛΒΤ.

139 282 271 310 mientem
293 280 329 309 ab
350 288 383 308 eo
405 280 527 317 iugulari
554 283 581 309 et
606 279 750 316 iugulatus
779 279 893 308 interire
917 279 994 307 nulla

139 329 223 366 culpa
244 336 295 357 sua
317 327 530 356 interveniente.

219 376 244 404 6.
267 375 350 409 Item,
373 374 584 411 impassibilitas
606 377 648 402 est
673 373 723 402 dos
755 380 906 410 corporum
940 372 995 410 glo—

138 424 313 452 rificatorum
330 423 337 437 ¹
350 433 356 456 ;
379 422 428 451 sed
450 429 554 458 corpus
575 421 648 449 Adae
671 421 697 449 in
721 423 795 449 statu
820 420 994 448 innocentiae

138 470 326 508 glorificatum
350 477 404 497 non
426 471 504 497 erat:
528 476 594 504 ergo
616 467 644 495 in
667 470 741 495 statu
770 467 818 495 illo
840 467 994 503 persistens

139 517 393 555 impassibilitatem
415 524 469 544 non
492 515 632 543 habebat:
661 522 728 550 ergo
756 513 934 551 persistendo
966 513 993 541 111

139 568 213 594 statu
236 564 282 592 illo
303 564 374 592 mori
396 566 423 591 et
445 570 499 591 non
528 562 600 590 mori
632 564 758 599 poterat:
791 569 859 598 ergo
890 568 994 597 corpus

139 613 212 641 Adae
234 614 295 640 erat
316 610 497 645 dissolubile,
516 609 609 638 anima
631 617 685 637 non
708 611 849 645 peccante.

218 659 271 687 SED
301 665 429 686 CONTRA:
468 658 488 684 1.
521 656 646 685 Isidorus
668 656 702 684 de
729 655 903 684 Trinitate2:
939 666 951 679 (ι
967 654 992 682 Si

139 706 223 735 homo
245 705 272 734 in
295 704 426 742 paradiso
449 704 611 732 innocenter
632 703 755 733 viveret.
776 710 825 731 nec
840 701 912 739 ignis
927 709 992 729 eum

139 756 254 786 ureret,
277 760 327 780 nec
348 759 421 788 aqua
444 753 599 787 mergeret,
622 758 672 778 nec
693 749 820 778 absentia
840 749 914 777 aeris
940 748 995 776 sut*-

138 801 257 833 focaret,
279 807 330 827 nec
361 798 455 827 omnia
483 806 555 835 quae
577 801 677 826 nocent
700 796 882 830 mortalibus,
910 796 993 832 impe-

139 848 231 876 dirent
247 857 281 875 u:
304 854 371 883 ergo
393 845 520 880 videtur,
553 845 628 882 quod
662 844 721 881 ipso
750 847 933 881 permanente
966 843 992 871 in

139 898 213 923 statu
235 894 423 925 innocentiae,
446 900 549 929 corpus
571 893 632 921 eius
653 900 707 920 uon
730 894 791 920 erat
812 890 973 919 resolul‘iilc.

218 943 244 970 2.
267 941 355 975 Item,
377 948 454 969 mors
476 943 517 969 est
539 948 628 977 poena
650 939 756 977 peccati
772 939 799 973 ³3
822 938 871 967 sed
903 939 994 967 omnis

138 997 226 1026 poena
249 992 291 1017 est
312 988 459 1020 ordinataz,
481 995 571 1025 poena
592 990 686 1015 autem
706 994 761 1015 non
777 986 926 1014 ordinatur
941 986 993 1014 nisi

139 1044 187 1073 per
210 1036 340 1072 eulpam:
363 1035 433 1063 011111
455 1043 522 1071 ergo
544 1037 635 1071 potest
657 1034 747 1062 inesse
770 1041 820 1062 nec
835 1041 925 1070 poena
945 1041 994 1062 nec

138 1091 215 1112 mors
236 1091 287 1112 nec
309 1082 469 1119 corruptio,
490 1082 541 1110 nisi
557 1082 601 1111 cui
619 1081 698 1118 prius
714 1081 785 1110 inest
810 1081 907 1118 culpa:
928 1089 994 1118 ergo

137 1131 230 1160 anima
253 1139 306 1159 non
328 1133 476 1167 peccante,
510 1129 683 1167 impossibile
706 1129 777 1164 fuit,
800 1129 914 1158 dissolvi
937 1137 995 1157 cor-

137 1186 191 1215 pus
213 1178 294 1206 Adae.

218 1225 244 1253 3
267 1225 349 1255 Item.
371 1224 406 1253 ad
429 1224 497 1259 hoc,
520 1224 595 1261 quod
618 1224 711 1253 debite
740 1223 927 1252 constituatur
949 1223 996 1251 ali-

138 1272 214 1310 quod
237 1272 440 1309 compositum,
463 1279 576 1301 necesse
595 1275 652 1305 est,
670 1271 815 1300 materiam
832 1274 859 1299 et
874 1271 993 1299 formam

138 1320 345 1358 proportionari
366 1319 402 1348 ad
425 1319 554 1348 invicem.
577 1319 601 1347 Si
627 1319 710 1356 igitur
732 1319 826 1347 anima
852 1322 883 1347 ut
905 1319 995 1347 forma

138 1371 165 1397 et
186 1368 319 1405 perfectio
341 1367 419 1396 unita
440 1370 482 1396 est
504 1367 631 1404 corpori,
653 1366 828 1404 impossibile
849 1370 921 1397 erat,
937 1374 996 1395 cor-

138 1423 191 1452 pus
213 1414 284 1442 illud
307 1414 408 1442 resolvi
431 1416 458 1442 et
480 1413 640 1450 corrumpi,
662 1413 714 1441 nisi
741 1413 835 1450 aliqua
851 1414 995 1450 corruptio

138 1461 218 1499 prius
239 1461 375 1490 incideret
396 1469 432 1489 ex
456 1464 535 1497 parte
550 1460 672 1493 animae,
689 1460 736 1488 sed
754 1460 907 1497 corruptio,
923 1468 995 1496 quae

138 1512 229 1546 potest
251 1508 373 1537 incidere
395 1516 431 1536 ex
448 1511 527 1545 parte
542 1507 667 1541 animae,
683 1515 736 1535 non
754 1510 795 1535 est
810 1507 861 1535 nisi
879 1507 994 1544 culpae:

138 1564 205 1593 ergo
227 1555 398 1593 impossibile
421 1555 488 1585 suit.
510 1563 614 1591 corpus
636 1554 709 1583 Adae
738 1554 840 1583 resolvi
863 1558 890 1583 et
922 1554 994 1591 pati,

138 1603 190 1632 nisi
214 1603 239 1631 in
262 1603 355 1631 anima
377 1603 461 1639 culpa
482 1602 580 1630 fuisset
602 1601 795 1638 praeambula.

218 1651 245 1679 4.
267 1650 350 1685 Item.
373 1653 463 1679 status
485 1649 659 1678 innocentiae
688 1648 799 1677 medius
829 1651 890 1677 erat
923 1649 995 1677 inter

138 1701 243 1726 statum
265 1697 370 1735 gloriae
392 1700 418 1726 et
447 1700 551 1725 statum
586 1696 733 1729 miseriae3
765 1696 813 1724 sed
847 1695 995 1724 dissolutio

138 1745 265 1782 corporis
285 1745 399 1773 omnino
420 1744 571 1781 opponitur
594 1743 677 1772 statui
700 1744 824 1780 gloriae:
848 1752 911 1772 cum
928 1752 995 1780 ergo

139 1792 223 1821 statui
246 1792 351 1829 gloriae
373 1800 426 1820 non
450 1794 641 1828 opponeretur
664 1791 769 1820 directe
797 1794 888 1819 status
921 1792 996 1819 iuno-

139 1840 253 1873 centiae,
276 1840 362 1868 Adam
385 1840 411 1867 in
434 1843 508 1868 statu
531 1839 706 1868 innocentiae
732 1839 915 1876 persistente,
938 1847 996 1868 cor-

140 1895 193 1924 pus
215 1886 276 1915 eius
297 1895 351 1915 non
374 1886 426 1914 fuit
448 1886 610 1914 resolubile.

219 1935 245 1962 5.
268 1934 354 1967 Item,
376 1933 467 1962 omnis
488 1933 581 1970 passio
603 1936 644 1961 est
659 1933 694 1961 ab
710 1933 805 1970 aliquo
820 1936 995 1970 repugnante

138 1984 165 2011 et
187 1981 437 2018 praedominante,
453 1980 502 2009 sed
518 1980 604 2008 Adam
621 1980 646 2008 in
663 1983 737 2008 statu
751 1980 925 2009 innocentiae
940 1981 997 2008 exi-

138 2033 239 2065 stente,
263 2028 306 2058 vel
329 2028 423 2057 omnia
444 2027 647 2056 concordarent
673 2028 713 2062 ei,
737 2028 780 2056 vel
801 2028 994 2056 subiacerent:

137 2085 205 2114 ergo
226 2076 296 2105 nihil
320 2078 414 2112 posset
438 2083 541 2112 corpus
566 2075 627 2104 eius
653 2075 764 2103 laedere
793 2082 843 2104 nec
871 2075 995 2112 aliquam

138 2124 296 2160 passionem
318 2122 439 2151 inferre:
461 2130 528 2159 ergo
550 2130 653 2159 corpus
675 2122 736 2151 eius
757 2130 807 2151 nec
838 2126 911 2151 esset
936 2130 997 2159 pas-

138 2171 220 2200 sibile
242 2178 294 2199 nec
314 2169 489 2198 dissolubile.

219 2219 244 2247 6.
268 2218 350 2251 Item,
373 2217 547 2254 impossibile
568 2221 625 2251 est,
647 2220 737 2245 stante
760 2217 928 2246 rectitudine
950 2217 997 2245 ali-

138 2267 235 2300 cuius,
258 2265 349 2302 ipsum
372 2265 529 2302 obliquari,
551 2264 600 2293 sed
622 2265 713 2293 omnis
740 2265 878 2293 rectitudo
911 2265 997 2294 consi-

138 2313 185 2341 stit
206 2313 232 2341 in
256 2311 427 2341 subiacendo
450 2311 506 2340 Deo
527 2314 555 2340 et
569 2311 756 2348 praesidendo
771 2311 833 2339 aliis
849 2312 997 2343 creaturis,

138 2363 195 2388 tam
217 2359 328 2396 corpori
351 2367 402 2387 suo
431 2365 515 2395 quam
546 2357 628 2386 etiam
658 2357 749 2386 brutis
765 2357 790 2385 ⁴:
807 2366 874 2394 ergo
896 2358 995 2394 spiritu

138 2406 268 2435 rationali
290 2409 380 2434 stante
395 2405 422 2433 in
440 2405 561 2441 puritate
577 2405 750 2433 innocentiae
765 2408 792 2433 et
806 2405 998 2439 obedientiae,

203 2584 209 2598 ¹
228 2583 365 2606 Ostenditur
382 2582 420 2605 IV.
437 2583 501 2604 fient.
518 2582 541 2604 d.
560 2581 597 2604 49.
616 2588 638 2609 p.
657 2581 681 2603 ll.
699 2587 720 2602 a.
742 2581 760 2603 1.
780 2582 878 2609 princip.
898 2588 918 2603 a.
937 2582 958 2604 2.
977 2588 1000 2610 (1.

142 2623 161 2644 1.
179 2626 202 2644 et
219 2629 241 2644 a.
259 2622 280 2643 2.
298 2622 396 2649 princip.
415 2628 435 2643 a.
458 2621 474 2642 1.
493 2627 516 2649 q.
539 2621 556 2642 1.
575 2627 625 2649 seq.

200 2661 210 2676 ἵ
228 2662 283 2683 Sive
299 2660 329 2683 de
346 2660 433 2682 Ordine
450 2663 623 2688 creaturarum,
642 2666 662 2682 c.
685 2661 719 2682 10.
738 2666 760 2682 n.
778 2660 805 2682 8:
824 2660 884 2683 Dum
897 2667 955 2683 vero
968 2661 1000 2683 ibi

139 2702 210 2724 nomo
227 2701 391 2723 immortaliter
407 2704 430 2723 et
450 2701 517 2723 beate
534 2701 638 2728 viveret,
658 2701 765 2730 nunquid
791 2704 814 2724 et
839 2702 910 2723 totius
935 2700 1001 2723 orbis

138 2741 255 2764 subiectio
272 2741 316 2764 sibi
335 2747 380 2763 non
398 2740 548 2763 subiaceret?
575 2740 636 2769 Quid
661 2741 723 2762 enim
747 2741 813 2763 illum
837 2740 866 2762 ab
891 2741 1000 2768 ingressu

138 2780 204 2803 orbis
221 2780 401 2808 intercluderet,
426 2781 466 2809 qui
483 2781 505 2802 in
531 2781 644 2802 creaturis
668 2786 753 2802 nocere
774 2779 819 2802 sibi
840 2780 928 2809 aliquid
954 2786 1000 2802 non

139 2821 245 2847 timeret,
263 2819 321 2841 dum
339 2821 401 2848 ignis
417 2826 463 2841 non
482 2822 571 2846 ureret,
590 2826 635 2841 non
654 2826 714 2848 aqua
740 2821 868 2847 mergeret,
896 2825 941 2841 non
963 2818 1001 2842 he-

139 2860 241 2882 stiarum
259 2859 370 2881 fortitudo
387 2861 509 2883 mactaret.
528 2865 573 2880 non
591 2860 712 2886 spinarum
729 2858 766 2880 vel
779 2859 951 2886 cuiuscumque
968 2859 1000 2880 rei

140 2899 217 2921 aculei
238 2899 403 2925 vulnerarent,
431 2904 475 2920 non
494 2897 597 2920 absentia
616 2898 676 2920 aeris
693 2898 830 2924 suffocaret,
847 2902 893 2918 non
914 2897 1002 2923 omnia,

140 2944 204 2966 quae
222 2940 307 2960 nocent
324 2936 475 2964 mortalibus,
492 2936 651 2964 impedirent?

202 2976 212 2991 ³
230 2976 298 2998 Rom.
317 2976 337 3004 6,
356 2976 397 2998 23:
414 2975 535 3003 Stipendia
553 2976 615 2997 enim
629 2975 718 3002 peccati
741 2980 814 2997 mors.
827 2987 857 2990 —
869 2974 901 2996 De
914 2980 1002 3002 propp.

139 3023 209 3046 seqq.
227 3016 268 3039 cfr.
286 3016 401 3043 August„
420 3015 453 3037 111.
467 3015 496 3037 de
514 3014 565 3037 Lib.
582 3014 637 3036 Arb.
655 3021 674 3036 c.
698 3014 731 3036 18.
750 3020 771 3036 n.
790 3014 827 3036 5¹.

268 3066 292 3090 S.
311 3067 400 3090 Bonae.
417 3078 449 3082 —
467 3066 534 3088 Tom.
553 3066 576 3088 ll.

498 3140 520 3147 s

1055 200 1084 228 11.
1107 200 1242 236 ΟΠΑΕΞΤ.
1266 200 1282 227 l.
1848 199 1905 229 465

1054 278 1226 316 impossihile
1248 278 1315 312 fuit,
1338 286 1441 315 corpus
1462 278 1497 306 ab
1519 278 1579 306 eius
1603 277 1745 306 voluntate
1765 278 1905 307 recedere.

1052 326 1103 355 Sed
1127 326 1220 354 anima
1242 333 1353 363 semper
1375 326 1481 363 appetit
1503 325 1576 353 uniri
1600 325 1729 362 corpori:
1763 333 1830 363 ergo
1858 325 1907 354 im-

1051 373 1183 411 possibile
1205 373 1272 407 fuit,
1294 381 1398 410 corpus
1419 373 1446 401 in
1468 373 1515 401 tali
1538 376 1613 401 statu
1635 372 1759 401 dissolvi.

1369 459 1588 480 CONCLUSIO.

1053 530 1167 567 Corpus
1195 530 1279 558 Adae
1305 529 1336 557 in
1356 534 1437 558 steila.
1459 530 1641 558 innocentiae
1662 533 1726 559 actu
1751 539 1809 558 77071
1832 534 1907 568 pote-

1130 581 1181 605 rat
1202 577 1336 611 dissolui,
1361 577 1425 606 licet
1446 577 1564 606 liaberet
1592 579 1763 615 potentiam,
1795 582 1829 607 tit
1849 578 1906 607 dis-

1129 623 1300 652 solveretur.

1131 703 1312 731 linsPoNDEo:
1336 703 1374 731 Ad
1398 703 1607 740 praedictorum
1630 704 1842 741 intelligentiam
1866 708 1908 734 est

1052 750 1223 784 notandum,
1245 750 1320 787 quod
1342 750 1600 787 quemadmodum,
1617 751 1697 779 iuxta
1712 752 1831 780 verbum
1849 752 1907 780 Phi-

1051 797 1160 834 losophi
1224 797 1291 825 haec
1313 801 1355 826 est
1377 797 1502 833 duplex:
1525 797 1631 834 aliquid
1648 801 1689 826 est
1705 806 1780 827 nuuc
1796 799 1907 827 inimor-

1051 844 1122 878 tale,
1144 844 1210 881 quia
1231 844 1400 872 adverbium
1424 847 1513 880 potest
1535 844 1724 873 determinare
1747 846 1799 874 hoc
1831 846 1907 883 quod

1052 895 1094 920 est
1115 891 1281 919 immortale
1304 891 1409 919 ratione
1438 895 1523 919 actus
1548 891 1702 926 moriendi,
1729 892 1773 920 vel
1803 893 1909 922 ratione

1048 939 1212 976 potentiam
1234 939 1271 967 ita
1292 942 1319 967 et
1342 938 1445 967 locutio
1468 939 1656 975 praecedens:
1680 943 1775 968 utrum
1807 948 1909 977 corpus

1052 987 1174 1015 hominis
1195 990 1269 1015 esset
1290 986 1455 1015 dissolubile
1484 986 1543 1014 sive
1571 989 1665 1023 posset
1693 987 1827 1022 dissolvi,
1850 988 1909 1025 ipso

1052 1042 1106 1062 non
1139 1036 1287 1071 peccante,
1316 1033 1449 1070 distingui
1483 1034 1574 1062 debet.
1612 1034 1652 1062 Illi
1684 1035 1775 1062 enim»
1794 1035 1908 1063 ablativi

1052 1081 1173 1109 absoluti
1190 1081 1199 1094 ⁶
1216 1083 1334 1117 possunt
1349 1081 1539 1109 determinare
1564 1081 1617 1109 1100
1646 1081 1766 1110 verbum
1794 1086 1909 1119 posset,

1053 1128 1097 1157 vel
1120 1128 1172 1157 hoc
1194 1128 1313 1156 verbum
1336 1128 1465 1156 ciis-solui.
1487 1128 1512 1156 Si
1536 1128 1589 1157 hoc
1610 1128 1731 1157 verbum
1744 1132 1842 1166 posset
1862 1129 1907 1158 de-

1054 1176 1219 1209 terminent,
1243 1176 1390 1204 veritatem
1412 1175 1497 1204 habet
1519 1176 1630 1204 locutio.
1648 1176 1694 1204 Est
1708 1176 1782 1205 enim
1799 1184 1909 1211 sensus,

1053 1223 1129 1261 quod
1144 1223 1241 1255 Adam,
1258 1223 1326 1251 dum
1346 1223 1480 1251 existeret
1496 1223 1522 1251 111
1536 1226 1609 1252 statu
1630 1223 1811 1257 innocentiae,
1826 1232 1909 1261 posse

1053 1270 1190 1304 habebat,
1216 1273 1245 1298 111
1268 1278 1371 1307 corpus
1393 1270 1453 1299 eius
1479 1270 1693 1299 dissolveretur.
1708 1271 1784 1299 —Si
1811 1275 1907 1300 autem

1053 1317 1167 1346 ablativi
1191 1317 1229 1346 illi
1253 1318 1413 1346 reserantur
1434 1318 1469 1346 ad
1492 1322 1592 1346 (tectim
1606 1341 1613 1351 ,
1636 1319 1684 1355 qui
1707 1322 1748 1347 est
1770 1318 1907 1353 dissolui,

1054 1365 1092 1394 sic
1114 1365 1217 1393 locutio
1239 1365 1308 1393 salsa
1330 1368 1380 1393 est.
1404 1365 1449 1393 Est
1471 1365 1544 1393 enim
1567 1373 1685 1399 sensus,
1714 1366 1789 1403 quod
1823 1366 1908 1394 Adam

1054 1416 1147 1450 posset
1169 1412 1283 1441 dissolvi
1308 1413 1334 1441 10
1356 1416 1431 1441 statu
1454 1413 1643 1447 innocentiae,
1666 1413 1704 1441 ita
1726 1414 1800 1450 quod
1824 1413 1908 1442 simul

1053 1464 1126 1489 esset
1149 1460 1315 1488 inmerentia
1337 1464 1364 1489 et
1386 1460 1484 1489 mortis
1506 1460 1565 1489 sive
1587 1461 1777 1497 corruptionis
1796 1469 1910 1498 poena,-

1053 1511 1080 1535 et
1102 1507 1154 1535 hoc
1176 1510 1217 1535 est
1249 1507 1438 1544 impossibile.
1470 1507 1636 1544 providente
1668 1507 1766 1535 ordine
1798 1507 1909 1536 divinae

1054 1555 1190 1583 iustitiae.
1212 1562 1284 1591 quae
1309 1554 1414 1582 nullam
1447 1555 1681 1583 inordinationem
1716 1555 1742 1583 in
1777 1556 1909 1584 universo

1053 1602 1180 1631 sustinet.
1203 1602 1229 1630 Si
1253 1610 1320 1638 ergo
1342 1609 1431 1639 poena
1453 1602 1619 1630 deordinata
1641 1605 1697 1635 est,
1726 1602 1777 1631 nisi
1800 1610 1910 1639 praece-

1053 1649 1101 1678 dat
1122 1649 1221 1686 culpa,
1243 1652 1270 1677 et
1292 1649 1418 1685 corporis
1441 1649 1588 1678 dissolutio
1611 1657 1664 1677 000
1688 1652 1778 1686 potest
1799 1649 1909 1679 animae

1054 1704 1142 1733 purae
1164 1699 1191 1724 et
1222 1696 1361 1724 innocenti
1395 1704 1448 1724 non
1482 1704 1543 1725 esse
1575 1704 1679 1733 poena;
1713 1696 1910 1725 inconveniens

1054 1743 1166 1772 videtur
1187 1747 1214 1771 et
1236 1746 1333 1771 contra
1363 1743 1490 1771 ordinem
1521 1743 1632 1771 divinae
1666 1743 1804 1778 iustitiae,
1835 1744 1909 1781 quod

1053 1799 1156 1828 corpus
1173 1791 1293 1819 hominis
1308 1790 1511 1820 dissolveretur
1534 1791 1559 1819 in
1581 1794 1655 1820 statu
1678 1791 1911 1820 innocentiae.—

1055 1839 1084 1867 Et
1106 1839 1158 1867 1100
1180 1838 1270 1866 Sancti
1293 1838 1405 1867 dicunt.
1428 1841 1455 1866 et
1477 1839 1599 1867 rationes
1627 1839 1660 1867 ad
1695 1838 1748 1867 1100
1781 1839 1911 1867 inductae

1053 1885 1221 1917 ostendunt,
1243 1889 1270 1913 et
1299 1885 1362 1913 ideo
1393 1885 1589 1914 concedendae
1622 1889 1700 1919 sunt,
1722 1886 1789 1923 quia
1810 1894 1909 1915 verum

1054 1932 1235 1961 concludunt.

1139 1981 1159 2008 1.
1183 1980 1221 2008 :td
1245 1979 1314 2008 illud
1336 1987 1403 2016 ergo
1432 1980 1506 2016 quod
1542 1980 1632 2017 primo
1658 1980 1809 2014 obiicitur,
1835 1980 1910 2018 quod

1053 2035 1135 2055 omne
1158 2026 1342 2063 corruptibile
1364 2027 1399 2055 110
1421 2027 1586 2055 necessitate
1613 2028 1807 2064 corrumpitur
1825 2027 1849 2059 7;
1873 2027 1911 2056 111-

1054 2075 1191 2107 cendum,
1214 2074 1289 2111 quod
1313 2074 1498 2111 Philosophus
1521 2075 1646 2112 loquitur
1675 2075 1710 2103 de
1739 2075 1786 2103 illo
1816 2083 1910 2103 corru-

1053 2122 1160 2160 ptibili,
1186 2122 1267 2151 cuius
1295 2122 1420 2159 regimen
1443 2131 1497 2150 non
1519 2122 1645 2151 subiacet
1677 2122 1829 2157 voluntati,
1862 2123 1909 2152 sed

1054 2169 1105 2198 soli
1128 2169 1225 2197 virtuti
1252 2169 1394 2201 naturali,
1416 2172 1443 2197 et
1466 2169 1534 2198 illud
1566 2169 1600 2198 de
1633 2170 1796 2198 necessitate
1829 2169 1912 2198 habet

1054 2216 1214 2253 corrumpi,
1237 2216 1303 2253 quia
1325 2216 1410 2244 habet
1432 2224 1545 2244 causam
1569 2216 1758 2252 corruptionis
1780 2216 1851 2244 intra
1873 2224 1911 2245 se.

1055 2263 1163 2300 Corpus
1185 2266 1278 2291 autem
1303 2263 1391 2295 Adae,
1413 2263 1463 2291 etsi
1487 2266 1561 2291 esset
1583 2263 1701 2291 mortale
1729 2266 1754 2291 et
1776 2263 1912 2300 corrupti-

1055 2311 1128 2345 bile,
1152 2314 1244 2339 tamen
1268 2310 1403 2339 voluntati
1427 2310 1590 2338 subiacehat
1611 2317 1646 2338 ex
1674 2311 1772 2338 ordine
1801 2310 1912 2339 divinae

1056 2358 1194 2391 iustitiae3
1216 2362 1243 2386 et
1266 2358 1340 2392 ideo,
1363 2357 1414 2385 nisi
1438 2357 1568 2385 voluntas
1591 2357 1826 2391 deordinaretur,
1855 2366 1913 2386 cor-

1055 2412 1110 2442 pus
1132 2404 1201 2432 illud
1225 2412 1370 2441 [uinquam
1393 2408 1634 2440 corruu‘iperetur.

1120 2581 1128 2595 4
1147 2581 1193 2604 Cl'r.
1210 2584 1308 2609 August.
1319 2599 1324 2609 ,
1336 2581 1365 2604 de
1379 2581 1437 2603 ern
1451 2582 1525 2609 Rclig.
1538 2588 1557 2604 c.
1571 2581 1608 2604 23.
1628 2588 1649 2603 n.
1668 2581 1709 2609 4-t;
1723 2582 1826 2605 Enarrat.
1839 2583 1862 2604 in
1875 2582 1911 2604 ps.

1061 2619 1111 2642 145.
1129 2626 1150 2642 0.
1169 2620 1190 2642 5.
1209 2623 1231 2642 et
1248 2620 1277 2642 de
1295 2620 1396 2648 Quantit.
1413 2621 1517 2648 animae,
1531 2626 1550 2642 c.
1569 2620 1607 2642 36.
1625 2627 1647 2643 n.
1660 2621 1698 2643 80.
1710 2621 1826 2649 Anselm.,
1839 2621 1854 2643 1.
1867 2620 1913 2644 Cur

1057 2660 1123 2682 Deus
1139 2661 1219 2686 homo,
1232 2666 1252 2681 c.
1270 2661 1274 2681 1
1286 2661 1303 2687 1,
1316 2660 1381 2688 plura
1397 2659 1464 2682 docet
1477 2660 1504 2682 de
1517 2660 1655 2682 rectitudine
1667 2661 1717 2682 sive
1731 2661 1816 2683 iustitia
1832 2660 1913 2682 volun¹

1057 2701 1119 2722 tatis.
1137 2712 1165 2715 —
1186 2700 1228 2721 Pro
1246 2698 1325 2722 omnis
1340 2698 1456 2721 rectitudo
1470 2699 1573 2721 nonnulli
1588 2699 1656 2722 001111,
1668 2698 1786 2722 rectitudo
1798 2698 1913 2722 hominis.

1057 2739 1110 2761 Vm.
1128 2742 1182 2767 post
1201 2739 1247 2761 Deo
1266 2739 1374 2767 adiungit
1391 2738 1428 2761 cel
1443 2737 1589 2761 subttciemlo
1606 2745 1630 2761 se
1648 2738 1704 2761 Deo.

1123 2777 1133 2792 5
1148 2777 1211 2799 Libr.
1230 2778 1267 2799 Vl.
1286 2777 1368 2805 Topic.
1386 2783 1405 2799 c.
1425 2777 1446 2798 3.
1470 2777 1499 2803 (c.
1518 2778 1564 2804 6.):
1586 2777 1642 2799 Nam
1669 2783 1755 2805 ant-eps
1781 2776 1913 2799 secundum

1057 2816 1259 2844 amphibologiam
1278 2820 1310 2838 est
1329 2821 1395 2839 nunc
1410 2815 1592 2845 incorruptibile
1608 2822 1675 2843 esse,·
1694 2820 1733 2838 aut
1753 2817 1828 2843 enim,
1854 2822 1913 2845 quo-

1058 2857 1121 2878 niam
1139 2862 1184 2878 non
1202 2854 1371 2885 corrumpitur
1387 2861 1463 2883 710710,
1483 2855 1608 2883 significat,
1622 2858 1662 2878 aut
1679 2857 1790 2884 quoniam
1803 2862 1849 2878 non
1859 2861 1915 2885 pos-

1058 2895 1125 2918 sibile
1142 2895 1268 2925 corrumpi
1283 2900 1361 2922 nunc,
1381 2898 1421 2917 aut
1442 2896 1552 2924 quoniam
1574 2895 1708 2917 huiusmodi
1733 2899 1768 2918 cst
1793 2902 1869 2923 nune,
1889 2899 1913 2918 111

1058 2941 1188 2964 711111117111711
1204 2934 1279 2963 possit
1295 2933 1427 2963 corrumpi.

1122 2973 1132 2988 ὃ
1151 2974 1243 2995 Plurimi
1261 2973 1328 2995 codd.
1347 2976 1370 2996 et
1387 2973 1439 2995 cdd.
1460 2974 1480 3001 1,
1499 2974 1511 2995 2
1530 2979 1576 2995 non
1595 2973 1654 2996 bene
1667 2973 1780 2997 absolute.

1122 3013 1131 3027 ⁷
1150 3013 1200 3035 Vat.
1219 3019 1272 3035 cum
1290 3013 1345 3035 edd.
1363 3013 1384 3039 3,
1403 3012 1416 3034 4
1434 3016 1514 3035 etune
1531 3013 1651 3042 alteroque
1664 3014 1717 3035 cod.
1734 3014 1913 3043 corrumpetur.

1750 3064 1778 3086 59

1927 808 1997 835 Sensus
2010 809 2039 827 di-

1920 834 2029 855 stinguitur.

1919 1136 2020 1155 Conclusio
2033 1136 2050 1154 1.

1923 1325 2022 1344 Conclusio
2032 1326 2051 1344 ⁶2.

1924 1983 1996 2010 Solutio
2009 1989 2041 2007 op-

1925 2009 2035 2030 posuerunt.
