<?xml version="1.0" encoding="UTF-8"?>
<!DOCTYPE html PUBLIC "-//W3C//DTD XHTML 1.0 Transitional//EN"
    "http://www.w3.org/TR/xhtml1/DTD/xhtml1-transitional.dtd">
<html xmlns="http://www.w3.org/1999/xhtml" xml:lang="en" lang="en">
 <head>
  <title>
</title>
<meta http-equiv="Content-Type" content="text/html;charset=utf-8" />
  <meta name='ocr-system' content='tesseract 3.04.00' />
  <meta name='ocr-capabilities' content='ocr_page ocr_carea ocr_par ocr_line ocrx_word'/>
</head>
<body>
  <div class='ocr_page' id='page_1' title='image "./doctorisseraphic02bona_0673.png"; bbox 0 0 2243 3425; ppageno 0'>
   <div class='ocr_carea' id='block_1_1' title="bbox 0 0 7 534">
    <p class='ocr_par' dir='ltr' id='par_1_1' title="bbox 0 0 7 534">
     <span class='ocr_line' id='line_1_1' title="bbox 0 0 7 534; baseline 0 0"><span class='ocrx_word' id='word_1_1' title='bbox 0 0 7 534; x_wconf 95' lang='lat' dir='ltr'> </span> 
     </span>
    </p>
   </div>
   <div class='ocr_carea' id='block_1_2' title="bbox 0 1807 96 1831">
    <p class='ocr_par' dir='ltr' id='par_1_2' title="bbox 0 1807 96 1831">
     <span class='ocr_line' id='line_1_2' title="bbox 0 1807 96 1831; baseline 0.01 -6"><span class='ocrx_word' id='word_1_2' title='bbox 0 1807 96 1831; x_wconf 76' lang='lat' dir='ltr'>igust&#39;mus.</span> 
     </span>
    </p>
   </div>
   <div class='ocr_carea' id='block_1_3' title="bbox 845 216 1154 246">
    <p class='ocr_par' dir='ltr' id='par_1_3' title="bbox 845 216 1154 246">
     <span class='ocr_line' id='line_1_3' title="bbox 845 216 1154 246; baseline 0.006 -2"><span class='ocrx_word' id='word_1_3' title='bbox 845 216 1032 245; x_wconf 85' lang='lat' dir='ltr'>DISTINCTIO</span> <span class='ocrx_word' id='word_1_4' title='bbox 1054 218 1154 246; x_wconf 80' lang='lat' dir='ltr'>XXVII.</span> 
     </span>
    </p>
   </div>
   <div class='ocr_carea' id='block_1_4' title="bbox 116 292 971 666">
    <p class='ocr_par' dir='ltr' id='par_1_4' title="bbox 116 292 971 666">
     <span class='ocr_line' id='line_1_4' title="bbox 120 292 971 325; baseline 0.004 -7"><span class='ocrx_word' id='word_1_5' title='bbox 120 292 238 323; x_wconf 87' lang='lat' dir='ltr'>sructus;</span> <span class='ocrx_word' id='word_1_6' title='bbox 260 292 294 318; x_wconf 84' lang='lat' dir='ltr'>ita</span> <span class='ocrx_word' id='word_1_7' title='bbox 314 292 397 325; x_wconf 79' lang='lat' dir='ltr'>gratis</span> <span class='ocrx_word' id='word_1_8' title='bbox 418 296 504 318; x_wconf 69' lang='lat' dir='ltr'>[errae</span> <span class='ocrx_word' id='word_1_9' title='bbox 523 294 619 319; x_wconf 85' lang='lat' dir='ltr'>mentis</span> <span class='ocrx_word' id='word_1_10' title='bbox 638 296 759 325; x_wconf 85' lang='lat' dir='ltr'>nostrae,</span> <span class='ocrx_word' id='word_1_11' title='bbox 786 293 812 320; x_wconf 93' lang='lat' dir='ltr'>id</span> <span class='ocrx_word' id='word_1_12' title='bbox 839 298 878 320; x_wconf 82' lang='lat' dir='ltr'>est</span> <span class='ocrx_word' id='word_1_13' title='bbox 903 294 971 321; x_wconf 88' lang='lat' dir='ltr'>arbi-</span> 
     </span>
     <span class='ocr_line' id='line_1_5' title="bbox 121 334 969 370; baseline 0.004 -10"><span class='ocrx_word' id='word_1_14' title='bbox 121 335 170 361; x_wconf 85' lang='lat' dir='ltr'>trio</span> <span class='ocrx_word' id='word_1_15' title='bbox 183 334 355 369; x_wconf 56' lang='lat' dir='ltr'>{voluntatis</span> <span class='ocrx_word' id='word_1_16' title='bbox 376 335 523 362; x_wconf 75' lang='lat' dir='ltr'>infunditur</span> <span class='ocrx_word' id='word_1_17' title='bbox 535 335 631 370; x_wconf 58' lang='lat' dir='ltr'>plavia.</span> <span class='ocrx_word' id='word_1_18' title='bbox 645 336 752 363; x_wconf 83' lang='lat' dir='ltr'>divinae</span> <span class='ocrx_word' id='word_1_19' title='bbox 767 336 969 368; x_wconf 72' lang='lat' dir='ltr'>benedictionis,</span> 
     </span>
     <span class='ocr_line' id='line_1_6' title="bbox 120 378 969 413; baseline 0.004 -9"><span class='ocrx_word' id='word_1_20' title='bbox 120 379 146 405; x_wconf 90' lang='lat' dir='ltr'>id</span> <span class='ocrx_word' id='word_1_21' title='bbox 166 381 218 410; x_wconf 81' lang='lat' dir='ltr'>est,</span> <span class='ocrx_word' id='word_1_22' title='bbox 239 378 386 412; x_wconf 73' lang='lat' dir='ltr'>inspiratur</span> <span class='ocrx_word' id='word_1_23' title='bbox 406 379 490 412; x_wconf 76' lang='lat' dir='ltr'>gratia</span> <span class='ocrx_word' id='word_1_24' title='bbox 504 393 539 398; x_wconf 81' lang='lat'>—</span> <span class='ocrx_word' id='word_1_25' title='bbox 552 379 625 413; x_wconf 86' lang='lat' dir='ltr'>quod</span> <span class='ocrx_word' id='word_1_26' title='bbox 645 379 717 405; x_wconf 86' lang='lat' dir='ltr'>solus</span> <span class='ocrx_word' id='word_1_27' title='bbox 736 380 807 406; x_wconf 82' lang='lat' dir='ltr'>Deus</span> <span class='ocrx_word' id='word_1_28' title='bbox 828 380 903 411; x_wconf 76' lang='lat' dir='ltr'>facit,</span> <span class='ocrx_word' id='word_1_29' title='bbox 918 388 969 407; x_wconf 86' lang='lat' dir='ltr'>non</span> 
     </span>
     <span class='ocr_line' id='line_1_7' title="bbox 119 422 970 457; baseline 0.001 -8"><span class='ocrx_word' id='word_1_30' title='bbox 119 423 198 449; x_wconf 86' lang='lat' dir='ltr'>bomo</span> <span class='ocrx_word' id='word_1_31' title='bbox 219 428 280 448; x_wconf 88' lang='lat' dir='ltr'>cum</span> <span class='ocrx_word' id='word_1_32' title='bbox 302 429 333 447; x_wconf 89' lang='lat' dir='ltr'>eo</span> <span class='ocrx_word' id='word_1_33' title='bbox 346 436 382 440; x_wconf 90' lang='lat'>——</span> <span class='ocrx_word' id='word_1_34' title='bbox 395 429 447 455; x_wconf 88' lang='lat' dir='ltr'>qua</span> <span class='ocrx_word' id='word_1_35' title='bbox 467 422 570 454; x_wconf 75' lang='lat' dir='ltr'>rigatur</span> <span class='ocrx_word' id='word_1_36' title='bbox 585 422 708 448; x_wconf 71' lang='lat' dir='ltr'>voluntas</span> <span class='ocrx_word' id='word_1_37' title='bbox 722 423 853 454; x_wconf 84' lang='lat' dir='ltr'>hominis,</span> <span class='ocrx_word' id='word_1_38' title='bbox 872 426 900 449; x_wconf 88' lang='lat' dir='ltr'>ut</span> <span class='ocrx_word' id='word_1_39' title='bbox 914 431 970 457; x_wconf 80' lang='lat' dir='ltr'>ger-</span> 
     </span>
     <span class='ocr_line' id='line_1_8' title="bbox 119 465 970 499; baseline 0.001 -8"><span class='ocrx_word' id='word_1_40' title='bbox 119 466 201 492; x_wconf 80' lang='lat' dir='ltr'>minet</span> <span class='ocrx_word' id='word_1_41' title='bbox 221 468 246 492; x_wconf 89' lang='lat' dir='ltr'>et</span> <span class='ocrx_word' id='word_1_42' title='bbox 265 465 422 497; x_wconf 80' lang='lat' dir='ltr'>fructificct;</span> <span class='ocrx_word' id='word_1_43' title='bbox 444 465 468 490; x_wconf 93' lang='lat' dir='ltr'>id</span> <span class='ocrx_word' id='word_1_44' title='bbox 490 467 543 495; x_wconf 70' lang='lat' dir='ltr'>est,</span> <span class='ocrx_word' id='word_1_45' title='bbox 557 467 668 491; x_wconf 88' lang='lat' dir='ltr'>sanatur</span> <span class='ocrx_word' id='word_1_46' title='bbox 687 468 713 491; x_wconf 89' lang='lat' dir='ltr'>et</span> <span class='ocrx_word' id='word_1_47' title='bbox 733 469 926 499; x_wconf 85' lang='lat' dir='ltr'>praeparatur,</span> <span class='ocrx_word' id='word_1_48' title='bbox 941 469 970 492; x_wconf 87' lang='lat' dir='ltr'>ut</span> 
     </span>
     <span class='ocr_line' id='line_1_9' title="bbox 117 507 970 543; baseline 0 -8"><span class='ocrx_word' id='word_1_49' title='bbox 117 509 217 536; x_wconf 88' lang='lat' dir='ltr'>bonum</span> <span class='ocrx_word' id='word_1_50' title='bbox 238 508 317 540; x_wconf 84' lang='lat' dir='ltr'>velit,</span> <span class='ocrx_word' id='word_1_51' title='bbox 337 508 485 535; x_wconf 84' lang='lat' dir='ltr'>secundum</span> <span class='ocrx_word' id='word_1_52' title='bbox 507 507 579 542; x_wconf 89' lang='lat' dir='ltr'>qnod</span> <span class='ocrx_word' id='word_1_53' title='bbox 594 508 692 534; x_wconf 88' lang='lat' dir='ltr'>dicitur</span> <span class='ocrx_word' id='word_1_54' title='bbox 706 516 821 543; x_wconf 73' lang='lat' dir='ltr'>operans</span> <span class='ocrx_word' id='word_1_55' title='bbox 830 519 841 539; x_wconf 91' lang='lat'><em>;</em></span> <span class='ocrx_word' id='word_1_56' title='bbox 861 509 970 536; x_wconf 86' lang='lat' dir='ltr'>etiuva-</span> 
     </span>
     <span class='ocr_line' id='line_1_10' title="bbox 118 550 968 586; baseline -0.001 -8"><span class='ocrx_word' id='word_1_57' title='bbox 118 555 175 583; x_wconf 79' lang='lat' dir='ltr'>tur,</span> <span class='ocrx_word' id='word_1_58' title='bbox 187 554 215 578; x_wconf 90' lang='lat' dir='ltr'>ut</span> <span class='ocrx_word' id='word_1_59' title='bbox 229 551 327 578; x_wconf 86' lang='lat' dir='ltr'>bonum</span> <span class='ocrx_word' id='word_1_60' title='bbox 342 551 434 584; x_wconf 80' lang='lat' dir='ltr'>faciat,</span> <span class='ocrx_word' id='word_1_61' title='bbox 449 550 597 577; x_wconf 88' lang='lat' dir='ltr'>secundum</span> <span class='ocrx_word' id='word_1_62' title='bbox 612 550 686 584; x_wconf 89' lang='lat' dir='ltr'>quod</span> <span class='ocrx_word' id='word_1_63' title='bbox 700 550 799 577; x_wconf 90' lang='lat' dir='ltr'>dicitur</span> <span class='ocrx_word' id='word_1_64' title='bbox 813 559 968 586; x_wconf 71' lang='lat' dir='ltr'>cooperans.</span> 
     </span>
     <span class='ocr_line' id='line_1_11' title="bbox 116 593 970 629; baseline -0.001 -8"><span class='ocrx_word' id='word_1_65' title='bbox 116 595 149 621; x_wconf 84' lang='lat' dir='ltr'>Et</span> <span class='ocrx_word' id='word_1_66' title='bbox 168 595 213 621; x_wconf 88' lang='lat' dir='ltr'>illa</span> <span class='ocrx_word' id='word_1_67' title='bbox 233 595 318 629; x_wconf 80' lang='lat' dir='ltr'>gratia</span> <span class='ocrx_word' id='word_1_68' title='bbox 338 593 425 620; x_wconf 67' lang='lat' dir='ltr'>virius</span> <span class='ocrx_word' id='word_1_69' title='bbox 440 601 491 619; x_wconf 92' lang='lat' dir='ltr'>non</span> <span class='ocrx_word' id='word_1_70' title='bbox 506 593 653 626; x_wconf 71' lang='lat' dir='ltr'>incongrue</span> <span class='ocrx_word' id='word_1_71' title='bbox 667 594 831 625; x_wconf 85' lang='lat' dir='ltr'>nominatur,</span> <span class='ocrx_word' id='word_1_72' title='bbox 845 595 908 629; x_wconf 91' lang='lat' dir='ltr'>quia</span> <span class='ocrx_word' id='word_1_73' title='bbox 923 602 970 620; x_wconf 82' lang='lat' dir='ltr'>vo-</span> 
     </span>
     <span class='ocr_line' id='line_1_12' title="bbox 116 636 813 666; baseline -0.004 -1"><span class='ocrx_word' id='word_1_74' title='bbox 116 639 245 666; x_wconf 89' lang='lat' dir='ltr'>luntatem</span> <span class='ocrx_word' id='word_1_75' title='bbox 266 638 381 664; x_wconf 84' lang='lat' dir='ltr'>hominis</span> <span class='ocrx_word' id='word_1_76' title='bbox 402 636 534 663; x_wconf 85' lang='lat' dir='ltr'>infirmam</span> <span class='ocrx_word' id='word_1_77' title='bbox 554 640 631 663; x_wconf 86' lang='lat' dir='ltr'>sanat</span> <span class='ocrx_word' id='word_1_78' title='bbox 650 639 675 663; x_wconf 83' lang='lat' dir='ltr'>et</span> <span class='ocrx_word' id='word_1_79' title='bbox 695 636 813 663; x_wconf 77' lang='lat' dir='ltr'>adiuvat.</span> 
     </span>
    </p>
   </div>
   <div class='ocr_carea' id='block_1_5' title="bbox 473 723 610 750">
    <p class='ocr_par' dir='ltr' id='par_1_5' title="bbox 473 723 610 750">
     <span class='ocr_line' id='line_1_13' title="bbox 473 723 610 750; baseline -0.007 0"><span class='ocrx_word' id='word_1_80' title='bbox 473 723 534 750; x_wconf 69' lang='lat' dir='ltr'>CAP.</span> <span class='ocrx_word' id='word_1_81' title='bbox 559 723 610 749; x_wconf 68' lang='lat' dir='ltr'>vll.</span> 
     </span>
    </p>
   </div>
   <div class='ocr_carea' id='block_1_6' title="bbox 152 808 926 889">
    <p class='ocr_par' dir='ltr' id='par_1_6' title="bbox 152 808 926 889">
     <span class='ocr_line' id='line_1_14' title="bbox 152 808 926 846; baseline -0.005 -8"><span class='ocrx_word' id='word_1_82' title='bbox 152 810 289 844; x_wconf 67' lang='lat' dir='ltr'>Quomodo</span> <span class='ocrx_word' id='word_1_83' title='bbox 309 819 341 837; x_wconf 64' lang='lat' dir='ltr'>ea.-</span> <span class='ocrx_word' id='word_1_84' title='bbox 359 810 450 846; x_wconf 63' lang='lat' dir='ltr'>qratia</span> <span class='ocrx_word' id='word_1_85' title='bbox 471 809 606 845; x_wconf 65' lang='lat' dir='ltr'>incipiant</span> <span class='ocrx_word' id='word_1_86' title='bbox 625 809 695 837; x_wconf 78' lang='lat' dir='ltr'>bona</span> <span class='ocrx_word' id='word_1_87' title='bbox 714 809 812 836; x_wconf 70' lang='lat' dir='ltr'>merita</span> <span class='ocrx_word' id='word_1_88' title='bbox 824 832 832 840; x_wconf 89' lang='lat'><em>,</em></span> <span class='ocrx_word' id='word_1_89' title='bbox 853 814 875 836; x_wconf 76' lang='lat' dir='ltr'>et</span> <span class='ocrx_word' id='word_1_90' title='bbox 895 808 926 835; x_wconf 73' lang='lat' dir='ltr'>de</span> 
     </span>
     <span class='ocr_line' id='line_1_15' title="bbox 328 852 757 889; baseline -0.002 -9"><span class='ocrx_word' id='word_1_91' title='bbox 328 862 381 889; x_wconf 74' lang='lat' dir='ltr'>qna</span> <span class='ocrx_word' id='word_1_92' title='bbox 399 852 491 888; x_wconf 66' lang='lat' dir='ltr'>qratia</span> <span class='ocrx_word' id='word_1_93' title='bbox 510 853 559 880; x_wconf 75' lang='lat' dir='ltr'>lzoc</span> <span class='ocrx_word' id='word_1_94' title='bbox 579 852 757 889; x_wconf 62' lang='lat' dir='ltr'>intelligscclzcr.</span> 
     </span>
    </p>
   </div>
   <div class='ocr_carea' id='block_1_7' title="bbox 109 939 967 1494">
    <p class='ocr_par' dir='ltr' id='par_1_7' title="bbox 109 939 967 1494">
     <span class='ocr_line' id='line_1_16' title="bbox 184 939 967 974; baseline -0.003 -7"><span class='ocrx_word' id='word_1_95' title='bbox 184 941 248 968; x_wconf 88' lang='lat' dir='ltr'>Cum</span> <span class='ocrx_word' id='word_1_96' title='bbox 270 948 332 974; x_wconf 80' lang='lat' dir='ltr'>ergo</span> <span class='ocrx_word' id='word_1_97' title='bbox 353 947 385 966; x_wconf 81' lang='lat' dir='ltr'>ex</span> <span class='ocrx_word' id='word_1_98' title='bbox 406 940 492 974; x_wconf 77' lang='lat' dir='ltr'>gratia</span> <span class='ocrx_word' id='word_1_99' title='bbox 511 939 638 966; x_wconf 87' lang='lat' dir='ltr'>dicuntur</span> <span class='ocrx_word' id='word_1_100' title='bbox 658 946 715 965; x_wconf 85' lang='lat' dir='ltr'>esse</span> <span class='ocrx_word' id='word_1_101' title='bbox 735 939 805 965; x_wconf 84' lang='lat' dir='ltr'>bona</span> <span class='ocrx_word' id='word_1_102' title='bbox 827 939 920 965; x_wconf 85' lang='lat' dir='ltr'>merita</span> <span class='ocrx_word' id='word_1_103' title='bbox 942 942 967 965; x_wconf 88' lang='lat' dir='ltr'>et</span> 
     </span>
     <span class='ocr_line' id='line_1_17' title="bbox 112 981 967 1019; baseline -0.004 -8"><span class='ocrx_word' id='word_1_104' title='bbox 112 985 247 1019; x_wconf 82' lang='lat' dir='ltr'>inciperc;</span> <span class='ocrx_word' id='word_1_105' title='bbox 277 987 323 1010; x_wconf 85' lang='lat' dir='ltr'>aut</span> <span class='ocrx_word' id='word_1_106' title='bbox 353 983 509 1017; x_wconf 74' lang='lat' dir='ltr'>intelligitur</span> <span class='ocrx_word' id='word_1_107' title='bbox 536 982 621 1016; x_wconf 78' lang='lat' dir='ltr'>gratia</span> <span class='ocrx_word' id='word_1_108' title='bbox 645 981 731 1017; x_wconf 58' lang='lat' dir='ltr'>gyratis</span> <span class='ocrx_word' id='word_1_109' title='bbox 757 982 844 1012; x_wconf 72' lang='lat' dir='ltr'>(lans,</span> <span class='ocrx_word' id='word_1_110' title='bbox 874 981 901 1007; x_wconf 94' lang='lat' dir='ltr'>id</span> <span class='ocrx_word' id='word_1_111' title='bbox 927 985 967 1008; x_wconf 77' lang='lat' dir='ltr'>est</span> 
     </span>
     <span class='ocr_line' id='line_1_18' title="bbox 112 1024 964 1061; baseline -0.005 -6"><span class='ocrx_word' id='word_1_112' title='bbox 112 1029 198 1060; x_wconf 82' lang='lat' dir='ltr'>Deus,</span> <span class='ocrx_word' id='word_1_113' title='bbox 218 1027 259 1054; x_wconf 80' lang='lat' dir='ltr'>vel</span> <span class='ocrx_word' id='word_1_114' title='bbox 280 1027 370 1061; x_wconf 86' lang='lat' dir='ltr'>potius</span> <span class='ocrx_word' id='word_1_115' title='bbox 390 1027 474 1060; x_wconf 78' lang='lat' dir='ltr'>gratia</span> <span class='ocrx_word' id='word_1_116' title='bbox 493 1025 578 1061; x_wconf 61' lang='lat' dir='ltr'>yram</span> <span class='ocrx_word' id='word_1_117' title='bbox 598 1024 678 1056; x_wconf 70' lang='lat' dir='ltr'>clusa,</span> <span class='ocrx_word' id='word_1_118' title='bbox 706 1032 776 1059; x_wconf 88' lang='lat' dir='ltr'>quae</span> <span class='ocrx_word' id='word_1_119' title='bbox 801 1025 964 1051; x_wconf 74' lang='lat' dir='ltr'>voluntatem</span> 
     </span>
     <span class='ocr_line' id='line_1_19' title="bbox 112 1069 964 1105; baseline -0.004 -8"><span class='ocrx_word' id='word_1_120' title='bbox 112 1071 228 1098; x_wconf 79' lang='lat' dir='ltr'>hominis</span> <span class='ocrx_word' id='word_1_121' title='bbox 247 1070 395 1105; x_wconf 76' lang='lat' dir='ltr'>praevenit..</span> <span class='ocrx_word' id='word_1_122' title='bbox 416 1070 474 1096; x_wconf 91' lang='lat' dir='ltr'>Non</span> <span class='ocrx_word' id='word_1_123' title='bbox 495 1070 564 1095; x_wconf 87' lang='lat' dir='ltr'>enim</span> <span class='ocrx_word' id='word_1_124' title='bbox 586 1072 655 1095; x_wconf 82' lang='lat' dir='ltr'>esset</span> <span class='ocrx_word' id='word_1_125' title='bbox 676 1076 817 1103; x_wconf 85' lang='lat' dir='ltr'>magnum,</span> <span class='ocrx_word' id='word_1_126' title='bbox 832 1069 852 1095; x_wconf 84' lang='lat' dir='ltr'>si</span> <span class='ocrx_word' id='word_1_127' title='bbox 868 1069 936 1095; x_wconf 88' lang='lat' dir='ltr'>haec</span> <span class='ocrx_word' id='word_1_128' title='bbox 951 1076 964 1095; x_wconf 88' lang='lat' dir='ltr'>a</span> 
     </span>
     <span class='ocr_line' id='line_1_20' title="bbox 111 1112 965 1147; baseline -0.004 -6"><span class='ocrx_word' id='word_1_129' title='bbox 111 1115 166 1141; x_wconf 87' lang='lat' dir='ltr'>Deo</span> <span class='ocrx_word' id='word_1_130' title='bbox 186 1114 341 1141; x_wconf 71' lang='lat' dir='ltr'>dicerentur</span> <span class='ocrx_word' id='word_1_131' title='bbox 360 1120 433 1144; x_wconf 84' lang='lat' dir='ltr'>esse,</span> <span class='ocrx_word' id='word_1_132' title='bbox 452 1121 466 1139; x_wconf 91' lang='lat' dir='ltr'>a</span> <span class='ocrx_word' id='word_1_133' title='bbox 481 1120 534 1147; x_wconf 90' lang='lat' dir='ltr'>quo</span> <span class='ocrx_word' id='word_1_134' title='bbox 548 1116 610 1139; x_wconf 89' lang='lat' dir='ltr'>sunt</span> <span class='ocrx_word' id='word_1_135' title='bbox 623 1113 713 1139; x_wconf 85' lang='lat' dir='ltr'>omnia</span> <span class='ocrx_word' id='word_1_136' title='bbox 724 1121 729 1142; x_wconf 86' lang='lat'>;</span> <span class='ocrx_word' id='word_1_137' title='bbox 742 1112 789 1139; x_wconf 85' lang='lat' dir='ltr'>sed</span> <span class='ocrx_word' id='word_1_138' title='bbox 803 1113 893 1147; x_wconf 85' lang='lat' dir='ltr'>potius</span> <span class='ocrx_word' id='word_1_139' title='bbox 908 1112 965 1139; x_wconf 89' lang='lat' dir='ltr'>eius</span> 
     </span>
     <span class='ocr_line' id='line_1_21' title="bbox 111 1156 965 1193; baseline -0.002 -9"><span class='ocrx_word' id='word_1_140' title='bbox 111 1158 196 1191; x_wconf 83' lang='lat' dir='ltr'>gratIa</span> <span class='ocrx_word' id='word_1_141' title='bbox 214 1156 300 1193; x_wconf 65' lang='lat' dir='ltr'>qratis</span> <span class='ocrx_word' id='word_1_142' title='bbox 320 1156 383 1183; x_wconf 62' lang='lat' dir='ltr'>datu.</span> <span class='ocrx_word' id='word_1_143' title='bbox 403 1156 573 1189; x_wconf 73' lang='lat' dir='ltr'>intelligitur,</span> <span class='ocrx_word' id='word_1_144' title='bbox 600 1163 633 1182; x_wconf 79' lang='lat' dir='ltr'>ex</span> <span class='ocrx_word' id='word_1_145' title='bbox 659 1163 712 1190; x_wconf 89' lang='lat' dir='ltr'>qua</span> <span class='ocrx_word' id='word_1_146' title='bbox 739 1156 872 1190; x_wconf 89' lang='lat' dir='ltr'>incipiunt</span> <span class='ocrx_word' id='word_1_147' title='bbox 895 1156 965 1182; x_wconf 91' lang='lat' dir='ltr'>bona</span> 
     </span>
     <span class='ocr_line' id='line_1_22' title="bbox 110 1199 964 1235; baseline -0.002 -8"><span class='ocrx_word' id='word_1_148' title='bbox 110 1201 220 1230; x_wconf 82' lang='lat' dir='ltr'>merita,</span> <span class='ocrx_word' id='word_1_149' title='bbox 241 1207 311 1235; x_wconf 85' lang='lat' dir='ltr'>quae</span> <span class='ocrx_word' id='word_1_150' title='bbox 331 1207 392 1226; x_wconf 90' lang='lat' dir='ltr'>cum</span> <span class='ocrx_word' id='word_1_151' title='bbox 414 1207 447 1226; x_wconf 88' lang='lat' dir='ltr'>ex</span> <span class='ocrx_word' id='word_1_152' title='bbox 467 1199 523 1226; x_wconf 89' lang='lat' dir='ltr'>sola</span> <span class='ocrx_word' id='word_1_153' title='bbox 549 1199 633 1232; x_wconf 77' lang='lat' dir='ltr'>gratia</span> <span class='ocrx_word' id='word_1_154' title='bbox 661 1206 719 1225; x_wconf 88' lang='lat' dir='ltr'>esse</span> <span class='ocrx_word' id='word_1_155' title='bbox 745 1199 886 1231; x_wconf 88' lang='lat' dir='ltr'>dicantur,</span> <span class='ocrx_word' id='word_1_156' title='bbox 913 1207 964 1225; x_wconf 86' lang='lat' dir='ltr'>non</span> 
     </span>
     <span class='ocr_line' id='line_1_23' title="bbox 111 1242 965 1276; baseline -0.004 -5"><span class='ocrx_word' id='word_1_157' title='bbox 111 1244 266 1271; x_wconf 74' lang='lat' dir='ltr'>excluditur</span> <span class='ocrx_word' id='word_1_158' title='bbox 284 1243 398 1270; x_wconf 89' lang='lat' dir='ltr'>liberum</span> <span class='ocrx_word' id='word_1_159' title='bbox 420 1243 576 1273; x_wconf 70' lang='lat' dir='ltr'>arbitrium,</span> <span class='ocrx_word' id='word_1_160' title='bbox 590 1242 654 1276; x_wconf 89' lang='lat' dir='ltr'>quia</span> <span class='ocrx_word' id='word_1_161' title='bbox 668 1242 770 1268; x_wconf 83' lang='lat' dir='ltr'>nullum</span> <span class='ocrx_word' id='word_1_162' title='bbox 785 1242 909 1268; x_wconf 90' lang='lat' dir='ltr'>meritum</span> <span class='ocrx_word' id='word_1_163' title='bbox 925 1245 965 1268; x_wconf 89' lang='lat' dir='ltr'>est</span> 
     </span>
     <span class='ocr_line' id='line_1_24' title="bbox 110 1285 963 1321; baseline -0.004 -7"><span class='ocrx_word' id='word_1_164' title='bbox 110 1288 136 1314; x_wconf 94' lang='lat' dir='ltr'>in</span> <span class='ocrx_word' id='word_1_165' title='bbox 157 1287 280 1319; x_wconf 82' lang='lat' dir='ltr'>bomine,</span> <span class='ocrx_word' id='word_1_166' title='bbox 300 1286 372 1321; x_wconf 87' lang='lat' dir='ltr'>qnod</span> <span class='ocrx_word' id='word_1_167' title='bbox 393 1294 445 1312; x_wconf 89' lang='lat' dir='ltr'>non</span> <span class='ocrx_word' id='word_1_168' title='bbox 466 1286 500 1312; x_wconf 82' lang='lat' dir='ltr'>sit</span> <span class='ocrx_word' id='word_1_169' title='bbox 520 1293 568 1320; x_wconf 83' lang='lat' dir='ltr'>per</span> <span class='ocrx_word' id='word_1_170' title='bbox 594 1285 708 1312; x_wconf 89' lang='lat' dir='ltr'>liberum</span> <span class='ocrx_word' id='word_1_171' title='bbox 735 1285 885 1312; x_wconf 73' lang='lat' dir='ltr'>arbitrium.</span> <span class='ocrx_word' id='word_1_172' title='bbox 912 1285 963 1312; x_wconf 83' lang='lat' dir='ltr'>Sed</span> 
     </span>
     <span class='ocr_line' id='line_1_25' title="bbox 110 1327 964 1363; baseline -0.004 -7"><span class='ocrx_word' id='word_1_173' title='bbox 110 1331 136 1356; x_wconf 91' lang='lat' dir='ltr'>in</span> <span class='ocrx_word' id='word_1_174' title='bbox 157 1330 234 1356; x_wconf 91' lang='lat' dir='ltr'>bonis</span> <span class='ocrx_word' id='word_1_175' title='bbox 254 1329 388 1356; x_wconf 87' lang='lat' dir='ltr'>merendis</span> <span class='ocrx_word' id='word_1_176' title='bbox 408 1336 507 1356; x_wconf 83' lang='lat' dir='ltr'>causae</span> <span class='ocrx_word' id='word_1_177' title='bbox 527 1328 714 1363; x_wconf 72' lang='lat' dir='ltr'>principalitas</span> <span class='ocrx_word' id='word_1_178' title='bbox 727 1328 829 1362; x_wconf 77' lang='lat' dir='ltr'>gratiae</span> <span class='ocrx_word' id='word_1_179' title='bbox 844 1327 964 1354; x_wconf 60' lang='lat' dir='ltr'>attribui&lt;</span> 
     </span>
     <span class='ocr_line' id='line_1_26' title="bbox 111 1371 963 1408; baseline -0.004 -8"><span class='ocrx_word' id='word_1_180' title='bbox 111 1377 171 1405; x_wconf 88' lang='lat' dir='ltr'>tur;</span> <span class='ocrx_word' id='word_1_181' title='bbox 186 1374 249 1408; x_wconf 89' lang='lat' dir='ltr'>quia</span> <span class='ocrx_word' id='word_1_182' title='bbox 263 1373 422 1407; x_wconf 88' lang='lat' dir='ltr'>principalis</span> <span class='ocrx_word' id='word_1_183' title='bbox 436 1380 517 1399; x_wconf 86' lang='lat' dir='ltr'>causa</span> <span class='ocrx_word' id='word_1_184' title='bbox 532 1372 665 1398; x_wconf 86' lang='lat' dir='ltr'>bonorum</span> <span class='ocrx_word' id='word_1_185' title='bbox 680 1371 836 1398; x_wconf 85' lang='lat' dir='ltr'>meritorum</span> <span class='ocrx_word' id='word_1_186' title='bbox 852 1375 891 1398; x_wconf 86' lang='lat' dir='ltr'>est</span> <span class='ocrx_word' id='word_1_187' title='bbox 906 1372 963 1406; x_wconf 85' lang='lat' dir='ltr'>ipsa</span> 
     </span>
     <span class='ocr_line' id='line_1_27' title="bbox 109 1415 964 1451; baseline -0.004 -8"><span class='ocrx_word' id='word_1_188' title='bbox 109 1417 209 1450; x_wconf 81' lang='lat' dir='ltr'>gratia⁷</span> <span class='ocrx_word' id='word_1_189' title='bbox 230 1423 283 1451; x_wconf 88' lang='lat' dir='ltr'>qua</span> <span class='ocrx_word' id='word_1_190' title='bbox 303 1417 436 1443; x_wconf 83' lang='lat' dir='ltr'>excitatur</span> <span class='ocrx_word' id='word_1_191' title='bbox 456 1415 570 1442; x_wconf 88' lang='lat' dir='ltr'>liberum</span> <span class='ocrx_word' id='word_1_192' title='bbox 592 1415 733 1441; x_wconf 76' lang='lat' dir='ltr'>arbitrium</span> <span class='ocrx_word' id='word_1_193' title='bbox 755 1418 780 1441; x_wconf 88' lang='lat' dir='ltr'>et</span> <span class='ocrx_word' id='word_1_194' title='bbox 798 1418 964 1447; x_wconf 80' lang='lat' dir='ltr'>sanauii·,at-</span> 
     </span>
     <span class='ocr_line' id='line_1_28' title="bbox 109 1458 783 1494; baseline -0.001 -8"><span class='ocrx_word' id='word_1_195' title='bbox 109 1467 162 1494; x_wconf 86' lang='lat' dir='ltr'>que</span> <span class='ocrx_word' id='word_1_196' title='bbox 182 1460 290 1486; x_wconf 71' lang='lat' dir='ltr'>iuvatur</span> <span class='ocrx_word' id='word_1_197' title='bbox 310 1459 432 1486; x_wconf 73' lang='lat' dir='ltr'>voluntas</span> <span class='ocrx_word' id='word_1_198' title='bbox 451 1459 583 1491; x_wconf 82' lang='lat' dir='ltr'>hominis,</span> <span class='ocrx_word' id='word_1_199' title='bbox 604 1461 633 1484; x_wconf 88' lang='grc' dir='ltr'>ιιι</span> <span class='ocrx_word' id='word_1_200' title='bbox 652 1458 684 1484; x_wconf 83' lang='lat' dir='ltr'>sit</span> <span class='ocrx_word' id='word_1_201' title='bbox 705 1458 783 1485; x_wconf 90' lang='lat' dir='ltr'>bona.</span> 
     </span>
    </p>
   </div>
   <div class='ocr_carea' id='block_1_8' title="bbox 155 1545 915 1666">
    <p class='ocr_par' dir='ltr' id='par_1_8' title="bbox 155 1545 915 1666">
     <span class='ocr_line' id='line_1_29' title="bbox 464 1545 608 1571; baseline 0 0"><span class='ocrx_word' id='word_1_202' title='bbox 464 1545 525 1571; x_wconf 75' lang='lat' dir='ltr'>CAP.</span> <span class='ocrx_word' id='word_1_203' title='bbox 546 1545 608 1571; x_wconf 83' lang='lat' dir='ltr'>VIII.</span> 
     </span>
     <span class='ocr_line' id='line_1_30' title="bbox 155 1630 915 1666; baseline -0.001 -7"><span class='ocrx_word' id='word_1_204' title='bbox 155 1632 232 1665; x_wconf 65' lang='lat' dir='ltr'>Quod</span> <span class='ocrx_word' id='word_1_205' title='bbox 252 1631 321 1659; x_wconf 74' lang='lat' dir='ltr'>hona</span> <span class='ocrx_word' id='word_1_206' title='bbox 340 1633 467 1658; x_wconf 70' lang='lat' dir='ltr'>voluntas</span> <span class='ocrx_word' id='word_1_207' title='bbox 485 1631 575 1666; x_wconf 62' lang='lat' dir='ltr'>qratia</span> <span class='ocrx_word' id='word_1_208' title='bbox 594 1630 787 1666; x_wconf 63' lang='lat' dir='ltr'>principaliter</span> <span class='ocrx_word' id='word_1_209' title='bbox 807 1631 915 1659; x_wconf 66' lang='lat' dir='ltr'>(licitur.</span> 
     </span>
    </p>
   </div>
   <div class='ocr_carea' id='block_1_9' title="bbox 103 1718 961 2445">
    <p class='ocr_par' dir='ltr' id='par_1_9' title="bbox 103 1718 961 2445">
     <span class='ocr_line' id='line_1_31' title="bbox 180 1718 960 1753; baseline -0.001 -8"><span class='ocrx_word' id='word_1_210' title='bbox 180 1718 252 1750; x_wconf 82' lang='lat' dir='ltr'>Quae</span> <span class='ocrx_word' id='word_1_211' title='bbox 272 1719 331 1753; x_wconf 87' lang='lat' dir='ltr'>ipsa</span> <span class='ocrx_word' id='word_1_212' title='bbox 351 1719 430 1745; x_wconf 86' lang='lat' dir='ltr'>etiam</span> <span class='ocrx_word' id='word_1_213' title='bbox 450 1718 549 1744; x_wconf 89' lang='lat' dir='ltr'>donum</span> <span class='ocrx_word' id='word_1_214' title='bbox 574 1719 621 1745; x_wconf 90' lang='lat' dir='ltr'>Dei</span> <span class='ocrx_word' id='word_1_215' title='bbox 647 1721 687 1745; x_wconf 86' lang='lat' dir='ltr'>est</span> <span class='ocrx_word' id='word_1_216' title='bbox 710 1721 735 1744; x_wconf 88' lang='lat' dir='ltr'>et</span> <span class='ocrx_word' id='word_1_217' title='bbox 761 1718 878 1745; x_wconf 82' lang='lat' dir='ltr'>bominis</span> <span class='ocrx_word' id='word_1_218' title='bbox 906 1726 960 1745; x_wconf 87' lang='lat' dir='ltr'>me-</span> 
     </span>
     <span class='ocr_line' id='line_1_32' title="bbox 107 1761 961 1795; baseline -0.001 -6"><span class='ocrx_word' id='word_1_219' title='bbox 107 1763 203 1794; x_wconf 88' lang='lat' dir='ltr'>ritum,</span> <span class='ocrx_word' id='word_1_220' title='bbox 230 1762 312 1788; x_wconf 88' lang='lat' dir='ltr'>immo</span> <span class='ocrx_word' id='word_1_221' title='bbox 338 1761 453 1794; x_wconf 82' lang='lat' dir='ltr'>gratiae,</span> <span class='ocrx_word' id='word_1_222' title='bbox 474 1761 537 1795; x_wconf 90' lang='lat' dir='ltr'>quia</span> <span class='ocrx_word' id='word_1_223' title='bbox 558 1768 590 1787; x_wconf 83' lang='lat' dir='ltr'>ex</span> <span class='ocrx_word' id='word_1_224' title='bbox 609 1761 694 1794; x_wconf 70' lang='lat' dir='ltr'>gratia</span> <span class='ocrx_word' id='word_1_225' title='bbox 715 1761 902 1795; x_wconf 79' lang='lat' dir='ltr'>principaliter</span> <span class='ocrx_word' id='word_1_226' title='bbox 921 1765 961 1788; x_wconf 89' lang='lat' dir='ltr'>cst</span> 
     </span>
     <span class='ocr_line' id='line_1_33' title="bbox 107 1804 959 1839; baseline -0.001 -7"><span class='ocrx_word' id='word_1_227' title='bbox 107 1809 133 1832; x_wconf 88' lang='lat' dir='ltr'>et</span> <span class='ocrx_word' id='word_1_228' title='bbox 146 1805 231 1839; x_wconf 78' lang='lat' dir='ltr'>gratia</span> <span class='ocrx_word' id='word_1_229' title='bbox 246 1808 293 1832; x_wconf 90' lang='lat' dir='ltr'>est.</span> <span class='ocrx_word' id='word_1_230' title='bbox 308 1804 383 1831; x_wconf 89' lang='lat' dir='ltr'>Unde</span> <span class='ocrx_word' id='word_1_231' title='bbox 397 1805 563 1838; x_wconf 72' lang='lat' dir='ltr'>Augustinus</span> <span class='ocrx_word' id='word_1_232' title='bbox 574 1804 607 1831; x_wconf 88' lang='lat' dir='ltr'>ad</span> <span class='ocrx_word' id='word_1_233' title='bbox 622 1804 726 1831; x_wconf 82' lang='lat' dir='ltr'>Sixtum</span> <span class='ocrx_word' id='word_1_234' title='bbox 740 1805 931 1839; x_wconf 82' lang='lat' dir='ltr'>presbyterum</span> <span class='ocrx_word' id='word_1_235' title='bbox 941 1805 959 1831; x_wconf 70' lang='lat'>2:</span> 
     </span>
     <span class='ocr_line' id='line_1_34' title="bbox 112 1848 961 1882; baseline 0 -7"><span class='ocrx_word' id='word_1_236' title='bbox 112 1849 204 1881; x_wconf 86' lang='lat' dir='ltr'>«Quid</span> <span class='ocrx_word' id='word_1_237' title='bbox 224 1852 263 1875; x_wconf 87' lang='lat' dir='ltr'>est</span> <span class='ocrx_word' id='word_1_238' title='bbox 283 1849 407 1875; x_wconf 87' lang='lat' dir='ltr'>meritum</span> <span class='ocrx_word' id='word_1_239' title='bbox 432 1848 549 1874; x_wconf 89' lang='lat' dir='ltr'>hominis</span> <span class='ocrx_word' id='word_1_240' title='bbox 569 1851 629 1874; x_wconf 87' lang='lat' dir='ltr'>ante</span> <span class='ocrx_word' id='word_1_241' title='bbox 649 1848 778 1882; x_wconf 79' lang='lat' dir='ltr'>gratiam,</span> <span class='ocrx_word' id='word_1_242' title='bbox 798 1855 860 1875; x_wconf 90' lang='lat' dir='ltr'>cum</span> <span class='ocrx_word' id='word_1_243' title='bbox 882 1856 961 1876; x_wconf 90' lang='lat' dir='ltr'>omne</span> 
     </span>
     <span class='ocr_line' id='line_1_35' title="bbox 105 1891 960 1926; baseline 0 -7"><span class='ocrx_word' id='word_1_244' title='bbox 105 1893 206 1920; x_wconf 88' lang='lat' dir='ltr'>bonum</span> <span class='ocrx_word' id='word_1_245' title='bbox 221 1892 345 1918; x_wconf 82' lang='lat' dir='ltr'>meritum</span> <span class='ocrx_word' id='word_1_246' title='bbox 361 1894 481 1918; x_wconf 85' lang='lat' dir='ltr'>nostrum</span> <span class='ocrx_word' id='word_1_247' title='bbox 496 1899 547 1917; x_wconf 85' lang='lat' dir='ltr'>non</span> <span class='ocrx_word' id='word_1_248' title='bbox 562 1891 588 1917; x_wconf 88' lang='lat' dir='ltr'>in</span> <span class='ocrx_word' id='word_1_249' title='bbox 603 1891 680 1917; x_wconf 84' lang='lat' dir='ltr'>nobis</span> <span class='ocrx_word' id='word_1_250' title='bbox 694 1891 756 1917; x_wconf 85' lang='lat' dir='ltr'>l&#39;acit</span> <span class='ocrx_word' id='word_1_251' title='bbox 770 1892 820 1917; x_wconf 90' lang='lat' dir='ltr'>nisi</span> <span class='ocrx_word' id='word_1_252' title='bbox 835 1892 919 1926; x_wconf 81' lang='lat' dir='ltr'>gratia</span> <span class='ocrx_word' id='word_1_253' title='bbox 932 1894 960 1919; x_wconf 64' lang='lat'>»27</span> 
     </span>
     <span class='ocr_line' id='line_1_36' title="bbox 105 1934 960 1968; baseline -0.002 -6"><span class='ocrx_word' id='word_1_254' title='bbox 105 1936 146 1962; x_wconf 86' lang='lat' dir='ltr'>Ex</span> <span class='ocrx_word' id='word_1_255' title='bbox 165 1935 251 1968; x_wconf 81' lang='lat' dir='ltr'>gratia</span> <span class='ocrx_word' id='word_1_256' title='bbox 271 1935 357 1966; x_wconf 81' lang='lat' dir='ltr'>enini,</span> <span class='ocrx_word' id='word_1_257' title='bbox 378 1937 406 1960; x_wconf 89' lang='lat' dir='ltr'>ut</span> <span class='ocrx_word' id='word_1_258' title='bbox 423 1934 525 1960; x_wconf 86' lang='lat' dir='ltr'>dictum</span> <span class='ocrx_word' id='word_1_259' title='bbox 540 1937 593 1966; x_wconf 83' lang='lat' dir='ltr'>est,</span> <span class='ocrx_word' id='word_1_260' title='bbox 607 1941 677 1968; x_wconf 85' lang='lat' dir='ltr'>quae</span> <span class='ocrx_word' id='word_1_261' title='bbox 691 1934 831 1968; x_wconf 77' lang='lat' dir='ltr'>praevenit</span> <span class='ocrx_word' id='word_1_262' title='bbox 845 1938 870 1960; x_wconf 88' lang='lat' dir='ltr'>et</span> <span class='ocrx_word' id='word_1_263' title='bbox 884 1938 960 1961; x_wconf 90' lang='lat' dir='ltr'>sanat</span> 
     </span>
     <span class='ocr_line' id='line_1_37' title="bbox 106 1977 959 2012; baseline -0.002 -6"><span class='ocrx_word' id='word_1_264' title='bbox 106 1978 246 2006; x_wconf 85' lang='lat' dir='ltr'>arbitrium</span> <span class='ocrx_word' id='word_1_265' title='bbox 268 1977 392 2005; x_wconf 78' lang='lat' dir='ltr'>hominis,</span> <span class='ocrx_word' id='word_1_266' title='bbox 404 1980 429 2004; x_wconf 90' lang='lat' dir='ltr'>ct</span> <span class='ocrx_word' id='word_1_267' title='bbox 443 1985 476 2004; x_wconf 82' lang='lat' dir='ltr'>ex</span> <span class='ocrx_word' id='word_1_268' title='bbox 490 1977 548 2011; x_wconf 85' lang='lat' dir='ltr'>ipso</span> <span class='ocrx_word' id='word_1_269' title='bbox 563 1977 674 2003; x_wconf 88' lang='lat' dir='ltr'>arbitrio</span> <span class='ocrx_word' id='word_1_270' title='bbox 689 1980 849 2012; x_wconf 87' lang='lat' dir='ltr'>procreatur</span> <span class='ocrx_word' id='word_1_271' title='bbox 864 1978 888 2004; x_wconf 90' lang='lat' dir='ltr'>in</span> <span class='ocrx_word' id='word_1_272' title='bbox 904 1978 959 2004; x_wconf 91' lang='lat' dir='ltr'>ani-</span> 
     </span>
     <span class='ocr_line' id='line_1_38' title="bbox 105 2020 959 2054; baseline -0.001 -6"><span class='ocrx_word' id='word_1_273' title='bbox 105 2029 149 2048; x_wconf 89' lang='lat' dir='ltr'>ma</span> <span class='ocrx_word' id='word_1_274' title='bbox 169 2021 285 2048; x_wconf 84' lang='lat' dir='ltr'>hominis</span> <span class='ocrx_word' id='word_1_275' title='bbox 309 2021 396 2047; x_wconf 83' lang='lat' dir='ltr'>bonus</span> <span class='ocrx_word' id='word_1_276' title='bbox 420 2021 530 2047; x_wconf 79' lang='lat' dir='ltr'>allectus</span> <span class='ocrx_word' id='word_1_277' title='bbox 554 2020 611 2047; x_wconf 82' lang='lat' dir='ltr'>sive</span> <span class='ocrx_word' id='word_1_278' title='bbox 632 2020 718 2047; x_wconf 87' lang='lat' dir='ltr'>honus</span> <span class='ocrx_word' id='word_1_279' title='bbox 738 2024 826 2047; x_wconf 88' lang='lat' dir='ltr'>motus</span> <span class='ocrx_word' id='word_1_280' title='bbox 846 2021 959 2054; x_wconf 70' lang='lat' dir='ltr'>mentis3</span> 
     </span>
     <span class='ocr_line' id='line_1_39' title="bbox 105 2064 958 2099; baseline 0 -8"><span class='ocrx_word' id='word_1_281' title='bbox 105 2068 130 2092; x_wconf 87' lang='lat' dir='ltr'>et</span> <span class='ocrx_word' id='word_1_282' title='bbox 150 2065 202 2091; x_wconf 88' lang='lat' dir='ltr'>hoc</span> <span class='ocrx_word' id='word_1_283' title='bbox 228 2068 267 2091; x_wconf 86' lang='lat' dir='ltr'>est</span> <span class='ocrx_word' id='word_1_284' title='bbox 292 2065 411 2099; x_wconf 90' lang='lat' dir='ltr'>primum</span> <span class='ocrx_word' id='word_1_285' title='bbox 437 2064 536 2090; x_wconf 82' lang='lat' dir='ltr'>bonum</span> <span class='ocrx_word' id='word_1_286' title='bbox 564 2064 680 2090; x_wconf 86' lang='lat' dir='ltr'>hominis</span> <span class='ocrx_word' id='word_1_287' title='bbox 705 2065 839 2091; x_wconf 83' lang='lat' dir='ltr'>meritum.</span> <span class='ocrx_word' id='word_1_288' title='bbox 866 2065 958 2098; x_wconf 82' lang='lat' dir='ltr'>Sicut,</span> 
     </span>
     <span class='ocr_line' id='line_1_40' title="bbox 105 2107 959 2142; baseline 0.001 -8"><span class='ocrx_word' id='word_1_289' title='bbox 105 2108 179 2134; x_wconf 84' lang='lat' dir='ltr'>verbi</span> <span class='ocrx_word' id='word_1_290' title='bbox 200 2108 298 2142; x_wconf 78' lang='lat' dir='ltr'>gratia,</span> <span class='ocrx_word' id='word_1_291' title='bbox 319 2115 352 2133; x_wconf 80' lang='lat' dir='ltr'>ex</span> <span class='ocrx_word' id='word_1_292' title='bbox 373 2107 434 2133; x_wconf 86' lang='lat' dir='ltr'>fidei</span> <span class='ocrx_word' id='word_1_293' title='bbox 450 2107 546 2133; x_wconf 69' lang='lat' dir='ltr'>virtute</span> <span class='ocrx_word' id='word_1_294' title='bbox 568 2110 593 2133; x_wconf 86' lang='lat' dir='ltr'>et</span> <span class='ocrx_word' id='word_1_295' title='bbox 613 2107 728 2133; x_wconf 84' lang='lat' dir='ltr'>hominis</span> <span class='ocrx_word' id='word_1_296' title='bbox 748 2107 859 2134; x_wconf 86' lang='lat' dir='ltr'>arbitrio</span> <span class='ocrx_word' id='word_1_297' title='bbox 880 2115 959 2141; x_wconf 68' lang='lat' dir='ltr'>gene-</span> 
     </span>
     <span class='ocr_line' id='line_1_41' title="bbox 104 2150 957 2184; baseline 0 -7"><span class='ocrx_word' id='word_1_298' title='bbox 104 2155 179 2177; x_wconf 86' lang='lat' dir='ltr'>ratur</span> <span class='ocrx_word' id='word_1_299' title='bbox 199 2151 225 2177; x_wconf 91' lang='lat' dir='ltr'>in</span> <span class='ocrx_word' id='word_1_300' title='bbox 247 2154 335 2177; x_wconf 87' lang='lat' dir='ltr'>mente</span> <span class='ocrx_word' id='word_1_301' title='bbox 355 2153 443 2177; x_wconf 88' lang='lat' dir='ltr'>motus</span> <span class='ocrx_word' id='word_1_302' title='bbox 463 2150 573 2184; x_wconf 86' lang='lat' dir='ltr'>quidam</span> <span class='ocrx_word' id='word_1_303' title='bbox 594 2150 680 2177; x_wconf 85' lang='lat' dir='ltr'>bonus</span> <span class='ocrx_word' id='word_1_304' title='bbox 700 2153 726 2177; x_wconf 92' lang='lat' dir='ltr'>et</span> <span class='ocrx_word' id='word_1_305' title='bbox 738 2151 957 2184; x_wconf 79' lang='lat' dir='ltr'>remunerabilis,</span> 
     </span>
     <span class='ocr_line' id='line_1_42' title="bbox 104 2193 956 2229; baseline 0 -8"><span class='ocrx_word' id='word_1_306' title='bbox 104 2195 208 2221; x_wconf 88' lang='lat' dir='ltr'>scilicet</span> <span class='ocrx_word' id='word_1_307' title='bbox 228 2194 314 2229; x_wconf 86' lang='lat' dir='ltr'>ipsum</span> <span class='ocrx_word' id='word_1_308' title='bbox 336 2194 461 2223; x_wconf 83' lang='lat' dir='ltr'>credere;</span> <span class='ocrx_word' id='word_1_309' title='bbox 483 2194 518 2220; x_wconf 88' lang='lat' dir='ltr'>ita</span> <span class='ocrx_word' id='word_1_310' title='bbox 532 2201 565 2220; x_wconf 83' lang='lat' dir='ltr'>ex</span> <span class='ocrx_word' id='word_1_311' title='bbox 579 2194 691 2220; x_wconf 85' lang='lat' dir='ltr'>caritate</span> <span class='ocrx_word' id='word_1_312' title='bbox 705 2197 731 2220; x_wconf 86' lang='lat' dir='ltr'>et</span> <span class='ocrx_word' id='word_1_313' title='bbox 744 2193 829 2220; x_wconf 89' lang='lat' dir='ltr'>libero</span> <span class='ocrx_word' id='word_1_314' title='bbox 844 2194 956 2222; x_wconf 87' lang='lat' dir='ltr'>arbitrio</span> 
     </span>
     <span class='ocr_line' id='line_1_43' title="bbox 104 2237 957 2273; baseline 0 -9"><span class='ocrx_word' id='word_1_315' title='bbox 104 2238 173 2265; x_wconf 85' lang='lat' dir='ltr'>alius</span> <span class='ocrx_word' id='word_1_316' title='bbox 193 2238 303 2273; x_wconf 91' lang='lat' dir='ltr'>quidam</span> <span class='ocrx_word' id='word_1_317' title='bbox 325 2237 432 2264; x_wconf 79' lang='lat' dir='ltr'>motus3</span> <span class='ocrx_word' id='word_1_318' title='bbox 453 2237 591 2272; x_wconf 72' lang='lat' dir='ltr'>provenit,</span> <span class='ocrx_word' id='word_1_319' title='bbox 611 2237 715 2263; x_wconf 85' lang='lat' dir='ltr'>scilicet</span> <span class='ocrx_word' id='word_1_320' title='bbox 735 2237 855 2270; x_wconf 72' lang='lat' dir='ltr'>diligere,</span> <span class='ocrx_word' id='word_1_321' title='bbox 870 2238 957 2264; x_wconf 86' lang='lat' dir='ltr'>bonus</span> 
     </span>
     <span class='ocr_line' id='line_1_44' title="bbox 103 2280 957 2313; baseline -0.001 -5"><span class='ocrx_word' id='word_1_322' title='bbox 103 2281 196 2312; x_wconf 79' lang='lat' dir='ltr'>valde;</span> <span class='ocrx_word' id='word_1_323' title='bbox 216 2281 255 2307; x_wconf 86' lang='lat' dir='ltr'>sic</span> <span class='ocrx_word' id='word_1_324' title='bbox 275 2281 308 2307; x_wconf 88' lang='lat' dir='ltr'>de</span> <span class='ocrx_word' id='word_1_325' title='bbox 328 2281 424 2307; x_wconf 87' lang='lat' dir='ltr'>ceteris</span> <span class='ocrx_word' id='word_1_326' title='bbox 451 2280 595 2307; x_wconf 66' lang='lat' dir='ltr'>virtutibus</span> <span class='ocrx_word' id='word_1_327' title='bbox 621 2280 824 2313; x_wconf 73' lang='lat' dir='ltr'>intelligendum</span> <span class='ocrx_word' id='word_1_328' title='bbox 851 2284 898 2307; x_wconf 88' lang='lat' dir='ltr'>est.</span> <span class='ocrx_word' id='word_1_329' title='bbox 925 2282 957 2307; x_wconf 82' lang='lat' dir='ltr'>Et</span> 
     </span>
     <span class='ocr_line' id='line_1_45' title="bbox 104 2322 956 2354; baseline -0.001 -4"><span class='ocrx_word' id='word_1_330' title='bbox 104 2324 146 2351; x_wconf 89' lang='lat' dir='ltr'>isti</span> <span class='ocrx_word' id='word_1_331' title='bbox 168 2324 229 2351; x_wconf 92' lang='lat' dir='ltr'>boni</span> <span class='ocrx_word' id='word_1_332' title='bbox 250 2327 338 2350; x_wconf 82' lang='lat' dir='ltr'>motus</span> <span class='ocrx_word' id='word_1_333' title='bbox 358 2324 400 2350; x_wconf 79' lang='lat' dir='ltr'>vel</span> <span class='ocrx_word' id='word_1_334' title='bbox 421 2324 531 2350; x_wconf 72' lang='lat' dir='ltr'>allectus</span> <span class='ocrx_word' id='word_1_335' title='bbox 549 2322 647 2349; x_wconf 72' lang='lat' dir='ltr'>merila</span> <span class='ocrx_word' id='word_1_336' title='bbox 668 2327 728 2349; x_wconf 86' lang='lat' dir='ltr'>sunt</span> <span class='ocrx_word' id='word_1_337' title='bbox 750 2326 775 2349; x_wconf 89' lang='lat' dir='ltr'>et</span> <span class='ocrx_word' id='word_1_338' title='bbox 795 2323 867 2350; x_wconf 74' lang='lat' dir='ltr'>(lona</span> <span class='ocrx_word' id='word_1_339' title='bbox 886 2323 956 2354; x_wconf 73' lang='lat' dir='ltr'>Dei,</span> 
     </span>
     <span class='ocr_line' id='line_1_46' title="bbox 104 2367 956 2402; baseline -0.001 -8"><span class='ocrx_word' id='word_1_340' title='bbox 104 2367 202 2402; x_wconf 89' lang='lat' dir='ltr'>quibus</span> <span class='ocrx_word' id='word_1_341' title='bbox 221 2374 356 2393; x_wconf 82' lang='lat' dir='ltr'>meremur</span> <span class='ocrx_word' id='word_1_342' title='bbox 376 2370 401 2393; x_wconf 88' lang='lat' dir='ltr'>ct</span> <span class='ocrx_word' id='word_1_343' title='bbox 421 2367 541 2401; x_wconf 86' lang='lat' dir='ltr'>ipsorum</span> <span class='ocrx_word' id='word_1_344' title='bbox 563 2367 805 2400; x_wconf 67' lang='lat' dir='ltr'>augmentationem</span> <span class='ocrx_word' id='word_1_345' title='bbox 833 2370 858 2393; x_wconf 87' lang='lat' dir='ltr'>et</span> <span class='ocrx_word' id='word_1_346' title='bbox 887 2367 956 2398; x_wconf 74' lang='lat' dir='ltr'>alia,</span> 
     </span>
     <span class='ocr_line' id='line_1_47' title="bbox 104 2410 954 2445; baseline -0.001 -8"><span class='ocrx_word' id='word_1_347' title='bbox 104 2418 173 2445; x_wconf 87' lang='lat' dir='ltr'>quae</span> <span class='ocrx_word' id='word_1_348' title='bbox 193 2414 388 2445; x_wconf 77' lang='lat' dir='ltr'>consequenter</span> <span class='ocrx_word' id='word_1_349' title='bbox 407 2410 452 2436; x_wconf 77' lang='lat' dir='ltr'>liic</span> <span class='ocrx_word' id='word_1_350' title='bbox 472 2413 497 2437; x_wconf 88' lang='lat' dir='ltr'>et</span> <span class='ocrx_word' id='word_1_351' title='bbox 518 2410 542 2436; x_wconf 87' lang='lat' dir='ltr'>in</span> <span class='ocrx_word' id='word_1_352' title='bbox 564 2410 651 2436; x_wconf 80' lang='lat' dir='ltr'>futuro</span> <span class='ocrx_word' id='word_1_353' title='bbox 672 2410 749 2436; x_wconf 86' lang='lat' dir='ltr'>nobis</span> <span class='ocrx_word' id='word_1_354' title='bbox 774 2414 954 2444; x_wconf 84' lang='lat' dir='ltr'>apponuntur.</span> 
     </span>
    </p>
   </div>
   <div class='ocr_carea' id='block_1_10' title="bbox 1077 224 1874 405">
    <p class='ocr_par' dir='ltr' id='par_1_10' title="bbox 1077 224 1874 405">
     <span class='ocr_line' id='line_1_48' title="bbox 1822 224 1874 251; baseline 0 0"><span class='ocrx_word' id='word_1_355' title='bbox 1822 224 1874 251; x_wconf 74' lang='grc'>651</span> 
     </span>
     <span class='ocr_line' id='line_1_49' title="bbox 1389 298 1513 326; baseline 0.008 -1"><span class='ocrx_word' id='word_1_356' title='bbox 1389 298 1450 325; x_wconf 73' lang='lat' dir='ltr'>CAP.</span> <span class='ocrx_word' id='word_1_357' title='bbox 1471 299 1513 326; x_wconf 82' lang='lat' dir='ltr'>IX.</span> 
     </span>
     <span class='ocr_line' id='line_1_50' title="bbox 1077 366 1826 405; baseline 0.008 -13"><span class='ocrx_word' id='word_1_358' title='bbox 1077 367 1135 398; x_wconf 73' lang='lat' dir='ltr'>Qua</span> <span class='ocrx_word' id='word_1_359' title='bbox 1153 366 1259 393; x_wconf 68' lang='lat' dir='ltr'>racione</span> <span class='ocrx_word' id='word_1_360' title='bbox 1279 367 1380 395; x_wconf 65' lang='lat' dir='ltr'>(licitur</span> <span class='ocrx_word' id='word_1_361' title='bbox 1397 369 1463 404; x_wconf 73' lang='lat' dir='ltr'>fides</span> <span class='ocrx_word' id='word_1_362' title='bbox 1483 369 1585 396; x_wconf 63' lang='lat' dir='ltr'>mereri</span> <span class='ocrx_word' id='word_1_363' title='bbox 1604 369 1826 405; x_wconf 69' lang='lat' dir='ltr'>a&#39;zcslisi&#39;calt&#39;omm.</span> 
     </span>
    </p>
   </div>
   <div class='ocr_carea' id='block_1_11' title="bbox 1025 432 1879 859">
    <p class='ocr_par' dir='ltr' id='par_1_11' title="bbox 1025 432 1879 859">
     <span class='ocr_line' id='line_1_51' title="bbox 1100 432 1878 466; baseline 0.008 -8"><span class='ocrx_word' id='word_1_364' title='bbox 1100 432 1164 458; x_wconf 85' lang='lat' dir='ltr'>Cum</span> <span class='ocrx_word' id='word_1_365' title='bbox 1186 440 1248 466; x_wconf 78' lang='lat' dir='ltr'>crgo</span> <span class='ocrx_word' id='word_1_366' title='bbox 1269 434 1368 461; x_wconf 88' lang='lat' dir='ltr'>dicitur</span> <span class='ocrx_word' id='word_1_367' title='bbox 1388 435 1453 462; x_wconf 82' lang='lat' dir='ltr'>fides</span> <span class='ocrx_word' id='word_1_368' title='bbox 1472 435 1593 462; x_wconf 69' lang='lat' dir='ltr'>mereri⁴</span> <span class='ocrx_word' id='word_1_369' title='bbox 1614 437 1829 464; x_wconf 71' lang='lat' dir='ltr'>iustificationem</span> <span class='ocrx_word' id='word_1_370' title='bbox 1853 440 1878 464; x_wconf 89' lang='lat' dir='ltr'>ct</span> 
     </span>
     <span class='ocr_line' id='line_1_52' title="bbox 1028 476 1877 515; baseline 0.007 -14"><span class='ocrx_word' id='word_1_371' title='bbox 1028 476 1109 502; x_wconf 82' lang='lat' dir='ltr'>vitain</span> <span class='ocrx_word' id='word_1_372' title='bbox 1131 480 1281 510; x_wconf 74' lang='lat' dir='ltr'>aeternam,</span> <span class='ocrx_word' id='word_1_373' title='bbox 1302 485 1334 504; x_wconf 81' lang='lat' dir='ltr'>ex</span> <span class='ocrx_word' id='word_1_374' title='bbox 1355 486 1385 505; x_wconf 88' lang='lat' dir='ltr'>ea</span> <span class='ocrx_word' id='word_1_375' title='bbox 1406 479 1509 505; x_wconf 84' lang='lat' dir='ltr'>ratione</span> <span class='ocrx_word' id='word_1_376' title='bbox 1530 479 1630 506; x_wconf 88' lang='lat' dir='ltr'>dictum</span> <span class='ocrx_word' id='word_1_377' title='bbox 1652 481 1799 515; x_wconf 85' lang='lat' dir='ltr'>accipitur,</span> <span class='ocrx_word' id='word_1_378' title='bbox 1813 482 1877 515; x_wconf 88' lang='lat' dir='ltr'>quia</span> 
     </span>
     <span class='ocr_line' id='line_1_53' title="bbox 1026 520 1879 552; baseline 0.008 -8"><span class='ocrx_word' id='word_1_379' title='bbox 1026 526 1076 552; x_wconf 87' lang='lat' dir='ltr'>per</span> <span class='ocrx_word' id='word_1_380' title='bbox 1096 522 1184 545; x_wconf 87' lang='lat' dir='ltr'>actum</span> <span class='ocrx_word' id='word_1_381' title='bbox 1205 520 1266 546; x_wconf 81' lang='lat' dir='ltr'>fidei</span> <span class='ocrx_word' id='word_1_382' title='bbox 1289 524 1407 548; x_wconf 84' lang='lat' dir='ltr'>meretur</span> <span class='ocrx_word' id='word_1_383' title='bbox 1427 522 1479 549; x_wconf 89' lang='lat' dir='ltr'>illa.</span> <span class='ocrx_word' id='word_1_384' title='bbox 1504 522 1631 550; x_wconf 83' lang='lat' dir='ltr'>Similiter</span> <span class='ocrx_word' id='word_1_385' title='bbox 1657 524 1691 550; x_wconf 91' lang='lat' dir='ltr'>de</span> <span class='ocrx_word' id='word_1_386' title='bbox 1716 524 1829 551; x_wconf 86' lang='lat' dir='ltr'>caritate</span> <span class='ocrx_word' id='word_1_387' title='bbox 1853 528 1879 551; x_wconf 82' lang='lat' dir='ltr'>et</span> 
     </span>
     <span class='ocr_line' id='line_1_54' title="bbox 1027 561 1879 601; baseline 0.009 -15"><span class='ocrx_word' id='word_1_388' title='bbox 1027 561 1126 588; x_wconf 83' lang='lat' dir='ltr'>iustitia</span> <span class='ocrx_word' id='word_1_389' title='bbox 1148 565 1174 588; x_wconf 84' lang='lat' dir='ltr'>ct</span> <span class='ocrx_word' id='word_1_390' title='bbox 1193 562 1226 588; x_wconf 91' lang='lat' dir='ltr'>de</span> <span class='ocrx_word' id='word_1_391' title='bbox 1246 563 1305 589; x_wconf 84' lang='lat' dir='ltr'>aliis</span> <span class='ocrx_word' id='word_1_392' title='bbox 1325 564 1466 598; x_wconf 76' lang='lat' dir='ltr'>accipitur.</span> <span class='ocrx_word' id='word_1_393' title='bbox 1487 565 1513 592; x_wconf 85' lang='lat' dir='ltr'>Si</span> <span class='ocrx_word' id='word_1_394' title='bbox 1534 566 1603 592; x_wconf 86' lang='lat' dir='ltr'>enim</span> <span class='ocrx_word' id='word_1_395' title='bbox 1624 566 1710 593; x_wconf 85' lang='lat' dir='ltr'>fides⁵</span> <span class='ocrx_word' id='word_1_396' title='bbox 1735 567 1808 601; x_wconf 79' lang='lat' dir='ltr'>ipsa,</span> <span class='ocrx_word' id='word_1_397' title='bbox 1829 568 1879 594; x_wconf 88' lang='lat' dir='ltr'>vir-</span> 
     </span>
     <span class='ocr_line' id='line_1_55' title="bbox 1027 606 1878 645; baseline 0.011 -16"><span class='ocrx_word' id='word_1_398' title='bbox 1027 606 1069 630; x_wconf 85' lang='lat' dir='ltr'>tus</span> <span class='ocrx_word' id='word_1_399' title='bbox 1089 606 1280 638; x_wconf 83' lang='lat' dir='ltr'>praeveniens,</span> <span class='ocrx_word' id='word_1_400' title='bbox 1300 606 1437 633; x_wconf 82' lang='lat' dir='ltr'>diceretur</span> <span class='ocrx_word' id='word_1_401' title='bbox 1456 615 1514 634; x_wconf 87' lang='lat' dir='ltr'>esse</span> <span class='ocrx_word' id='word_1_402' title='bbox 1538 610 1634 635; x_wconf 85' lang='lat' dir='ltr'>mentis</span> <span class='ocrx_word' id='word_1_403' title='bbox 1658 613 1748 643; x_wconf 82' lang='lat' dir='ltr'>actus,</span> <span class='ocrx_word' id='word_1_404' title='bbox 1772 611 1818 645; x_wconf 86' lang='lat' dir='ltr'>qui</span> <span class='ocrx_word' id='word_1_405' title='bbox 1839 614 1878 637; x_wconf 81' lang='lat' dir='ltr'>est</span> 
     </span>
     <span class='ocr_line' id='line_1_56' title="bbox 1026 646 1876 687; baseline 0.011 -16"><span class='ocrx_word' id='word_1_406' title='bbox 1026 646 1151 672; x_wconf 83' lang='lat' dir='ltr'>meritum</span> <span class='ocrx_word' id='word_1_407' title='bbox 1161 668 1167 678; x_wconf 89' lang='lat'>,</span> <span class='ocrx_word' id='word_1_408' title='bbox 1188 648 1239 674; x_wconf 89' lang='lat' dir='ltr'>iam</span> <span class='ocrx_word' id='word_1_409' title='bbox 1262 649 1319 682; x_wconf 84' lang='lat' dir='ltr'>ipsa</span> <span class='ocrx_word' id='word_1_410' title='bbox 1334 656 1367 675; x_wconf 80' lang='lat' dir='ltr'>ex</span> <span class='ocrx_word' id='word_1_411' title='bbox 1380 649 1466 676; x_wconf 89' lang='lat' dir='ltr'>libero</span> <span class='ocrx_word' id='word_1_412' title='bbox 1480 651 1592 678; x_wconf 91' lang='lat' dir='ltr'>arbitrio</span> <span class='ocrx_word' id='word_1_413' title='bbox 1606 653 1736 685; x_wconf 73' lang='lat' dir='ltr'>originem</span> <span class='ocrx_word' id='word_1_414' title='bbox 1752 653 1876 687; x_wconf 80' lang='lat' dir='ltr'>baberet3</span> 
     </span>
     <span class='ocr_line' id='line_1_57' title="bbox 1026 689 1878 730; baseline 0.011 -15"><span class='ocrx_word' id='word_1_415' title='bbox 1026 689 1098 723; x_wconf 84' lang='lat' dir='ltr'>quod</span> <span class='ocrx_word' id='word_1_416' title='bbox 1118 691 1181 724; x_wconf 89' lang='lat' dir='ltr'>quia</span> <span class='ocrx_word' id='word_1_417' title='bbox 1203 698 1253 717; x_wconf 89' lang='lat' dir='ltr'>non</span> <span class='ocrx_word' id='word_1_418' title='bbox 1269 695 1322 723; x_wconf 85' lang='lat' dir='ltr'>est,</span> <span class='ocrx_word' id='word_1_419' title='bbox 1334 691 1373 718; x_wconf 61' lang='lat' dir='ltr'>sic</span> <span class='ocrx_word' id='word_1_420' title='bbox 1385 693 1484 719; x_wconf 88' lang='lat' dir='ltr'>dicitur</span> <span class='ocrx_word' id='word_1_421' title='bbox 1498 701 1556 720; x_wconf 85' lang='lat' dir='ltr'>esse</span> <span class='ocrx_word' id='word_1_422' title='bbox 1571 696 1709 727; x_wconf 85' lang='lat' dir='ltr'>meritum,</span> <span class='ocrx_word' id='word_1_423' title='bbox 1724 697 1787 730; x_wconf 86' lang='lat' dir='ltr'>quia</span> <span class='ocrx_word' id='word_1_424' title='bbox 1802 700 1878 724; x_wconf 86' lang='lat' dir='ltr'>actus</span> 
     </span>
     <span class='ocr_line' id='line_1_58' title="bbox 1025 733 1878 774; baseline 0.011 -16"><span class='ocrx_word' id='word_1_425' title='bbox 1025 733 1083 759; x_wconf 83' lang='lat' dir='ltr'>eius</span> <span class='ocrx_word' id='word_1_426' title='bbox 1103 737 1143 759; x_wconf 88' lang='lat' dir='ltr'>cst</span> <span class='ocrx_word' id='word_1_427' title='bbox 1162 735 1301 766; x_wconf 82' lang='lat' dir='ltr'>meritum,</span> <span class='ocrx_word' id='word_1_428' title='bbox 1321 736 1343 761; x_wconf 91' lang='lat' dir='ltr'>si</span> <span class='ocrx_word' id='word_1_429' title='bbox 1365 739 1453 762; x_wconf 85' lang='lat' dir='ltr'>tamen</span> <span class='ocrx_word' id='word_1_430' title='bbox 1474 737 1544 763; x_wconf 87' lang='lat' dir='ltr'>adsit</span> <span class='ocrx_word' id='word_1_431' title='bbox 1563 739 1675 772; x_wconf 82' lang='lat' dir='ltr'>caritas,</span> <span class='ocrx_word' id='word_1_432' title='bbox 1689 740 1746 766; x_wconf 84' lang='lat' dir='ltr'>sine</span> <span class='ocrx_word' id='word_1_433' title='bbox 1761 748 1814 774; x_wconf 90' lang='lat' dir='ltr'>qua</span> <span class='ocrx_word' id='word_1_434' title='bbox 1829 748 1878 767; x_wconf 85' lang='lat' dir='ltr'>nec</span> 
     </span>
     <span class='ocr_line' id='line_1_59' title="bbox 1025 776 1878 817; baseline 0.009 -15"><span class='ocrx_word' id='word_1_435' title='bbox 1025 776 1137 803; x_wconf 86' lang='lat' dir='ltr'>credere</span> <span class='ocrx_word' id='word_1_436' title='bbox 1157 784 1206 804; x_wconf 89' lang='lat' dir='ltr'>nec</span> <span class='ocrx_word' id='word_1_437' title='bbox 1227 785 1337 812; x_wconf 82' lang='lat' dir='ltr'>sperare</span> <span class='ocrx_word' id='word_1_438' title='bbox 1358 780 1482 806; x_wconf 84' lang='lat' dir='ltr'>meritum</span> <span class='ocrx_word' id='word_1_439' title='bbox 1502 784 1541 807; x_wconf 90' lang='lat' dir='ltr'>est</span> <span class='ocrx_word' id='word_1_440' title='bbox 1563 781 1640 808; x_wconf 86' lang='lat' dir='ltr'>vitae.</span> <span class='ocrx_word' id='word_1_441' title='bbox 1663 782 1739 809; x_wconf 86' lang='lat' dir='ltr'>Unde</span> <span class='ocrx_word' id='word_1_442' title='bbox 1764 787 1878 817; x_wconf 84' lang='lat' dir='ltr'>apparet</span> 
     </span>
     <span class='ocr_line' id='line_1_60' title="bbox 1025 820 1878 859; baseline 0.009 -14"><span class='ocrx_word' id='word_1_443' title='bbox 1025 826 1102 850; x_wconf 77' lang='lat' dir='ltr'>vere,</span> <span class='ocrx_word' id='word_1_444' title='bbox 1122 820 1185 854; x_wconf 87' lang='lat' dir='ltr'>quia</span> <span class='ocrx_word' id='word_1_445' title='bbox 1205 821 1304 847; x_wconf 87' lang='lat' dir='ltr'>caritas</span> <span class='ocrx_word' id='word_1_446' title='bbox 1324 825 1364 848; x_wconf 89' lang='lat' dir='ltr'>est</span> <span class='ocrx_word' id='word_1_447' title='bbox 1384 822 1500 856; x_wconf 76' lang='lat' dir='ltr'>Spiritus</span> <span class='ocrx_word' id='word_1_448' title='bbox 1519 824 1662 857; x_wconf 61' lang='lat' dir='ltr'>sanctusss⁷</span> <span class='ocrx_word' id='word_1_449' title='bbox 1683 833 1752 859; x_wconf 89' lang='lat' dir='ltr'>quae</span> <span class='ocrx_word' id='word_1_450' title='bbox 1773 827 1878 853; x_wconf 87' lang='lat' dir='ltr'>animae</span> 
     </span>
    </p>
   </div>
   <div class='ocr_carea' id='block_1_12' title="bbox 1009 862 1879 898">
    <p class='ocr_par' dir='ltr' id='par_1_12' title="bbox 1009 862 1879 898">
     <span class='ocr_line' id='line_1_61' title="bbox 1009 862 1879 898; baseline 0.009 -10"><span class='ocrx_word' id='word_1_451' title='bbox 1009 862 1167 896; x_wconf 85' lang='lat' dir='ltr'>&#39;qualitates</span> <span class='ocrx_word' id='word_1_452' title='bbox 1188 863 1313 891; x_wconf 83' lang='lat' dir='ltr'>informat</span> <span class='ocrx_word' id='word_1_453' title='bbox 1332 868 1358 891; x_wconf 89' lang='lat' dir='ltr'>et</span> <span class='ocrx_word' id='word_1_454' title='bbox 1377 866 1541 898; x_wconf 80' lang='lat' dir='ltr'>sanctificat,</span> <span class='ocrx_word' id='word_1_455' title='bbox 1562 869 1590 893; x_wconf 90' lang='lat' dir='ltr'>ut</span> <span class='ocrx_word' id='word_1_456' title='bbox 1603 867 1641 893; x_wconf 85' lang='lat' dir='ltr'>cis</span> <span class='ocrx_word' id='word_1_457' title='bbox 1654 868 1742 895; x_wconf 88' lang='lat' dir='ltr'>anima</span> <span class='ocrx_word' id='word_1_458' title='bbox 1757 869 1879 896; x_wconf 82' lang='lat' dir='ltr'>informe-</span> 
     </span>
    </p>
   </div>
   <div class='ocr_carea' id='block_1_13' title="bbox 1024 907 1879 984">
    <p class='ocr_par' dir='ltr' id='par_1_13' title="bbox 1024 907 1879 984">
     <span class='ocr_line' id='line_1_62' title="bbox 1026 907 1879 945; baseline 0.009 -14"><span class='ocrx_word' id='word_1_459' title='bbox 1026 908 1068 932; x_wconf 93' lang='lat' dir='ltr'>tur</span> <span class='ocrx_word' id='word_1_460' title='bbox 1088 909 1113 932; x_wconf 89' lang='lat' dir='ltr'>et</span> <span class='ocrx_word' id='word_1_461' title='bbox 1133 907 1330 938; x_wconf 84' lang='lat' dir='ltr'>sanctificetur,</span> <span class='ocrx_word' id='word_1_462' title='bbox 1350 908 1407 934; x_wconf 90' lang='lat' dir='ltr'>sine</span> <span class='ocrx_word' id='word_1_463' title='bbox 1427 916 1481 943; x_wconf 91' lang='lat' dir='ltr'>qua</span> <span class='ocrx_word' id='word_1_464' title='bbox 1502 910 1607 936; x_wconf 88' lang='lat' dir='ltr'>animae</span> <span class='ocrx_word' id='word_1_465' title='bbox 1621 911 1736 945; x_wconf 82' lang='lat' dir='ltr'>qualitas</span> <span class='ocrx_word' id='word_1_466' title='bbox 1750 919 1801 938; x_wconf 87' lang='lat' dir='ltr'>non</span> <span class='ocrx_word' id='word_1_467' title='bbox 1815 912 1879 939; x_wconf 89' lang='lat' dir='ltr'>dici-</span> 
     </span>
     <span class='ocr_line' id='line_1_63' title="bbox 1024 949 1698 984; baseline 0.009 -10"><span class='ocrx_word' id='word_1_468' title='bbox 1024 951 1067 975; x_wconf 82' lang='lat' dir='ltr'>tur</span> <span class='ocrx_word' id='word_1_469' title='bbox 1085 949 1191 980; x_wconf 65' lang='lat' dir='ltr'>virtus,</span> <span class='ocrx_word' id='word_1_470' title='bbox 1211 951 1274 984; x_wconf 88' lang='lat' dir='ltr'>quia</span> <span class='ocrx_word' id='word_1_471' title='bbox 1295 958 1347 977; x_wconf 91' lang='lat' dir='ltr'>non</span> <span class='ocrx_word' id='word_1_472' title='bbox 1368 951 1438 978; x_wconf 86' lang='lat' dir='ltr'>valet</span> <span class='ocrx_word' id='word_1_473' title='bbox 1457 959 1552 979; x_wconf 89' lang='lat' dir='ltr'>sanare</span> <span class='ocrx_word' id='word_1_474' title='bbox 1573 953 1698 980; x_wconf 85' lang='lat' dir='ltr'>animam.</span> 
     </span>
    </p>
   </div>
   <div class='ocr_carea' id='block_1_14' title="bbox 1394 1022 1507 1050">
    <p class='ocr_par' dir='ltr' id='par_1_14' title="bbox 1394 1022 1507 1050">
     <span class='ocr_line' id='line_1_64' title="bbox 1394 1022 1507 1050; baseline 0.009 -1"><span class='ocrx_word' id='word_1_475' title='bbox 1394 1022 1455 1049; x_wconf 73' lang='lat' dir='ltr'>CAP.</span> <span class='ocrx_word' id='word_1_476' title='bbox 1476 1023 1507 1050; x_wconf 90' lang='lat' dir='ltr'>X.</span> 
     </span>
    </p>
   </div>
   <div class='ocr_carea' id='block_1_15' title="bbox 1050 1091 1849 1171">
    <p class='ocr_par' dir='ltr' id='par_1_15' title="bbox 1050 1091 1849 1171">
     <span class='ocr_line' id='line_1_65' title="bbox 1050 1091 1849 1130; baseline 0.009 -14"><span class='ocrx_word' id='word_1_477' title='bbox 1050 1091 1088 1116; x_wconf 81' lang='lat' dir='ltr'>De</span> <span class='ocrx_word' id='word_1_478' title='bbox 1102 1091 1262 1119; x_wconf 70' lang='lat' dir='ltr'>muneribus</span> <span class='ocrx_word' id='word_1_479' title='bbox 1279 1092 1424 1124; x_wconf 67' lang='lat' dir='ltr'>virtulum,</span> <span class='ocrx_word' id='word_1_480' title='bbox 1446 1097 1469 1119; x_wconf 77' lang='lat' dir='ltr'>et</span> <span class='ocrx_word' id='word_1_481' title='bbox 1489 1093 1520 1120; x_wconf 82' lang='lat' dir='ltr'>de</span> <span class='ocrx_word' id='word_1_482' title='bbox 1536 1094 1637 1129; x_wconf 64' lang='lat' dir='ltr'>qratia,</span> <span class='ocrx_word' id='word_1_483' title='bbox 1652 1103 1719 1130; x_wconf 73' lang='lat' dir='ltr'>quae</span> <span class='ocrx_word' id='word_1_484' title='bbox 1732 1103 1788 1122; x_wconf 76' lang='lat' dir='ltr'>mm</span> <span class='ocrx_word' id='word_1_485' title='bbox 1803 1101 1849 1128; x_wconf 73' lang='lat' dir='ltr'>est,</span> 
     </span>
     <span class='ocr_line' id='line_1_66' title="bbox 1307 1135 1592 1171; baseline 0.007 -9"><span class='ocrx_word' id='word_1_486' title='bbox 1307 1135 1353 1162; x_wconf 72' lang='lat' dir='ltr'>sed</span> <span class='ocrx_word' id='word_1_487' title='bbox 1372 1136 1437 1171; x_wconf 68' lang='lat' dir='ltr'>facit</span> <span class='ocrx_word' id='word_1_488' title='bbox 1454 1137 1592 1164; x_wconf 67' lang='lat' dir='ltr'>meritam.</span> 
     </span>
    </p>
   </div>
   <div class='ocr_carea' id='block_1_16' title="bbox 1021 1200 1877 1410">
    <p class='ocr_par' dir='ltr' id='par_1_16' title="bbox 1021 1200 1877 1410">
     <span class='ocr_line' id='line_1_67' title="bbox 1093 1200 1875 1237; baseline 0.009 -11"><span class='ocrx_word' id='word_1_489' title='bbox 1093 1201 1133 1227; x_wconf 75' lang='lat' dir='ltr'>Ex</span> <span class='ocrx_word' id='word_1_490' title='bbox 1143 1200 1304 1228; x_wconf 66' lang='lat' dir='ltr'>mzmem&#39;hns</span> <span class='ocrx_word' id='word_1_491' title='bbox 1316 1202 1324 1214; x_wconf 81' lang='lat'><strong>⁷</strong></span> <span class='ocrx_word' id='word_1_492' title='bbox 1338 1203 1428 1237; x_wconf 86' lang='lat' dir='ltr'>itaque</span> <span class='ocrx_word' id='word_1_493' title='bbox 1442 1202 1575 1230; x_wconf 67' lang='lat' dir='ltr'>virtutum</span> <span class='ocrx_word' id='word_1_494' title='bbox 1586 1204 1649 1230; x_wconf 87' lang='lat' dir='ltr'>boni</span> <span class='ocrx_word' id='word_1_495' title='bbox 1661 1212 1754 1232; x_wconf 85' lang='lat' dir='ltr'>sumus</span> <span class='ocrx_word' id='word_1_496' title='bbox 1768 1209 1793 1232; x_wconf 83' lang='lat' dir='ltr'>et</span> <span class='ocrx_word' id='word_1_497' title='bbox 1807 1206 1875 1234; x_wconf 74' lang='lat' dir='ltr'>Iuste</span> 
     </span>
     <span class='ocr_line' id='line_1_68' title="bbox 1022 1243 1877 1281; baseline 0.008 -12"><span class='ocrx_word' id='word_1_498' title='bbox 1022 1243 1153 1275; x_wconf 82' lang='lat' dir='ltr'>vivimns;</span> <span class='ocrx_word' id='word_1_499' title='bbox 1174 1248 1199 1271; x_wconf 90' lang='lat' dir='ltr'>ct</span> <span class='ocrx_word' id='word_1_500' title='bbox 1219 1252 1251 1271; x_wconf 84' lang='lat' dir='ltr'>ex</span> <span class='ocrx_word' id='word_1_501' title='bbox 1270 1245 1377 1281; x_wconf 63' lang='lat' dir='ltr'>qratia,</span> <span class='ocrx_word' id='word_1_502' title='bbox 1399 1253 1468 1280; x_wconf 88' lang='lat' dir='ltr'>quae</span> <span class='ocrx_word' id='word_1_503' title='bbox 1488 1254 1540 1273; x_wconf 89' lang='lat' dir='ltr'>non</span> <span class='ocrx_word' id='word_1_504' title='bbox 1561 1250 1601 1273; x_wconf 84' lang='lat' dir='ltr'>est</span> <span class='ocrx_word' id='word_1_505' title='bbox 1621 1248 1760 1281; x_wconf 76' lang='lat' dir='ltr'>meritum,</span> <span class='ocrx_word' id='word_1_506' title='bbox 1775 1250 1822 1276; x_wconf 86' lang='lat' dir='ltr'>scd</span> <span class='ocrx_word' id='word_1_507' title='bbox 1842 1250 1877 1277; x_wconf 83' lang='lat' dir='ltr'>fa-</span> 
     </span>
     <span class='ocr_line' id='line_1_69' title="bbox 1022 1287 1876 1325; baseline 0.011 -13"><span class='ocrx_word' id='word_1_508' title='bbox 1022 1287 1072 1319; x_wconf 87' lang='lat' dir='ltr'>cit,</span> <span class='ocrx_word' id='word_1_509' title='bbox 1094 1295 1145 1314; x_wconf 92' lang='lat' dir='ltr'>non</span> <span class='ocrx_word' id='word_1_510' title='bbox 1167 1291 1254 1315; x_wconf 81' lang='lat' dir='ltr'>tamen</span> <span class='ocrx_word' id='word_1_511' title='bbox 1275 1289 1332 1315; x_wconf 84' lang='lat' dir='ltr'>sine</span> <span class='ocrx_word' id='word_1_512' title='bbox 1352 1289 1436 1316; x_wconf 85' lang='lat' dir='ltr'>libero</span> <span class='ocrx_word' id='word_1_513' title='bbox 1457 1290 1584 1323; x_wconf 75' lang='lat' dir='ltr'>arbitrio,</span> <span class='ocrx_word' id='word_1_514' title='bbox 1605 1293 1766 1325; x_wconf 82' lang='lat' dir='ltr'>proveniunt</span> <span class='ocrx_word' id='word_1_515' title='bbox 1781 1294 1876 1321; x_wconf 88' lang='lat' dir='ltr'>merita</span> 
     </span>
     <span class='ocr_line' id='line_1_70' title="bbox 1021 1331 1876 1371; baseline 0.009 -15"><span class='ocrx_word' id='word_1_516' title='bbox 1021 1334 1120 1363; x_wconf 88' lang='lat' dir='ltr'>nostra,</span> <span class='ocrx_word' id='word_1_517' title='bbox 1135 1331 1238 1358; x_wconf 88' lang='lat' dir='ltr'>scilicet</span> <span class='ocrx_word' id='word_1_518' title='bbox 1251 1332 1313 1358; x_wconf 89' lang='lat' dir='ltr'>boni</span> <span class='ocrx_word' id='word_1_519' title='bbox 1328 1333 1438 1359; x_wconf 82' lang='lat' dir='ltr'>affectus</span> <span class='ocrx_word' id='word_1_520' title='bbox 1462 1341 1609 1368; x_wconf 87' lang='lat' dir='ltr'>eorumque</span> <span class='ocrx_word' id='word_1_521' title='bbox 1623 1342 1782 1369; x_wconf 82' lang='lat' dir='ltr'>progressus</span> <span class='ocrx_word' id='word_1_522' title='bbox 1795 1340 1876 1371; x_wconf 90' lang='lat' dir='ltr'>atque</span> 
     </span>
     <span class='ocr_line' id='line_1_71' title="bbox 1022 1374 1874 1410; baseline 0.008 -10"><span class='ocrx_word' id='word_1_523' title='bbox 1022 1374 1091 1401; x_wconf 86' lang='lat' dir='ltr'>bona</span> <span class='ocrx_word' id='word_1_524' title='bbox 1111 1382 1208 1408; x_wconf 82' lang='lat' dir='ltr'>opera,</span> <span class='ocrx_word' id='word_1_525' title='bbox 1235 1383 1304 1410; x_wconf 88' lang='lat' dir='ltr'>quae</span> <span class='ocrx_word' id='word_1_526' title='bbox 1330 1376 1400 1403; x_wconf 87' lang='lat' dir='ltr'>Deus</span> <span class='ocrx_word' id='word_1_527' title='bbox 1426 1381 1578 1404; x_wconf 87' lang='lat' dir='ltr'>remunerat</span> <span class='ocrx_word' id='word_1_528' title='bbox 1600 1378 1625 1404; x_wconf 91' lang='lat' dir='ltr'>in</span> <span class='ocrx_word' id='word_1_529' title='bbox 1645 1379 1736 1407; x_wconf 80' lang='lat' dir='ltr'>nobis.</span> <span class='ocrx_word' id='word_1_530' title='bbox 1757 1383 1782 1406; x_wconf 91' lang='lat' dir='ltr'>et</span> <span class='ocrx_word' id='word_1_531' title='bbox 1807 1380 1874 1407; x_wconf 86' lang='lat' dir='ltr'>baec</span> 
     </span>
    </p>
   </div>
   <div class='ocr_carea' id='block_1_17' title="bbox 1021 1417 2005 1457">
    <p class='ocr_par' dir='ltr' id='par_1_17' title="bbox 1021 1417 2005 1457">
     <span class='ocr_line' id='line_1_72' title="bbox 1021 1417 2005 1457; baseline 0.008 -15"><span class='ocrx_word' id='word_1_532' title='bbox 1021 1417 1079 1451; x_wconf 83' lang='lat' dir='ltr'>ipsa</span> <span class='ocrx_word' id='word_1_533' title='bbox 1099 1421 1161 1443; x_wconf 87' lang='lat' dir='ltr'>sunt</span> <span class='ocrx_word' id='word_1_534' title='bbox 1181 1418 1226 1444; x_wconf 90' lang='lat' dir='ltr'>Dei</span> <span class='ocrx_word' id='word_1_535' title='bbox 1247 1418 1325 1444; x_wconf 89' lang='lat' dir='ltr'>dona.</span> <span class='ocrx_word' id='word_1_536' title='bbox 1346 1418 1421 1445; x_wconf 89' lang='lat' dir='ltr'>Unde</span> <span class='ocrx_word' id='word_1_537' title='bbox 1442 1419 1606 1452; x_wconf 67' lang='lat' dir='ltr'>Augustinus</span> <span class='ocrx_word' id='word_1_538' title='bbox 1632 1420 1666 1446; x_wconf 87' lang='lat' dir='ltr'>ad</span> <span class='ocrx_word' id='word_1_539' title='bbox 1693 1421 1796 1448; x_wconf 79' lang='lat' dir='ltr'>Sixtum</span> <span class='ocrx_word' id='word_1_540' title='bbox 1816 1425 2005 1457; x_wconf 70' lang='lat' dir='ltr'>pre-Augustinus.</span> 
     </span>
    </p>
   </div>
   <div class='ocr_carea' id='block_1_18' title="bbox 1015 1459 1874 2443">
    <p class='ocr_par' dir='ltr' id='par_1_18' title="bbox 1017 1459 1874 1797">
     <span class='ocr_line' id='line_1_73' title="bbox 1020 1459 1873 1496; baseline 0.008 -11"><span class='ocrx_word' id='word_1_541' title='bbox 1020 1459 1159 1494; x_wconf 66' lang='lat' dir='ltr'>sbyterum</span> <span class='ocrx_word' id='word_1_542' title='bbox 1172 1460 1198 1486; x_wconf 70' lang='lat' dir='ltr'>s:</span> <span class='ocrx_word' id='word_1_543' title='bbox 1225 1460 1314 1487; x_wconf 88' lang='lat' dir='ltr'>«Cum</span> <span class='ocrx_word' id='word_1_544' title='bbox 1335 1465 1446 1488; x_wconf 86' lang='lat' dir='ltr'>coronat</span> <span class='ocrx_word' id='word_1_545' title='bbox 1472 1463 1542 1489; x_wconf 85' lang='lat' dir='ltr'>Deus</span> <span class='ocrx_word' id='word_1_546' title='bbox 1568 1464 1661 1490; x_wconf 81' lang='lat' dir='ltr'>merita</span> <span class='ocrx_word' id='word_1_547' title='bbox 1682 1468 1787 1496; x_wconf 78' lang='lat' dir='ltr'>nostra,</span> <span class='ocrx_word' id='word_1_548' title='bbox 1808 1466 1873 1493; x_wconf 90' lang='lat' dir='ltr'>nihil</span> 
     </span>
     <span class='ocr_line' id='line_1_74' title="bbox 1021 1503 1874 1541; baseline 0.008 -13"><span class='ocrx_word' id='word_1_549' title='bbox 1021 1503 1093 1529; x_wconf 88' lang='lat' dir='ltr'>aliud</span> <span class='ocrx_word' id='word_1_550' title='bbox 1118 1507 1230 1529; x_wconf 88' lang='lat' dir='ltr'>coronat</span> <span class='ocrx_word' id='word_1_551' title='bbox 1252 1511 1333 1538; x_wconf 86' lang='lat' dir='ltr'>quam</span> <span class='ocrx_word' id='word_1_552' title='bbox 1359 1512 1469 1532; x_wconf 82' lang='lat' dir='ltr'>munera</span> <span class='ocrx_word' id='word_1_553' title='bbox 1494 1513 1550 1532; x_wconf 89' lang='lat' dir='ltr'>sua.</span> <span class='ocrx_word' id='word_1_554' title='bbox 1575 1506 1650 1533; x_wconf 89' lang='lat' dir='ltr'>Unde</span> <span class='ocrx_word' id='word_1_555' title='bbox 1671 1508 1725 1534; x_wconf 78' lang='lat' dir='ltr'>vita</span> <span class='ocrx_word' id='word_1_556' title='bbox 1747 1512 1874 1541; x_wconf 87' lang='lat' dir='ltr'>aeterna,</span> 
     </span>
     <span class='ocr_line' id='line_1_75' title="bbox 1020 1546 1874 1582; baseline 0.008 -11"><span class='ocrx_word' id='word_1_557' title='bbox 1020 1553 1090 1580; x_wconf 80' lang='lat' dir='ltr'>quae</span> <span class='ocrx_word' id='word_1_558' title='bbox 1110 1546 1136 1572; x_wconf 97' lang='lat' dir='ltr'>in</span> <span class='ocrx_word' id='word_1_559' title='bbox 1157 1546 1208 1572; x_wconf 88' lang='lat' dir='ltr'>fine</span> <span class='ocrx_word' id='word_1_560' title='bbox 1228 1554 1243 1573; x_wconf 90' lang='lat' dir='ltr'>a</span> <span class='ocrx_word' id='word_1_561' title='bbox 1263 1547 1317 1573; x_wconf 87' lang='lat' dir='ltr'>Deo</span> <span class='ocrx_word' id='word_1_562' title='bbox 1338 1548 1438 1574; x_wconf 81' lang='lat' dir='ltr'>meritis</span> <span class='ocrx_word' id='word_1_563' title='bbox 1458 1549 1684 1582; x_wconf 87' lang='lat' dir='ltr'>praecedentibus</span> <span class='ocrx_word' id='word_1_564' title='bbox 1702 1550 1824 1578; x_wconf 88' lang='lat' dir='ltr'>redditur</span> <span class='ocrx_word' id='word_1_565' title='bbox 1838 1566 1874 1572; x_wconf 89' lang='lat'><strong>—</strong></span> 
     </span>
     <span class='ocr_line' id='line_1_76' title="bbox 1019 1590 1873 1625; baseline 0.008 -10"><span class='ocrx_word' id='word_1_566' title='bbox 1019 1590 1083 1623; x_wconf 87' lang='lat' dir='ltr'>quia</span> <span class='ocrx_word' id='word_1_567' title='bbox 1103 1593 1129 1615; x_wconf 85' lang='lat' dir='ltr'>et</span> <span class='ocrx_word' id='word_1_568' title='bbox 1148 1590 1242 1616; x_wconf 84' lang='lat' dir='ltr'>eadem</span> <span class='ocrx_word' id='word_1_569' title='bbox 1264 1591 1373 1623; x_wconf 88' lang='lat' dir='ltr'>merita,</span> <span class='ocrx_word' id='word_1_570' title='bbox 1398 1591 1497 1625; x_wconf 88' lang='lat' dir='ltr'>quibus</span> <span class='ocrx_word' id='word_1_571' title='bbox 1521 1592 1658 1625; x_wconf 86' lang='lat' dir='ltr'>redditur,</span> <span class='ocrx_word' id='word_1_572' title='bbox 1684 1601 1736 1620; x_wconf 90' lang='lat' dir='ltr'>non</span> <span class='ocrx_word' id='word_1_573' title='bbox 1761 1602 1776 1621; x_wconf 84' lang='lat' dir='ltr'>a</span> <span class='ocrx_word' id='word_1_574' title='bbox 1796 1595 1873 1622; x_wconf 84' lang='lat' dir='ltr'>nobis</span> 
     </span>
     <span class='ocr_line' id='line_1_77' title="bbox 1019 1632 1873 1673; baseline 0.009 -16"><span class='ocrx_word' id='word_1_575' title='bbox 1019 1636 1088 1664; x_wconf 82' lang='lat' dir='ltr'>sunt,</span> <span class='ocrx_word' id='word_1_576' title='bbox 1101 1632 1148 1658; x_wconf 88' lang='lat' dir='ltr'>sed</span> <span class='ocrx_word' id='word_1_577' title='bbox 1164 1633 1188 1658; x_wconf 91' lang='lat' dir='ltr'>in</span> <span class='ocrx_word' id='word_1_578' title='bbox 1203 1633 1280 1659; x_wconf 90' lang='lat' dir='ltr'>nobis</span> <span class='ocrx_word' id='word_1_579' title='bbox 1295 1634 1363 1660; x_wconf 87' lang='lat' dir='ltr'>sacta</span> <span class='ocrx_word' id='word_1_580' title='bbox 1376 1638 1438 1660; x_wconf 89' lang='lat' dir='ltr'>sunt</span> <span class='ocrx_word' id='word_1_581' title='bbox 1451 1642 1500 1668; x_wconf 86' lang='lat' dir='ltr'>per</span> <span class='ocrx_word' id='word_1_582' title='bbox 1514 1636 1626 1669; x_wconf 57' lang='lat' dir='ltr'>grauiam</span> <span class='ocrx_word' id='word_1_583' title='bbox 1640 1651 1676 1655; x_wconf 90' lang='lat'>—</span> <span class='ocrx_word' id='word_1_584' title='bbox 1688 1641 1762 1664; x_wconf 88' lang='lat' dir='ltr'>recte</span> <span class='ocrx_word' id='word_1_585' title='bbox 1776 1639 1873 1673; x_wconf 87' lang='lat' dir='ltr'>etipsa</span> 
     </span>
     <span class='ocr_line' id='line_1_78' title="bbox 1019 1675 1874 1716; baseline 0.009 -15"><span class='ocrx_word' id='word_1_586' title='bbox 1019 1676 1073 1702; x_wconf 70' lang='lat' dir='ltr'>vita</span> <span class='ocrx_word' id='word_1_587' title='bbox 1085 1675 1176 1710; x_wconf 37' lang='lat' dir='ltr'>‘qratia</span> <span class='ocrx_word' id='word_1_588' title='bbox 1188 1680 1375 1711; x_wconf 83' lang='lat' dir='ltr'>nuncupatur,</span> <span class='ocrx_word' id='word_1_589' title='bbox 1389 1678 1452 1712; x_wconf 85' lang='lat' dir='ltr'>quia</span> <span class='ocrx_word' id='word_1_590' title='bbox 1466 1679 1549 1712; x_wconf 76' lang='lat' dir='ltr'>gratis</span> <span class='ocrx_word' id='word_1_591' title='bbox 1564 1679 1651 1707; x_wconf 87' lang='lat' dir='ltr'>datur.</span> <span class='ocrx_word' id='word_1_592' title='bbox 1671 1680 1727 1707; x_wconf 86' lang='lat' dir='ltr'>Nec</span> <span class='ocrx_word' id='word_1_593' title='bbox 1741 1681 1801 1708; x_wconf 88' lang='lat' dir='ltr'>ideo</span> <span class='ocrx_word' id='word_1_594' title='bbox 1815 1690 1874 1716; x_wconf 81' lang='lat' dir='ltr'>gra-</span> 
     </span>
     <span class='ocr_line' id='line_1_79' title="bbox 1020 1719 1874 1759; baseline 0.009 -15"><span class='ocrx_word' id='word_1_595' title='bbox 1020 1719 1066 1750; x_wconf 84' lang='lat' dir='ltr'>tis,</span> <span class='ocrx_word' id='word_1_596' title='bbox 1087 1719 1150 1753; x_wconf 88' lang='lat' dir='ltr'>quia</span> <span class='ocrx_word' id='word_1_597' title='bbox 1171 1726 1222 1745; x_wconf 90' lang='lat' dir='ltr'>non</span> <span class='ocrx_word' id='word_1_598' title='bbox 1245 1720 1346 1746; x_wconf 85' lang='lat' dir='ltr'>meritis</span> <span class='ocrx_word' id='word_1_599' title='bbox 1372 1720 1467 1752; x_wconf 90' lang='lat' dir='ltr'>datur,</span> <span class='ocrx_word' id='word_1_600' title='bbox 1491 1722 1537 1748; x_wconf 88' lang='lat' dir='ltr'>sed</span> <span class='ocrx_word' id='word_1_601' title='bbox 1562 1723 1627 1757; x_wconf 87' lang='lat' dir='ltr'>quia</span> <span class='ocrx_word' id='word_1_602' title='bbox 1652 1723 1713 1750; x_wconf 85' lang='lat' dir='ltr'>data</span> <span class='ocrx_word' id='word_1_603' title='bbox 1737 1727 1799 1751; x_wconf 86' lang='lat' dir='ltr'>sunt</span> <span class='ocrx_word' id='word_1_604' title='bbox 1825 1733 1874 1759; x_wconf 87' lang='lat' dir='ltr'>per</span> 
     </span>
     <span class='ocr_line' id='line_1_80' title="bbox 1017 1763 1639 1797; baseline 0.005 -9"><span class='ocrx_word' id='word_1_605' title='bbox 1017 1763 1131 1796; x_wconf 82' lang='lat' dir='ltr'>gratiam</span> <span class='ocrx_word' id='word_1_606' title='bbox 1152 1766 1177 1789; x_wconf 84' lang='lat' dir='ltr'>et</span> <span class='ocrx_word' id='word_1_607' title='bbox 1197 1763 1254 1797; x_wconf 83' lang='lat' dir='ltr'>ipsa</span> <span class='ocrx_word' id='word_1_608' title='bbox 1275 1763 1384 1795; x_wconf 85' lang='lat' dir='ltr'>merita,</span> <span class='ocrx_word' id='word_1_609' title='bbox 1404 1763 1502 1797; x_wconf 80' lang='lat' dir='ltr'>qulbus</span> <span class='ocrx_word' id='word_1_610' title='bbox 1523 1764 1602 1791; x_wconf 86' lang='lat' dir='ltr'>datur</span> <span class='ocrx_word' id='word_1_611' title='bbox 1615 1777 1639 1791; x_wconf 74' lang='lat' dir='ltr'>n.</span> 
     </span>
    </p>

    <p class='ocr_par' dir='ltr' id='par_1_19' title="bbox 1015 1806 1873 2443">
     <span class='ocr_line' id='line_1_81' title="bbox 1091 1806 1872 1845; baseline 0.009 -14"><span class='ocrx_word' id='word_1_612' title='bbox 1091 1806 1131 1832; x_wconf 80' lang='lat' dir='ltr'>Ex</span> <span class='ocrx_word' id='word_1_613' title='bbox 1157 1806 1313 1840; x_wconf 83' lang='lat' dir='ltr'>praemissis</span> <span class='ocrx_word' id='word_1_614' title='bbox 1337 1806 1389 1833; x_wconf 87' lang='lat' dir='ltr'>iam</span> <span class='ocrx_word' id='word_1_615' title='bbox 1413 1808 1580 1835; x_wconf 84' lang='lat' dir='ltr'>innotescere</span> <span class='ocrx_word' id='word_1_616' title='bbox 1605 1809 1682 1836; x_wconf 91' lang='lat' dir='ltr'>nobis</span> <span class='ocrx_word' id='word_1_617' title='bbox 1701 1810 1872 1845; x_wconf 87' lang='lat' dir='ltr'>aliquatenus</span> 
     </span>
     <span class='ocr_line' id='line_1_82' title="bbox 1018 1849 1873 1886; baseline 0.007 -11"><span class='ocrx_word' id='word_1_618' title='bbox 1018 1852 1120 1883; x_wconf 78' lang='lat' dir='ltr'>potest,</span> <span class='ocrx_word' id='word_1_619' title='bbox 1141 1849 1256 1883; x_wconf 85' lang='lat' dir='ltr'>qualiter</span> <span class='ocrx_word' id='word_1_620' title='bbox 1275 1850 1360 1883; x_wconf 76' lang='lat' dir='ltr'>gratia</span> <span class='ocrx_word' id='word_1_621' title='bbox 1380 1852 1558 1884; x_wconf 86' lang='lat' dir='ltr'>praeveniens</span> <span class='ocrx_word' id='word_1_622' title='bbox 1577 1856 1696 1879; x_wconf 87' lang='lat' dir='ltr'>merctur</span> <span class='ocrx_word' id='word_1_623' title='bbox 1717 1855 1808 1886; x_wconf 63' lang='lat' dir='ltr'>angeri</span> <span class='ocrx_word' id='word_1_624' title='bbox 1821 1876 1827 1886; x_wconf 82' lang='lat'><strong><em>,</em></strong></span> <span class='ocrx_word' id='word_1_625' title='bbox 1847 1858 1873 1881; x_wconf 86' lang='lat' dir='ltr'>et</span> 
     </span>
     <span class='ocr_line' id='line_1_83' title="bbox 1018 1891 1872 1930; baseline 0.008 -13"><span class='ocrx_word' id='word_1_626' title='bbox 1018 1891 1087 1921; x_wconf 79' lang='lat' dir='ltr'>alia;</span> <span class='ocrx_word' id='word_1_627' title='bbox 1107 1895 1133 1918; x_wconf 85' lang='lat' dir='ltr'>ct</span> <span class='ocrx_word' id='word_1_628' title='bbox 1153 1892 1218 1926; x_wconf 87' lang='lat' dir='ltr'>quid</span> <span class='ocrx_word' id='word_1_629' title='bbox 1240 1893 1298 1926; x_wconf 87' lang='lat' dir='ltr'>ipsa</span> <span class='ocrx_word' id='word_1_630' title='bbox 1318 1893 1366 1924; x_wconf 87' lang='lat' dir='ltr'>sit,</span> <span class='ocrx_word' id='word_1_631' title='bbox 1380 1900 1412 1920; x_wconf 92' lang='lat' dir='ltr'>an</span> <span class='ocrx_word' id='word_1_632' title='bbox 1428 1894 1528 1927; x_wconf 82' lang='lat' dir='ltr'>virtus,</span> <span class='ocrx_word' id='word_1_633' title='bbox 1542 1902 1574 1921; x_wconf 91' lang='lat' dir='ltr'>an</span> <span class='ocrx_word' id='word_1_634' title='bbox 1590 1895 1678 1927; x_wconf 83' lang='lat' dir='ltr'>aliud;</span> <span class='ocrx_word' id='word_1_635' title='bbox 1694 1897 1753 1923; x_wconf 86' lang='lat' dir='ltr'>etsi</span> <span class='ocrx_word' id='word_1_636' title='bbox 1775 1898 1872 1930; x_wconf 75' lang='lat' dir='ltr'>virtus,</span> 
     </span>
     <span class='ocr_line' id='line_1_84' title="bbox 1018 1935 1872 1973; baseline 0.007 -12"><span class='ocrx_word' id='word_1_637' title='bbox 1018 1942 1050 1961; x_wconf 92' lang='lat' dir='ltr'>an</span> <span class='ocrx_word' id='word_1_638' title='bbox 1070 1935 1104 1961; x_wconf 90' lang='lat' dir='ltr'>sit</span> <span class='ocrx_word' id='word_1_639' title='bbox 1129 1939 1219 1969; x_wconf 84' lang='lat' dir='ltr'>actus,</span> <span class='ocrx_word' id='word_1_640' title='bbox 1244 1935 1286 1962; x_wconf 74' lang='grc' dir='ltr'>ι·ρ1</span> <span class='ocrx_word' id='word_1_641' title='bbox 1311 1943 1372 1963; x_wconf 89' lang='lat' dir='ltr'>non.</span> <span class='ocrx_word' id='word_1_642' title='bbox 1396 1936 1536 1963; x_wconf 86' lang='lat' dir='ltr'>Ostensum</span> <span class='ocrx_word' id='word_1_643' title='bbox 1559 1938 1628 1964; x_wconf 84' lang='lat' dir='ltr'>enim</span> <span class='ocrx_word' id='word_1_644' title='bbox 1650 1942 1689 1965; x_wconf 87' lang='lat' dir='ltr'>cst</span> <span class='ocrx_word' id='word_1_645' title='bbox 1709 1939 1812 1973; x_wconf 62' lang='lat' dir='ltr'>supra9</span> <span class='ocrx_word' id='word_1_646' title='bbox 1839 1948 1872 1967; x_wconf 88' lang='lat' dir='ltr'>ex</span> 
     </span>
     <span class='ocr_line' id='line_1_85' title="bbox 1017 1979 1870 2014; baseline 0.007 -10"><span class='ocrx_word' id='word_1_647' title='bbox 1017 1981 1093 2013; x_wconf 87' lang='lat' dir='ltr'>parte</span> <span class='ocrx_word' id='word_1_648' title='bbox 1115 1979 1301 2013; x_wconf 76' lang='lat' dir='ltr'>quorundam7</span> <span class='ocrx_word' id='word_1_649' title='bbox 1325 1979 1396 2014; x_wconf 87' lang='lat' dir='ltr'>quod</span> <span class='ocrx_word' id='word_1_650' title='bbox 1419 1980 1475 2014; x_wconf 86' lang='lat' dir='ltr'>ipsa</span> <span class='ocrx_word' id='word_1_651' title='bbox 1492 1984 1531 2007; x_wconf 80' lang='lat' dir='ltr'>est</span> <span class='ocrx_word' id='word_1_652' title='bbox 1550 1981 1649 2012; x_wconf 63' lang='lat' dir='ltr'>vio-ms,</span> <span class='ocrx_word' id='word_1_653' title='bbox 1669 1985 1695 2008; x_wconf 85' lang='lat' dir='ltr'>et</span> <span class='ocrx_word' id='word_1_654' title='bbox 1715 1983 1799 2009; x_wconf 82' lang='lat' dir='ltr'>virtus</span> <span class='ocrx_word' id='word_1_655' title='bbox 1819 1991 1870 2010; x_wconf 87' lang='lat' dir='ltr'>non</span> 
     </span>
     <span class='ocr_line' id='line_1_86' title="bbox 1017 2022 1872 2055; baseline 0.007 -7"><span class='ocrx_word' id='word_1_656' title='bbox 1017 2025 1056 2048; x_wconf 86' lang='lat' dir='ltr'>est</span> <span class='ocrx_word' id='word_1_657' title='bbox 1076 2026 1167 2053; x_wconf 70' lang='lat' dir='ltr'>accus,</span> <span class='ocrx_word' id='word_1_658' title='bbox 1188 2022 1235 2049; x_wconf 81' lang='lat' dir='ltr'>sed</span> <span class='ocrx_word' id='word_1_659' title='bbox 1256 2023 1313 2049; x_wconf 81' lang='lat' dir='ltr'>eius</span> <span class='ocrx_word' id='word_1_660' title='bbox 1333 2030 1431 2055; x_wconf 83' lang='lat' dir='ltr'>causa,</span> <span class='ocrx_word' id='word_1_661' title='bbox 1451 2032 1502 2050; x_wconf 89' lang='lat' dir='ltr'>non</span> <span class='ocrx_word' id='word_1_662' title='bbox 1525 2028 1612 2051; x_wconf 82' lang='lat' dir='ltr'>tamen</span> <span class='ocrx_word' id='word_1_663' title='bbox 1633 2026 1690 2052; x_wconf 86' lang='lat' dir='ltr'>sine</span> <span class='ocrx_word' id='word_1_664' title='bbox 1705 2026 1789 2053; x_wconf 84' lang='lat' dir='ltr'>libero</span> <span class='ocrx_word' id='word_1_665' title='bbox 1804 2027 1872 2054; x_wconf 88' lang='lat' dir='ltr'>arbi-</span> 
     </span>
     <span class='ocr_line' id='line_1_87' title="bbox 1016 2065 1870 2101; baseline 0.007 -10"><span class='ocrx_word' id='word_1_666' title='bbox 1016 2066 1074 2092; x_wconf 89' lang='lat' dir='ltr'>trio.</span> <span class='ocrx_word' id='word_1_667' title='bbox 1090 2065 1165 2091; x_wconf 84' lang='lat' dir='ltr'>Unde</span> <span class='ocrx_word' id='word_1_668' title='bbox 1180 2066 1254 2100; x_wconf 87' lang='lat' dir='ltr'>quod</span> <span class='ocrx_word' id='word_1_669' title='bbox 1268 2074 1351 2100; x_wconf 82' lang='lat' dir='ltr'>supra</span> <span class='ocrx_word' id='word_1_670' title='bbox 1363 2066 1384 2079; x_wconf 85' lang='lat'>¹⁰</span> <span class='ocrx_word' id='word_1_671' title='bbox 1399 2067 1563 2101; x_wconf 78' lang='lat' dir='ltr'>Augustinus</span> <span class='ocrx_word' id='word_1_672' title='bbox 1577 2068 1659 2100; x_wconf 82' lang='lat' dir='ltr'>dixit,</span> <span class='ocrx_word' id='word_1_673' title='bbox 1675 2068 1775 2096; x_wconf 65' lang='lat' dir='ltr'>honum</span> <span class='ocrx_word' id='word_1_674' title='bbox 1791 2078 1870 2097; x_wconf 67' lang='lat' dir='ltr'>usum</span> 
     </span>
     <span class='ocr_line' id='line_1_88' title="bbox 1017 2109 1870 2147; baseline 0.007 -13"><span class='ocrx_word' id='word_1_675' title='bbox 1017 2109 1094 2135; x_wconf 89' lang='lat' dir='ltr'>liberi</span> <span class='ocrx_word' id='word_1_676' title='bbox 1115 2109 1219 2135; x_wconf 88' lang='lat' dir='ltr'>arbitrii</span> <span class='ocrx_word' id='word_1_677' title='bbox 1241 2117 1298 2136; x_wconf 79' lang='lat' dir='ltr'>esse</span> <span class='ocrx_word' id='word_1_678' title='bbox 1318 2109 1461 2141; x_wconf 63' lang='lat' dir='ltr'>virczaem,</span> <span class='ocrx_word' id='word_1_679' title='bbox 1483 2111 1518 2137; x_wconf 87' lang='lat' dir='ltr'>ita</span> <span class='ocrx_word' id='word_1_680' title='bbox 1540 2112 1627 2146; x_wconf 84' lang='lat' dir='ltr'>accipi</span> <span class='ocrx_word' id='word_1_681' title='bbox 1648 2116 1749 2147; x_wconf 80' lang='lat' dir='ltr'>potest,</span> <span class='ocrx_word' id='word_1_682' title='bbox 1771 2113 1796 2140; x_wconf 89' lang='lat' dir='ltr'>id</span> <span class='ocrx_word' id='word_1_683' title='bbox 1817 2118 1870 2147; x_wconf 82' lang='grc' dir='ltr'>ρει,</span> 
     </span>
     <span class='ocr_line' id='line_1_89' title="bbox 1016 2153 1869 2192; baseline 0.006 -13"><span class='ocrx_word' id='word_1_684' title='bbox 1016 2155 1106 2179; x_wconf 87' lang='lat' dir='ltr'>aetum</span> <span class='ocrx_word' id='word_1_685' title='bbox 1122 2153 1245 2183; x_wconf 81' lang='lat' dir='ltr'>virtutis;</span> <span class='ocrx_word' id='word_1_686' title='bbox 1260 2153 1379 2188; x_wconf 89' lang='lat' dir='ltr'>alioquin</span> <span class='ocrx_word' id='word_1_687' title='bbox 1394 2154 1444 2180; x_wconf 86' lang='lat' dir='ltr'>sibi</span> <span class='ocrx_word' id='word_1_688' title='bbox 1461 2155 1647 2182; x_wconf 85' lang='lat' dir='ltr'>contradicere</span> <span class='ocrx_word' id='word_1_689' title='bbox 1662 2156 1809 2189; x_wconf 83' lang='lat' dir='ltr'>videretur,</span> <span class='ocrx_word' id='word_1_690' title='bbox 1823 2158 1869 2192; x_wconf 92' lang='lat' dir='ltr'>qui</span> 
     </span>
     <span class='ocr_line' id='line_1_90' title="bbox 1016 2195 1868 2234; baseline 0.007 -13"><span class='ocrx_word' id='word_1_691' title='bbox 1016 2196 1096 2222; x_wconf 88' lang='lat' dir='ltr'>etiam</span> <span class='ocrx_word' id='word_1_692' title='bbox 1109 2204 1175 2230; x_wconf 64' lang='lat' dir='ltr'>Opus</span> <span class='ocrx_word' id='word_1_693' title='bbox 1186 2195 1295 2223; x_wconf 66' lang='lat' dir='ltr'>virlulz&#39;s</span> <span class='ocrx_word' id='word_1_694' title='bbox 1307 2204 1388 2231; x_wconf 75' lang='lat' dir='ltr'>supra</span> <span class='ocrx_word' id='word_1_695' title='bbox 1402 2197 1470 2224; x_wconf 84' lang='lat' dir='ltr'>dixit</span> <span class='ocrx_word' id='word_1_696' title='bbox 1485 2205 1542 2224; x_wconf 84' lang='lat' dir='ltr'>esse</span> <span class='ocrx_word' id='word_1_697' title='bbox 1558 2197 1658 2225; x_wconf 38' lang='lat' dir='ltr'>boumn.</span> <span class='ocrx_word' id='word_1_698' title='bbox 1671 2207 1752 2226; x_wconf 68' lang='lat' dir='ltr'>usum</span> <span class='ocrx_word' id='word_1_699' title='bbox 1766 2208 1868 2234; x_wconf 87' lang='lat' dir='ltr'>eorum,</span> 
     </span>
     <span class='ocr_line' id='line_1_91' title="bbox 1016 2238 1869 2276; baseline 0.007 -12"><span class='ocrx_word' id='word_1_700' title='bbox 1016 2238 1115 2273; x_wconf 81' lang='lat' dir='ltr'>quibus</span> <span class='ocrx_word' id='word_1_701' title='bbox 1134 2247 1187 2265; x_wconf 88' lang='lat' dir='ltr'>non</span> <span class='ocrx_word' id='word_1_702' title='bbox 1209 2239 1276 2265; x_wconf 86' lang='lat' dir='ltr'>bene</span> <span class='ocrx_word' id='word_1_703' title='bbox 1295 2240 1332 2266; x_wconf 90' lang='lat' dir='ltr'>uti</span> <span class='ocrx_word' id='word_1_704' title='bbox 1354 2248 1512 2274; x_wconf 84' lang='lat' dir='ltr'>possumus,</span> <span class='ocrx_word' id='word_1_705' title='bbox 1534 2241 1558 2267; x_wconf 92' lang='lat' dir='ltr'>in</span> <span class='ocrx_word' id='word_1_706' title='bbox 1579 2242 1678 2276; x_wconf 87' lang='lat' dir='ltr'>quibus</span> <span class='ocrx_word' id='word_1_707' title='bbox 1698 2244 1789 2276; x_wconf 83' lang='lat' dir='ltr'>posuit</span> <span class='ocrx_word' id='word_1_708' title='bbox 1807 2243 1869 2270; x_wconf 86' lang='lat' dir='ltr'>libe-</span> 
     </span>
     <span class='ocr_line' id='line_1_92' title="bbox 1015 2282 1868 2320; baseline 0.007 -13"><span class='ocrx_word' id='word_1_709' title='bbox 1015 2289 1075 2308; x_wconf 88' lang='lat' dir='ltr'>rum</span> <span class='ocrx_word' id='word_1_710' title='bbox 1097 2282 1246 2308; x_wconf 85' lang='lat' dir='ltr'>arbitrium.</span> <span class='ocrx_word' id='word_1_711' title='bbox 1267 2282 1292 2309; x_wconf 83' lang='lat' dir='ltr'>Si</span> <span class='ocrx_word' id='word_1_712' title='bbox 1315 2290 1377 2309; x_wconf 82' lang='lat' dir='ltr'>vcro</span> <span class='ocrx_word' id='word_1_713' title='bbox 1399 2283 1484 2310; x_wconf 89' lang='lat' dir='ltr'>bonus</span> <span class='ocrx_word' id='word_1_714' title='bbox 1504 2292 1569 2310; x_wconf 83' lang='lat' dir='ltr'>usus</span> <span class='ocrx_word' id='word_1_715' title='bbox 1589 2285 1665 2311; x_wconf 87' lang='lat' dir='ltr'>liberi</span> <span class='ocrx_word' id='word_1_716' title='bbox 1682 2286 1784 2312; x_wconf 87' lang='lat' dir='ltr'>arbitrii</span> <span class='ocrx_word' id='word_1_717' title='bbox 1800 2294 1868 2320; x_wconf 87' lang='lat' dir='ltr'>opus</span> 
     </span>
     <span class='ocr_line' id='line_1_93' title="bbox 1016 2325 1867 2361; baseline 0.007 -11"><span class='ocrx_word' id='word_1_718' title='bbox 1016 2325 1122 2351; x_wconf 75' lang='lat' dir='ltr'>virtutis</span> <span class='ocrx_word' id='word_1_719' title='bbox 1143 2328 1195 2354; x_wconf 80' lang='lat' dir='ltr'>est,</span> <span class='ocrx_word' id='word_1_720' title='bbox 1216 2326 1267 2352; x_wconf 88' lang='lat' dir='ltr'>iam</span> <span class='ocrx_word' id='word_1_721' title='bbox 1290 2326 1374 2352; x_wconf 81' lang='lat' dir='ltr'>virtus</span> <span class='ocrx_word' id='word_1_722' title='bbox 1389 2334 1439 2352; x_wconf 90' lang='lat' dir='ltr'>non</span> <span class='ocrx_word' id='word_1_723' title='bbox 1455 2330 1501 2353; x_wconf 83' lang='lat' dir='ltr'>est.</span> <span class='ocrx_word' id='word_1_724' title='bbox 1517 2327 1582 2354; x_wconf 87' lang='lat' dir='ltr'>Cum</span> <span class='ocrx_word' id='word_1_725' title='bbox 1597 2335 1659 2361; x_wconf 81' lang='lat' dir='ltr'>ergo</span> <span class='ocrx_word' id='word_1_726' title='bbox 1674 2328 1773 2355; x_wconf 83' lang='lat' dir='ltr'>bonum</span> <span class='ocrx_word' id='word_1_727' title='bbox 1789 2337 1867 2356; x_wconf 77' lang='lat' dir='ltr'>usum</span> 
     </span>
     <span class='ocr_line' id='line_1_94' title="bbox 1016 2368 1866 2406; baseline 0.007 -13"><span class='ocrx_word' id='word_1_728' title='bbox 1016 2368 1073 2394; x_wconf 85' lang='lat' dir='ltr'>eius</span> <span class='ocrx_word' id='word_1_729' title='bbox 1094 2369 1220 2394; x_wconf 85' lang='lat' dir='ltr'>virtutem</span> <span class='ocrx_word' id='word_1_730' title='bbox 1240 2376 1297 2394; x_wconf 87' lang='lat' dir='ltr'>esse</span> <span class='ocrx_word' id='word_1_731' title='bbox 1318 2369 1398 2401; x_wconf 72' lang='lat' dir='ltr'>dixit,</span> <span class='ocrx_word' id='word_1_732' title='bbox 1423 2370 1530 2396; x_wconf 85' lang='lat' dir='ltr'>nomine</span> <span class='ocrx_word' id='word_1_733' title='bbox 1555 2369 1662 2397; x_wconf 63' lang='lat' dir='ltr'>uirtutis</span> <span class='ocrx_word' id='word_1_734' title='bbox 1683 2372 1767 2406; x_wconf 80' lang='lat' dir='ltr'>ipsius</span> <span class='ocrx_word' id='word_1_735' title='bbox 1788 2380 1866 2399; x_wconf 86' lang='lat' dir='ltr'>usum</span> 
     </span>
     <span class='ocr_line' id='line_1_95' title="bbox 1015 2410 1184 2443; baseline 0.006 -7"><span class='ocrx_word' id='word_1_736' title='bbox 1015 2410 1184 2443; x_wconf 72' lang='lat' dir='ltr'>significavit.</span> 
     </span>
    </p>
   </div>
   <div class='ocr_carea' id='block_1_19' title="bbox 720 2504 1241 2513">
    <p class='ocr_par' dir='ltr' id='par_1_20' title="bbox 720 2504 1241 2513">
     <span class='ocr_line' id='line_1_96' title="bbox 720 2504 1241 2513; baseline 0 0"><span class='ocrx_word' id='word_1_737' title='bbox 720 2504 1241 2513; x_wconf 95' lang='lat' dir='ltr'> </span> 
     </span>
    </p>
   </div>
   <div class='ocr_carea' id='block_1_20' title="bbox 102 2552 956 3052">
    <p class='ocr_par' dir='ltr' id='par_1_21' title="bbox 102 2552 956 2661">
     <span class='ocr_line' id='line_1_97' title="bbox 166 2552 956 2581; baseline 0 -6"><span class='ocrx_word' id='word_1_738' title='bbox 166 2552 173 2566; x_wconf 78' lang='lat'><strong>¹</strong></span> <span class='ocrx_word' id='word_1_739' title='bbox 192 2553 242 2576; x_wconf 82' lang='lat' dir='ltr'>Vat.</span> <span class='ocrx_word' id='word_1_740' title='bbox 261 2556 398 2581; x_wconf 80' lang='lat' dir='ltr'>ceteraeque</span> <span class='ocrx_word' id='word_1_741' title='bbox 415 2552 476 2580; x_wconf 85' lang='lat' dir='ltr'>edd.⁷</span> <span class='ocrx_word' id='word_1_742' title='bbox 490 2553 591 2580; x_wconf 79' lang='lat' dir='ltr'>exeeptis</span> <span class='ocrx_word' id='word_1_743' title='bbox 613 2553 629 2580; x_wconf 78' lang='lat' dir='ltr'>t,</span> <span class='ocrx_word' id='word_1_744' title='bbox 649 2552 669 2580; x_wconf 77' lang='grc'>8,</span> <span class='ocrx_word' id='word_1_745' title='bbox 697 2558 750 2575; x_wconf 82' lang='lat' dir='ltr'>cum</span> <span class='ocrx_word' id='word_1_746' title='bbox 769 2553 821 2575; x_wconf 84' lang='lat' dir='ltr'>cod.</span> <span class='ocrx_word' id='word_1_747' title='bbox 839 2552 855 2575; x_wconf 93' lang='lat' dir='ltr'>C</span> <span class='ocrx_word' id='word_1_748' title='bbox 873 2553 956 2581; x_wconf 76' lang='lat' dir='ltr'>praeti-</span> 
     </span>
     <span class='ocr_line' id='line_1_98' title="bbox 104 2591 955 2620; baseline 0.002 -7"><span class='ocrx_word' id='word_1_749' title='bbox 104 2594 160 2620; x_wconf 83' lang='lat' dir='ltr'>gunt</span> <span class='ocrx_word' id='word_1_750' title='bbox 178 2591 261 2619; x_wconf 67' lang='lat' dir='ltr'>libero,</span> <span class='ocrx_word' id='word_1_751' title='bbox 291 2596 313 2615; x_wconf 85' lang='lat' dir='ltr'>et</span> <span class='ocrx_word' id='word_1_752' title='bbox 335 2593 403 2620; x_wconf 84' lang='lat' dir='ltr'>paulo</span> <span class='ocrx_word' id='word_1_753' title='bbox 430 2593 538 2620; x_wconf 84' lang='lat' dir='ltr'>superius</span> <span class='ocrx_word' id='word_1_754' title='bbox 564 2591 646 2614; x_wconf 75' lang='lat' dir='ltr'>cadem</span> <span class='ocrx_word' id='word_1_755' title='bbox 673 2598 726 2614; x_wconf 85' lang='lat' dir='ltr'>eum</span> <span class='ocrx_word' id='word_1_756' title='bbox 748 2592 801 2614; x_wconf 87' lang='lat' dir='ltr'>edd.</span> <span class='ocrx_word' id='word_1_757' title='bbox 822 2593 850 2620; x_wconf 76' lang='lat'>2,</span> <span class='ocrx_word' id='word_1_758' title='bbox 869 2593 882 2614; x_wconf 81' lang='grc'><strong>9</strong></span> <span class='ocrx_word' id='word_1_759' title='bbox 900 2593 955 2620; x_wconf 77' lang='lat' dir='ltr'>legit</span> 
     </span>
     <span class='ocr_line' id='line_1_99' title="bbox 102 2631 536 2661; baseline -0.002 -7"><span class='ocrx_word' id='word_1_760' title='bbox 102 2631 182 2661; x_wconf 70' lang='lat' dir='ltr'>qratia</span> <span class='ocrx_word' id='word_1_761' title='bbox 199 2633 277 2655; x_wconf 78' lang='lat' dir='ltr'>terrae</span> <span class='ocrx_word' id='word_1_762' title='bbox 295 2638 337 2660; x_wconf 86' lang='lat' dir='ltr'>pro</span> <span class='ocrx_word' id='word_1_763' title='bbox 355 2631 433 2661; x_wconf 65' lang='lat' dir='ltr'>ymnis</span> <span class='ocrx_word' id='word_1_764' title='bbox 451 2632 536 2654; x_wconf 75' lang='lat' dir='ltr'>terrae.</span> 
     </span>
    </p>

    <p class='ocr_par' dir='ltr' id='par_1_22' title="bbox 164 2671 502 2699">
     <span class='ocr_line' id='line_1_100' title="bbox 164 2671 502 2699; baseline -0.003 -6"><span class='ocrx_word' id='word_1_765' title='bbox 164 2671 173 2685; x_wconf 78' lang='lat'><strong>²</strong></span> <span class='ocrx_word' id='word_1_766' title='bbox 191 2672 259 2699; x_wconf 85' lang='lat' dir='ltr'>Epist.</span> <span class='ocrx_word' id='word_1_767' title='bbox 282 2671 330 2693; x_wconf 68' lang='lat' dir='ltr'>tat.</span> <span class='ocrx_word' id='word_1_768' title='bbox 348 2677 367 2693; x_wconf 85' lang='lat' dir='ltr'>c.</span> <span class='ocrx_word' id='word_1_769' title='bbox 386 2671 407 2693; x_wconf 95' lang='lat'>5.</span> <span class='ocrx_word' id='word_1_770' title='bbox 426 2678 447 2693; x_wconf 87' lang='lat' dir='ltr'>n.</span> <span class='ocrx_word' id='word_1_771' title='bbox 470 2671 502 2693; x_wconf 77' lang='lat'>19.</span> 
     </span>
    </p>

    <p class='ocr_par' dir='ltr' id='par_1_23' title="bbox 165 2709 826 2738">
     <span class='ocr_line' id='line_1_101' title="bbox 165 2709 826 2738; baseline 0 -6"><span class='ocrx_word' id='word_1_772' title='bbox 165 2709 174 2724; x_wconf 79' lang='grc'><strong>3</strong></span> <span class='ocrx_word' id='word_1_773' title='bbox 191 2710 342 2732; x_wconf 72' lang='lat' dir='ltr'>Solummcdo</span> <span class='ocrx_word' id='word_1_774' title='bbox 360 2711 410 2732; x_wconf 79' lang='lat' dir='ltr'>Vat.</span> <span class='ocrx_word' id='word_1_775' title='bbox 429 2714 451 2733; x_wconf 83' lang='lat' dir='ltr'>ct</span> <span class='ocrx_word' id='word_1_776' title='bbox 468 2711 546 2738; x_wconf 83' lang='lat' dir='ltr'>plures</span> <span class='ocrx_word' id='word_1_777' title='bbox 564 2710 618 2732; x_wconf 85' lang='lat' dir='ltr'>edd.</span> <span class='ocrx_word' id='word_1_778' title='bbox 636 2710 725 2732; x_wconf 83' lang='lat' dir='ltr'>addunt</span> <span class='ocrx_word' id='word_1_779' title='bbox 743 2709 826 2733; x_wconf 70' lang='lat' dir='ltr'>honus.</span> 
     </span>
    </p>

    <p class='ocr_par' dir='ltr' id='par_1_24' title="bbox 102 2748 954 3052">
     <span class='ocr_line' id='line_1_102' title="bbox 165 2748 952 2779; baseline 0 -7"><span class='ocrx_word' id='word_1_780' title='bbox 165 2748 173 2763; x_wconf 68' lang='lat'>4</span> <span class='ocrx_word' id='word_1_781' title='bbox 191 2749 246 2772; x_wconf 75' lang='lat' dir='ltr'>Coct.</span> <span class='ocrx_word' id='word_1_782' title='bbox 264 2750 307 2771; x_wconf 74' lang='lat' dir='ltr'>Eri.</span> <span class='ocrx_word' id='word_1_783' title='bbox 326 2752 430 2771; x_wconf 81' lang='lat' dir='ltr'>annotat:</span> <span class='ocrx_word' id='word_1_784' title='bbox 449 2756 518 2777; x_wconf 88' lang='lat' dir='ltr'>supra</span> <span class='ocrx_word' id='word_1_785' title='bbox 546 2749 566 2771; x_wconf 88' lang='lat' dir='ltr'>d.</span> <span class='ocrx_word' id='word_1_786' title='bbox 591 2750 627 2771; x_wconf 67' lang='grc'>26.</span> <span class='ocrx_word' id='word_1_787' title='bbox 647 2756 696 2777; x_wconf 69' lang='lat' dir='ltr'>cap.</span> <span class='ocrx_word' id='word_1_788' title='bbox 715 2750 797 2779; x_wconf 70' lang='lat' dir='ltr'>Itaque</span> <span class='ocrx_word' id='word_1_789' title='bbox 824 2749 884 2772; x_wconf 74' lang='lat' dir='ltr'>Dona</span> <span class='ocrx_word' id='word_1_790' title='bbox 911 2753 952 2772; x_wconf 78' lang='grc' dir='ltr'>ριρ.</span> 
     </span>
     <span class='ocr_line' id='line_1_103' title="bbox 102 2788 952 2817; baseline 0 -7"><span class='ocrx_word' id='word_1_791' title='bbox 102 2788 160 2810; x_wconf 90' lang='lat' dir='ltr'>Huic</span> <span class='ocrx_word' id='word_1_792' title='bbox 176 2790 300 2811; x_wconf 79' lang='lat' dir='ltr'>sententiae</span> <span class='ocrx_word' id='word_1_793' title='bbox 318 2788 417 2816; x_wconf 76' lang='lat' dir='ltr'>Magistri</span> <span class='ocrx_word' id='word_1_794' title='bbox 436 2789 489 2810; x_wconf 83' lang='lat' dir='ltr'>satis</span> <span class='ocrx_word' id='word_1_795' title='bbox 507 2788 632 2810; x_wconf 66' lang='lat' dir='ltr'>concordat</span> <span class='ocrx_word' id='word_1_796' title='bbox 658 2788 785 2816; x_wconf 79' lang='lat' dir='ltr'>Gamlolpb.</span> <span class='ocrx_word' id='word_1_797' title='bbox 806 2788 837 2810; x_wconf 89' lang='lat' dir='ltr'>lIl.</span> <span class='ocrx_word' id='word_1_798' title='bbox 856 2795 874 2810; x_wconf 87' lang='lat' dir='ltr'>c.</span> <span class='ocrx_word' id='word_1_799' title='bbox 898 2788 952 2817; x_wconf 75' lang='grc'><strong>114;</strong></span> 
     </span>
     <span class='ocr_line' id='line_1_104' title="bbox 103 2827 952 2855; baseline 0 -6"><span class='ocrx_word' id='word_1_800' title='bbox 103 2827 143 2849; x_wconf 79' lang='lat' dir='ltr'>sed</span> <span class='ocrx_word' id='word_1_801' title='bbox 160 2830 236 2849; x_wconf 79' lang='lat' dir='ltr'>tamen</span> <span class='ocrx_word' id='word_1_802' title='bbox 254 2828 275 2848; x_wconf 91' lang='lat' dir='ltr'>in</span> <span class='ocrx_word' id='word_1_803' title='bbox 295 2827 338 2849; x_wconf 78' lang='lat' dir='ltr'>fine</span> <span class='ocrx_word' id='word_1_804' title='bbox 365 2827 462 2855; x_wconf 67' lang='lat' dir='ltr'>probat7</span> <span class='ocrx_word' id='word_1_805' title='bbox 481 2827 544 2855; x_wconf 83' lang='lat' dir='ltr'>quod</span> <span class='ocrx_word' id='word_1_806' title='bbox 571 2827 628 2849; x_wconf 80' lang='lat' dir='ltr'>fides</span> <span class='ocrx_word' id='word_1_807' title='bbox 654 2829 762 2855; x_wconf 68' lang='lat' dir='ltr'>meretur,</span> <span class='ocrx_word' id='word_1_808' title='bbox 789 2833 831 2854; x_wconf 86' lang='lat' dir='ltr'>per</span> <span class='ocrx_word' id='word_1_809' title='bbox 848 2827 952 2850; x_wconf 81' lang='lat' dir='ltr'>Glossam</span> 
     </span>
     <span class='ocr_line' id='line_1_105' title="bbox 102 2866 954 2896; baseline 0.001 -8"><span class='ocrx_word' id='word_1_810' title='bbox 102 2866 167 2888; x_wconf 81' lang='lat' dir='ltr'>Rom.</span> <span class='ocrx_word' id='word_1_811' title='bbox 187 2867 228 2888; x_wconf 62' lang='lat'>112:</span> <span class='ocrx_word' id='word_1_812' title='bbox 248 2866 378 2896; x_wconf 71' lang='lat' dir='ltr'>Unicuique</span> <span class='ocrx_word' id='word_1_813' title='bbox 395 2866 456 2890; x_wconf 69' lang='lat' dir='ltr'>sicut</span> <span class='ocrx_word' id='word_1_814' title='bbox 473 2867 535 2889; x_wconf 72' lang='lat' dir='ltr'>Deus</span> <span class='ocrx_word' id='word_1_815' title='bbox 552 2866 631 2889; x_wconf 60' lang='lat' dir='ltr'>(limisit</span> <span class='ocrx_word' id='word_1_816' title='bbox 647 2872 788 2889; x_wconf 69' lang='lat' dir='ltr'>mensurum</span> <span class='ocrx_word' id='word_1_817' title='bbox 799 2866 866 2896; x_wconf 70' lang='lat' dir='ltr'>fidei,</span> <span class='ocrx_word' id='word_1_818' title='bbox 886 2871 908 2889; x_wconf 84' lang='lat' dir='ltr'>et</span> <span class='ocrx_word' id='word_1_819' title='bbox 920 2870 954 2890; x_wconf 83' lang='lat' dir='ltr'>cst</span> 
     </span>
     <span class='ocr_line' id='line_1_106' title="bbox 103 2905 951 2936; baseline 0.002 -9"><span class='ocrx_word' id='word_1_820' title='bbox 103 2906 125 2927; x_wconf 86' lang='lat' dir='ltr'>in</span> <span class='ocrx_word' id='word_1_821' title='bbox 143 2906 221 2928; x_wconf 81' lang='lat' dir='ltr'>Glossa</span> <span class='ocrx_word' id='word_1_822' title='bbox 247 2905 301 2928; x_wconf 87' lang='lat' dir='ltr'>ibid.</span> <span class='ocrx_word' id='word_1_823' title='bbox 321 2907 334 2927; x_wconf 89' lang='lat' dir='ltr'>i.</span> <span class='ocrx_word' id='word_1_824' title='bbox 361 2913 379 2928; x_wconf 81' lang='lat' dir='ltr'>e.</span> <span class='ocrx_word' id='word_1_825' title='bbox 399 2913 424 2928; x_wconf 85' lang='lat' dir='ltr'>ea</span> <span class='ocrx_word' id='word_1_826' title='bbox 451 2907 550 2931; x_wconf 74' lang='lat' dir='ltr'>ratione,</span> <span class='ocrx_word' id='word_1_827' title='bbox 577 2905 640 2934; x_wconf 81' lang='lat' dir='ltr'>quod</span> <span class='ocrx_word' id='word_1_828' title='bbox 668 2905 729 2927; x_wconf 82' lang='lat' dir='ltr'>Deus</span> <span class='ocrx_word' id='word_1_829' title='bbox 745 2905 809 2927; x_wconf 71' lang='lat' dir='ltr'>dedit</span> <span class='ocrx_word' id='word_1_830' title='bbox 826 2907 951 2936; x_wconf 84' lang='lat' dir='ltr'>unicuique</span> 
     </span>
     <span class='ocr_line' id='line_1_107' title="bbox 103 2944 953 2974; baseline -0.001 -7"><span class='ocrx_word' id='word_1_831' title='bbox 103 2944 195 2967; x_wconf 75' lang='lat' dir='ltr'>divisim</span> <span class='ocrx_word' id='word_1_832' title='bbox 214 2945 273 2967; x_wconf 86' lang='lat' dir='ltr'>dona</span> <span class='ocrx_word' id='word_1_833' title='bbox 296 2948 440 2971; x_wconf 80' lang='lat' dir='ltr'>mensurata,</span> <span class='ocrx_word' id='word_1_834' title='bbox 467 2951 526 2974; x_wconf 77' lang='lat' dir='ltr'>quae</span> <span class='ocrx_word' id='word_1_835' title='bbox 552 2944 609 2966; x_wconf 78' lang='lat' dir='ltr'>fides</span> <span class='ocrx_word' id='word_1_836' title='bbox 635 2948 749 2969; x_wconf 54' lang='lat' dir='ltr'>meretum</span> <span class='ocrx_word' id='word_1_837' title='bbox 767 2948 788 2966; x_wconf 87' lang='lat' dir='ltr'>ct</span> <span class='ocrx_word' id='word_1_838' title='bbox 806 2947 867 2972; x_wconf 80' lang='lat' dir='ltr'>patet</span> <span class='ocrx_word' id='word_1_839' title='bbox 884 2952 953 2974; x_wconf 80' lang='lat' dir='ltr'>expo-</span> 
     </span>
     <span class='ocr_line' id='line_1_108' title="bbox 103 2984 952 3013; baseline 0.002 -7"><span class='ocrx_word' id='word_1_840' title='bbox 103 2984 179 3006; x_wconf 83' lang='lat' dir='ltr'>nendo</span> <span class='ocrx_word' id='word_1_841' title='bbox 196 2986 240 3007; x_wconf 84' lang='lat' dir='ltr'>sic:</span> <span class='ocrx_word' id='word_1_842' title='bbox 259 2991 318 3013; x_wconf 81' lang='lat' dir='ltr'>quac</span> <span class='ocrx_word' id='word_1_843' title='bbox 345 2985 405 3007; x_wconf 86' lang='lat' dir='ltr'>dona</span> <span class='ocrx_word' id='word_1_844' title='bbox 431 2985 488 3007; x_wconf 82' lang='lat' dir='ltr'>fides</span> <span class='ocrx_word' id='word_1_845' title='bbox 513 2988 615 3007; x_wconf 73' lang='lat' dir='ltr'>meretur</span> <span class='ocrx_word' id='word_1_846' title='bbox 633 2986 646 3006; x_wconf 89' lang='lat' dir='ltr'>i.</span> <span class='ocrx_word' id='word_1_847' title='bbox 664 2991 683 3006; x_wconf 86' lang='lat' dir='ltr'>c.</span> <span class='ocrx_word' id='word_1_848' title='bbox 707 2990 734 3006; x_wconf 81' lang='lat' dir='ltr'>cx</span> <span class='ocrx_word' id='word_1_849' title='bbox 752 2984 797 3006; x_wconf 83' lang='lat' dir='ltr'>[ide</span> <span class='ocrx_word' id='word_1_850' title='bbox 815 2987 868 3007; x_wconf 85' lang='lat' dir='ltr'>sunt</span> <span class='ocrx_word' id='word_1_851' title='bbox 885 2985 952 3008; x_wconf 86' lang='lat' dir='ltr'>nobis</span> 
     </span>
     <span class='ocr_line' id='line_1_109' title="bbox 104 3023 414 3052; baseline 0.003 -7"><span class='ocrx_word' id='word_1_852' title='bbox 104 3023 169 3051; x_wconf 71' lang='lat' dir='ltr'>dona,</span> <span class='ocrx_word' id='word_1_853' title='bbox 188 3024 273 3052; x_wconf 81' lang='lat' dir='ltr'>quibus</span> <span class='ocrx_word' id='word_1_854' title='bbox 290 3030 414 3046; x_wconf 82' lang='lat' dir='ltr'>meremur.</span> 
     </span>
    </p>
   </div>
   <div class='ocr_carea' id='block_1_21' title="bbox 982 296 1001 3047">
    <p class='ocr_par' dir='ltr' id='par_1_25' title="bbox 982 296 1001 3047">
     <span class='ocr_line' id='line_1_110' title="bbox 982 296 1001 3047; baseline 0 0"><span class='ocrx_word' id='word_1_855' title='bbox 982 296 1001 3047; x_wconf 95' lang='lat' dir='ltr'> </span> 
     </span>
    </p>
   </div>
   <div class='ocr_carea' id='block_1_22' title="bbox 1012 2553 1864 3007">
    <p class='ocr_par' dir='ltr' id='par_1_26' title="bbox 1075 2553 1388 2577">
     <span class='ocr_line' id='line_1_111' title="bbox 1075 2553 1388 2577; baseline 0.003 -1"><span class='ocrx_word' id='word_1_856' title='bbox 1075 2554 1085 2568; x_wconf 82' lang='lat'>⁵</span> <span class='ocrx_word' id='word_1_857' title='bbox 1103 2553 1158 2576; x_wconf 88' lang='lat' dir='ltr'>Cod.</span> <span class='ocrx_word' id='word_1_858' title='bbox 1177 2555 1194 2576; x_wconf 82' lang='grc' dir='ltr'>Α</span> <span class='ocrx_word' id='word_1_859' title='bbox 1213 2554 1277 2576; x_wconf 85' lang='lat' dir='ltr'>addit</span> <span class='ocrx_word' id='word_1_860' title='bbox 1293 2554 1388 2577; x_wconf 75' lang='lat' dir='ltr'>scilicet.</span> 
     </span>
    </p>

    <p class='ocr_par' dir='ltr' id='par_1_27' title="bbox 1076 2593 1863 2627">
     <span class='ocr_line' id='line_1_112' title="bbox 1076 2593 1863 2627; baseline 0.008 -12"><span class='ocrx_word' id='word_1_861' title='bbox 1076 2593 1086 2607; x_wconf 75' lang='grc'><strong>6</strong></span> <span class='ocrx_word' id='word_1_862' title='bbox 1103 2594 1134 2615; x_wconf 90' lang='lat' dir='ltr'>De</span> <span class='ocrx_word' id='word_1_863' title='bbox 1147 2594 1189 2615; x_wconf 79' lang='lat' dir='ltr'>bae</span> <span class='ocrx_word' id='word_1_864' title='bbox 1201 2594 1308 2621; x_wconf 70' lang='lat' dir='ltr'>opinione</span> <span class='ocrx_word' id='word_1_865' title='bbox 1327 2594 1426 2622; x_wconf 75' lang='lat' dir='ltr'>Magistri</span> <span class='ocrx_word' id='word_1_866' title='bbox 1440 2595 1478 2616; x_wconf 73' lang='lat' dir='ltr'>el&#39;r.</span> <span class='ocrx_word' id='word_1_867' title='bbox 1493 2594 1621 2618; x_wconf 78' lang='lat' dir='ltr'>Commeat.</span> <span class='ocrx_word' id='word_1_868' title='bbox 1639 2603 1708 2625; x_wconf 77' lang='lat' dir='ltr'>supra</span> <span class='ocrx_word' id='word_1_869' title='bbox 1723 2597 1744 2619; x_wconf 88' lang='lat' dir='ltr'>d.</span> <span class='ocrx_word' id='word_1_870' title='bbox 1758 2598 1794 2620; x_wconf 73' lang='grc'>26.</span> <span class='ocrx_word' id='word_1_871' title='bbox 1808 2605 1829 2627; x_wconf 82' lang='lat' dir='ltr'>q.</span> <span class='ocrx_word' id='word_1_872' title='bbox 1843 2600 1863 2621; x_wconf 76' lang='lat'>2.</span> 
     </span>
    </p>

    <p class='ocr_par' dir='ltr' id='par_1_28' title="bbox 1013 2633 1864 2738">
     <span class='ocr_line' id='line_1_113' title="bbox 1076 2633 1864 2661; baseline 0.006 -6"><span class='ocrx_word' id='word_1_873' title='bbox 1076 2633 1085 2647; x_wconf 90' lang='lat'><strong>⁷</strong></span> <span class='ocrx_word' id='word_1_874' title='bbox 1104 2633 1159 2655; x_wconf 85' lang='lat' dir='ltr'>Edd.</span> <span class='ocrx_word' id='word_1_875' title='bbox 1182 2633 1198 2660; x_wconf 75' lang='grc'>1,</span> <span class='ocrx_word' id='word_1_876' title='bbox 1218 2633 1238 2661; x_wconf 64' lang='lat'>5,</span> <span class='ocrx_word' id='word_1_877' title='bbox 1257 2634 1269 2655; x_wconf 74' lang='lat'>8</span> <span class='ocrx_word' id='word_1_878' title='bbox 1288 2633 1397 2656; x_wconf 83' lang='lat' dir='ltr'>adiiciunt</span> <span class='ocrx_word' id='word_1_879' title='bbox 1413 2633 1559 2657; x_wconf 68' lang='lat' dir='ltr'>velacttbns.</span> <span class='ocrx_word' id='word_1_880' title='bbox 1573 2635 1628 2657; x_wconf 74' lang='lat' dir='ltr'>(lod.</span> <span class='ocrx_word' id='word_1_881' title='bbox 1642 2636 1685 2658; x_wconf 80' lang='lat' dir='ltr'>Ers.</span> <span class='ocrx_word' id='word_1_882' title='bbox 1699 2637 1809 2660; x_wconf 80' lang='lat' dir='ltr'>advertit:</span> <span class='ocrx_word' id='word_1_883' title='bbox 1823 2639 1864 2660; x_wconf 73' lang='lat' dir='ltr'>:xlii</span> 
     </span>
     <span class='ocr_line' id='line_1_114' title="bbox 1013 2671 1864 2706; baseline 0.007 -13"><span class='ocrx_word' id='word_1_884' title='bbox 1013 2672 1108 2694; x_wconf 83' lang='lat' dir='ltr'>habent:</span> <span class='ocrx_word' id='word_1_885' title='bbox 1126 2678 1157 2695; x_wconf 66' lang='lat' dir='ltr'>eft:</span> <span class='ocrx_word' id='word_1_886' title='bbox 1174 2671 1265 2695; x_wconf 66' lang='lat' dir='ltr'>(ictibus</span> <span class='ocrx_word' id='word_1_887' title='bbox 1282 2672 1360 2702; x_wconf 72' lang='lat' dir='ltr'>itaque</span> <span class='ocrx_word' id='word_1_888' title='bbox 1377 2674 1398 2695; x_wconf 77' lang='lat' dir='ltr'>el</span> <span class='ocrx_word' id='word_1_889' title='bbox 1415 2673 1562 2702; x_wconf 71' lang='lat' dir='ltr'>muneribus,</span> <span class='ocrx_word' id='word_1_890' title='bbox 1583 2677 1607 2697; x_wconf 88' lang='grc' dir='ltr'>ιιι</span> <span class='ocrx_word' id='word_1_891' title='bbox 1619 2676 1687 2698; x_wconf 74' lang='lat' dir='ltr'>actus</span> <span class='ocrx_word' id='word_1_892' title='bbox 1704 2680 1809 2699; x_wconf 81' lang='lat' dir='ltr'>sumatur</span> <span class='ocrx_word' id='word_1_893' title='bbox 1821 2684 1864 2706; x_wconf 86' lang='lat' dir='ltr'>pro</span> 
     </span>
     <span class='ocr_line' id='line_1_115' title="bbox 1015 2710 1341 2738; baseline 0 -5"><span class='ocrx_word' id='word_1_894' title='bbox 1015 2717 1067 2738; x_wconf 51' lang='lat' dir='ltr'>llb&#39;lll</span> <span class='ocrx_word' id='word_1_895' title='bbox 1086 2717 1176 2733; x_wconf 71' lang='lat' dir='ltr'>munus</span> <span class='ocrx_word' id='word_1_896' title='bbox 1193 2717 1235 2738; x_wconf 81' lang='lat' dir='ltr'>pro</span> <span class='ocrx_word' id='word_1_897' title='bbox 1253 2710 1341 2733; x_wconf 72' lang='lat' dir='ltr'>habitu.</span> 
     </span>
    </p>

    <p class='ocr_par' dir='ltr' id='par_1_29' title="bbox 1013 2750 1864 2895">
     <span class='ocr_line' id='line_1_116' title="bbox 1076 2750 1864 2783; baseline 0.009 -12"><span class='ocrx_word' id='word_1_898' title='bbox 1076 2750 1085 2764; x_wconf 71' lang='grc'>8</span> <span class='ocrx_word' id='word_1_899' title='bbox 1103 2751 1171 2778; x_wconf 81' lang='lat' dir='ltr'>Epist.</span> <span class='ocrx_word' id='word_1_900' title='bbox 1199 2750 1248 2772; x_wconf 69' lang='lat' dir='ltr'>tat..</span> <span class='ocrx_word' id='word_1_901' title='bbox 1274 2757 1292 2772; x_wconf 88' lang='lat' dir='ltr'>c.</span> <span class='ocrx_word' id='word_1_902' title='bbox 1319 2750 1340 2772; x_wconf 94' lang='lat'>5.</span> <span class='ocrx_word' id='word_1_903' title='bbox 1367 2757 1388 2773; x_wconf 80' lang='lat' dir='ltr'>n.</span> <span class='ocrx_word' id='word_1_904' title='bbox 1418 2752 1455 2779; x_wconf 76' lang='grc'>19;</span> <span class='ocrx_word' id='word_1_905' title='bbox 1475 2752 1496 2773; x_wconf 87' lang='lat' dir='ltr'>in</span> <span class='ocrx_word' id='word_1_906' title='bbox 1520 2752 1578 2774; x_wconf 82' lang='lat' dir='ltr'>ioan.</span> <span class='ocrx_word' id='word_1_907' title='bbox 1601 2756 1663 2776; x_wconf 88' lang='lat' dir='ltr'>tract.</span> <span class='ocrx_word' id='word_1_908' title='bbox 1682 2754 1702 2776; x_wconf 85' lang='lat'>3.</span> <span class='ocrx_word' id='word_1_909' title='bbox 1721 2760 1742 2776; x_wconf 88' lang='lat' dir='ltr'>n.</span> <span class='ocrx_word' id='word_1_910' title='bbox 1769 2755 1808 2783; x_wconf 65' lang='lat'>¹03</span> <span class='ocrx_word' id='word_1_911' title='bbox 1835 2755 1864 2778; x_wconf 82' lang='grc'>(16</span> 
     </span>
     <span class='ocr_line' id='line_1_117' title="bbox 1013 2789 1862 2817; baseline 0.007 -6"><span class='ocrx_word' id='word_1_912' title='bbox 1013 2789 1115 2817; x_wconf 81' lang='lat' dir='ltr'>Corrept.</span> <span class='ocrx_word' id='word_1_913' title='bbox 1134 2794 1155 2812; x_wconf 78' lang='lat' dir='ltr'>et</span> <span class='ocrx_word' id='word_1_914' title='bbox 1173 2791 1252 2817; x_wconf 71' lang='lat' dir='ltr'>gratia,</span> <span class='ocrx_word' id='word_1_915' title='bbox 1266 2796 1284 2812; x_wconf 56' lang='lat' dir='ltr'>c.</span> <span class='ocrx_word' id='word_1_916' title='bbox 1302 2790 1334 2812; x_wconf 89' lang='grc'>13.</span> <span class='ocrx_word' id='word_1_917' title='bbox 1348 2796 1369 2812; x_wconf 85' lang='lat' dir='ltr'>n.</span> <span class='ocrx_word' id='word_1_918' title='bbox 1389 2790 1424 2812; x_wconf 71' lang='lat' dir='ltr'>tt.</span> <span class='ocrx_word' id='word_1_919' title='bbox 1443 2791 1481 2813; x_wconf 82' lang='lat' dir='ltr'>Est</span> <span class='ocrx_word' id='word_1_920' title='bbox 1497 2792 1565 2814; x_wconf 80' lang='lat' dir='ltr'>ctiam</span> <span class='ocrx_word' id='word_1_921' title='bbox 1584 2793 1604 2814; x_wconf 91' lang='lat' dir='ltr'>in</span> <span class='ocrx_word' id='word_1_922' title='bbox 1624 2793 1701 2816; x_wconf 75' lang='lat' dir='ltr'>Glossa</span> <span class='ocrx_word' id='word_1_923' title='bbox 1715 2793 1744 2816; x_wconf 82' lang='lat' dir='ltr'>ad</span> <span class='ocrx_word' id='word_1_924' title='bbox 1757 2794 1822 2816; x_wconf 82' lang='lat' dir='ltr'>Rom.</span> <span class='ocrx_word' id='word_1_925' title='bbox 1842 2795 1862 2817; x_wconf 90' lang='grc'>6.</span> 
     </span>
     <span class='ocr_line' id='line_1_118' title="bbox 1013 2829 1862 2857; baseline 0.007 -8"><span class='ocrx_word' id='word_1_926' title='bbox 1013 2829 1049 2850; x_wconf 76' lang='lat'>23.</span> <span class='ocrx_word' id='word_1_927' title='bbox 1062 2840 1093 2844; x_wconf 89' lang='lat'><em>-</em></span> <span class='ocrx_word' id='word_1_928' title='bbox 1105 2829 1127 2850; x_wconf 84' lang='lat' dir='ltr'>ln</span> <span class='ocrx_word' id='word_1_929' title='bbox 1140 2829 1252 2856; x_wconf 79' lang='lat' dir='ltr'>principio</span> <span class='ocrx_word' id='word_1_930' title='bbox 1265 2829 1333 2851; x_wconf 77' lang='lat' dir='ltr'>liuius</span> <span class='ocrx_word' id='word_1_931' title='bbox 1345 2831 1419 2851; x_wconf 80' lang='lat' dir='ltr'>textus</span> <span class='ocrx_word' id='word_1_932' title='bbox 1430 2832 1482 2857; x_wconf 83' lang='lat' dir='ltr'>post</span> <span class='ocrx_word' id='word_1_933' title='bbox 1495 2830 1554 2853; x_wconf 81' lang='lat' dir='ltr'>Cum</span> <span class='ocrx_word' id='word_1_934' title='bbox 1572 2832 1671 2854; x_wconf 75' lang='lat' dir='ltr'>coronat</span> <span class='ocrx_word' id='word_1_935' title='bbox 1689 2832 1757 2855; x_wconf 87' lang='lat' dir='ltr'>codd.</span> <span class='ocrx_word' id='word_1_936' title='bbox 1770 2836 1791 2855; x_wconf 83' lang='lat' dir='ltr'>et</span> <span class='ocrx_word' id='word_1_937' title='bbox 1809 2833 1862 2856; x_wconf 88' lang='lat' dir='ltr'>cdd.</span> 
     </span>
     <span class='ocr_line' id='line_1_119' title="bbox 1017 2867 1275 2895; baseline 0.004 -6"><span class='ocrx_word' id='word_1_938' title='bbox 1017 2868 1034 2895; x_wconf 84' lang='lat' dir='ltr'>l,</span> <span class='ocrx_word' id='word_1_939' title='bbox 1052 2868 1064 2888; x_wconf 73' lang='lat'>8</span> <span class='ocrx_word' id='word_1_940' title='bbox 1083 2868 1189 2889; x_wconf 87' lang='lat' dir='ltr'>omittunt</span> <span class='ocrx_word' id='word_1_941' title='bbox 1205 2867 1275 2890; x_wconf 73' lang='lat' dir='ltr'>Deus.</span> 
     </span>
    </p>

    <p class='ocr_par' dir='ltr' id='par_1_30' title="bbox 1012 2906 1863 2976">
     <span class='ocr_line' id='line_1_120' title="bbox 1075 2906 1863 2941; baseline 0.009 -13"><span class='ocrx_word' id='word_1_942' title='bbox 1075 2906 1084 2921; x_wconf 75' lang='lat'>⁹</span> <span class='ocrx_word' id='word_1_943' title='bbox 1102 2907 1141 2928; x_wconf 89' lang='lat' dir='ltr'>llic</span> <span class='ocrx_word' id='word_1_944' title='bbox 1159 2913 1178 2929; x_wconf 82' lang='grc' dir='ltr'>ρ.</span> <span class='ocrx_word' id='word_1_945' title='bbox 1192 2907 1212 2929; x_wconf 78' lang='lat'>5.</span> <span class='ocrx_word' id='word_1_946' title='bbox 1226 2908 1390 2935; x_wconf 67' lang='lat' dir='ltr'>seqq—Mox</span> <span class='ocrx_word' id='word_1_947' title='bbox 1404 2909 1452 2930; x_wconf 79' lang='lat' dir='ltr'>Vat.</span> <span class='ocrx_word' id='word_1_948' title='bbox 1471 2915 1513 2936; x_wconf 85' lang='lat' dir='ltr'>pro</span> <span class='ocrx_word' id='word_1_949' title='bbox 1531 2910 1552 2932; x_wconf 78' lang='lat' dir='ltr'>et</span> <span class='ocrx_word' id='word_1_950' title='bbox 1568 2909 1644 2933; x_wconf 69' lang='lat' dir='ltr'>virtus</span> <span class='ocrx_word' id='word_1_951' title='bbox 1662 2910 1731 2934; x_wconf 81' lang='lat' dir='ltr'>babet</span> <span class='ocrx_word' id='word_1_952' title='bbox 1748 2911 1863 2941; x_wconf 66' lang='grc' dir='ltr'>ᾳίιῐατίν-</span> 
     </span>
     <span class='ocr_line' id='line_1_121' title="bbox 1012 2945 1520 2976; baseline 0.006 -9"><span class='ocrx_word' id='word_1_953' title='bbox 1012 2946 1057 2973; x_wconf 72' lang='lat' dir='ltr'>tus,</span> <span class='ocrx_word' id='word_1_954' title='bbox 1078 2945 1247 2973; x_wconf 73' lang='lat' dir='ltr'>refragantibus</span> <span class='ocrx_word' id='word_1_955' title='bbox 1265 2946 1332 2968; x_wconf 79' lang='lat' dir='ltr'>codd.</span> <span class='ocrx_word' id='word_1_956' title='bbox 1350 2949 1372 2969; x_wconf 83' lang='lat' dir='ltr'>ct</span> <span class='ocrx_word' id='word_1_957' title='bbox 1388 2947 1440 2970; x_wconf 80' lang='lat' dir='ltr'>edd.</span> <span class='ocrx_word' id='word_1_958' title='bbox 1463 2949 1479 2976; x_wconf 81' lang='lat' dir='ltr'>l⁷</span> <span class='ocrx_word' id='word_1_959' title='bbox 1499 2949 1520 2970; x_wconf 77' lang='lat'>8.</span> 
     </span>
    </p>

    <p class='ocr_par' dir='ltr' id='par_1_31' title="bbox 1076 2983 1270 3007">
     <span class='ocr_line' id='line_1_122' title="bbox 1076 2983 1270 3007; baseline 0.005 -1"><span class='ocrx_word' id='word_1_960' title='bbox 1076 2984 1094 2999; x_wconf 86' lang='lat'>10</span> <span class='ocrx_word' id='word_1_961' title='bbox 1111 2983 1155 3007; x_wconf 84' lang='lat' dir='ltr'>Hic</span> <span class='ocrx_word' id='word_1_962' title='bbox 1173 2991 1191 3007; x_wconf 73' lang='lat' dir='ltr'>c.</span> <span class='ocrx_word' id='word_1_963' title='bbox 1210 2986 1230 3007; x_wconf 86' lang='grc'>3.</span> <span class='ocrx_word' id='word_1_964' title='bbox 1250 2985 1270 3007; x_wconf 66' lang='grc' dir='ltr'>Δ1..</span> 
     </span>
    </p>
   </div>
   <div class='ocr_carea' id='block_1_23' title="bbox 1884 2074 2013 2143">
    <p class='ocr_par' dir='ltr' id='par_1_32' title="bbox 1884 2074 2013 2143">
     <span class='ocr_line' id='line_1_123' title="bbox 1903 2074 2012 2097; baseline 0.009 -6"><span class='ocrx_word' id='word_1_965' title='bbox 1903 2074 2012 2097; x_wconf 70' lang='lat' dir='ltr'>Explicatur</span> 
     </span>
     <span class='ocr_line' id='line_1_124' title="bbox 1884 2097 2013 2124; baseline 0 -9"><span class='ocrx_word' id='word_1_966' title='bbox 1884 2097 1961 2124; x_wconf 75' lang='lat' dir='ltr'>verbum</span> <span class='ocrx_word' id='word_1_967' title='bbox 1976 2098 2013 2115; x_wconf 52' lang='grc' dir='ltr'>ΑιιἼ</span> 
     </span>
     <span class='ocr_line' id='line_1_125' title="bbox 1885 2123 1960 2143; baseline 0 -5"><span class='ocrx_word' id='word_1_968' title='bbox 1885 2123 1960 2143; x_wconf 69' lang='lat' dir='ltr'>gusttni.</span> 
     </span>
    </p>
   </div>
  </div>
 </body>
</html>
