2243 3425
0 1441 98 1460 idamenta.

0 2332 8 2351 1
19 2338 91 2357 oppam-

12 2358 56 2375 tum.

688 179 771 207 DIS'l'.
793 179 821 206 ll.
845 179 870 206 P.
894 179 911 206 1.
933 179 1005 206 ART.
1028 178 1056 206 ll.
1079 179 1214 215 QUAEST.
1237 178 1276 206 111.

1823 181 1858 207 67

854 319 1115 355 SOHOLION.

171 435 184 457 l.
203 435 254 457 Orto
273 438 306 457 est
324 436 379 457 haec
397 435 500 463 quaestio
518 441 544 457 ex
562 433 748 461 difficultatibus,
767 439 827 461 quae
850 433 871 454 in
889 439 954 460 argg.

106 480 148 502 pro
166 477 230 502 parte
247 474 383 496 affirmativa
401 476 564 501 recensentur,
582 473 629 495 scil.
648 472 711 501 quod
728 476 780 494 ante
806 475 894 494 motuni
921 471 955 493 fir-

106 514 215 535 mamenti
233 516 255 535 et
271 516 324 541 post
340 512 451 535 iudicium
477 518 521 534 non
544 513 571 534 sit
596 514 704 539 tempuS.
730 514 749 533 et
776 513 852 533 tamen
879 511 954 539 aliqua

106 552 196 574 duratio
213 553 357 578 successiva3
375 558 435 581 quae
452 553 519 574 etiam
532 552 554 573 in
572 551 664 579 Angelis
675 554 709 573 est
721 551 799 579 quoad
811 550 953 580 affectiones,

106 592 158 614 licet
174 592 217 619 ipsi
235 591 313 620 quoad
329 591 481 613 substantiam
499 591 544 613 sint.
561 597 631 618 supra
649 593 791 618 1611111115-
802 590 890 611 Solutio
902 596 955 617 sup-

106 632 171 659 ponit
188 631 356 653 distinctionem
374 631 396 652 in
414 629 520 658 praeced.
538 632 626 658 quaest.
645 629 727 651 factam
745 630 805 651 circa
824 632 917 656 tempus
932 629 954 650 in

107 671 127 692 3.
146 673 167 692 et
184 671 206 692 111
224 669 244 691 4.
263 675 332 692 sensu
350 672 478 697 acceptum.
492 669 513 690 Si
526 672 618 696 tempus
635 668 734 690 sumitur
746 668 767 689 in
780 673 849 690 sensu
862 667 954 691 ultimo.

106 711 136 731 ita
154 712 178 732 ut
195 710 303 736 importet
320 714 452 730 mensuram
471 707 605 737 reqzdatam
632 713 647 730 a
672 708 737 729 molit
752 705 827 735 primi
842 705 952 732 mobilis,

106 752 172 776 tunc⁷
191 748 311 770 deficiente
329 748 372 769 hoe
389 750 452 769 motu
464 765 469 774 ,
487 746 581 768 actualis
598 746 694 768 variatio
711 749 733 768 et
751 746 846 768 mutatio
867 745 955 773 indiget

106 788 148 810 alia
172 793 295 813 mensura,
320 786 439 808 differente
463 788 485 807 et
501 785 530 807 ab
548 791 606 807 aevo
631 788 653 807 et
678 791 689 807 a
716 787 820 813 tempore
846 785 868 806 in
894 784 954 806 dicto

106 833 174 849 sensu
193 828 269 848 sumto
280 843 285 853 ‚
303 831 363 854 quae
380 826 445 853 quasi
471 824 575 847 medium
593 824 679 846 obtinet
697 824 754 846 inter
771 826 904 852 utrumque.
922 823 954 845 De

105 866 147 887 hae
164 865 327 887 nonnullorum
349 864 472 891 sententia,
499 863 633 885 confirmata
656 863 791 885 auctoritate
811 862 953 889 llaymonis,

106 905 171 932 plura
184 903 238 926 (licit
255 904 317 925 Alex.
334 903 382 925 Hal.
401 902 438 931 (S.
457 909 478 930 p.
498 902 511 924 l.
530 908 551 931 q.
574 902 607 924 12.
626 908 656 924 m.
675 903 695 924 9.
714 908 733 923 a.
753 901 773 923 4.
792 902 869 930 ³222),
883 907 953 929 quem

106 947 234 973 sequuntur
252 944 274 965 S.
292 943 393 970 Bonav.y
414 942 470 964 Detr.
494 948 506 963 a
524 942 577 964 Tar.
595 944 617 963 et
634 941 740 964 Riehard.
759 948 770 963 a
789 941 846 963 Med.
864 954 894 957 —
913 941 953 962 :xlii

106 984 154 1005 sine
179 984 219 1005 ista
247 983 389 1005 distinctione
415 982 550 1009 simpliciter
566 984 666 1009 negant⁷
690 987 740 1003 esse
765 980 866 1003 mediam
892 980 953 1002 illam

105 1027 246 1044 mensuram.

1078 433 1099 454 ll.
1113 433 1222 460 §pec-ralis
1234 433 1356 455 difficultas
1368 436 1401 455 est
1414 433 1443 455 de
1455 439 1562 455 mensura
1575 433 1720 455 :illectionum
1734 435 1755 454 et
1766 435 1859 455 actuum

1013 471 1198 493 intellectualium
1224 472 1245 493 in
1270 472 1368 499 Angelis.
1387 472 1408 493 S.
1428 472 1527 499 'l'hom.‚
1546 472 1567 493 S.
1587 472 1600 493 l.
1618 478 1640 500 (1.
1663 472 1695 493 10.
1714 478 1733 494 a.
1752 471 1773 494 5.
1791 471 1819 493 ad
1842 472 1859 493 l.

1012 516 1038 532 cx
1056 514 1132 532 mente
1150 510 1304 538 plurimorum
1323 510 1391 538 dicit,
1410 511 1470 539 quod
1492 511 1591 538 «angeli
1617 514 1729 539 quantum
1755 510 1783 533 ad
1809 511 1860 533 affe-

1012 550 1098 571 ctiones
1115 552 1137 571 et
1154 550 1328 577 intelligentias,
1346 550 1367 571 in
1386 549 1472 578 quibus
1490 553 1523 571 est
1540 551 1671 577 successio,
1698 552 1861 572 mensurantur

1012 589 1138 617 tempore...
1156 592 1269 617 quantum
1287 595 1343 610 vero
1361 588 1390 611 ad
1407 595 1489 611 eorum
1506 595 1555 611 esse
1573 589 1675 611 naturale
1698 592 1861 611 mensurantur

1011 633 1085 654 neem·
1104 627 1145 649 sed
1163 630 1275 655 quantum
1292 627 1321 649 ad
1340 626 1451 650 visionem
1467 627 1572 657 qlorriae
1590 628 1727 655 participum
1744 628 1861 650 aeternita-

1011 668 1056 688 tem
1068 674 1088 688 n.
1108 666 1152 688 Sed
1171 666 1238 688 {coto
1257 666 1308 691 (hic
1326 672 1347 694 q.
1366 665 1395 694 4;
1414 667 1506 694 Report.
1520 667 1556 688 hic
1568 673 1590 695 q.
1608 667 1612 687 l
1628 674 1632 694 ς
1646 666 1674 688 de
1687 667 1772 688 Rerum
1786 667 1859 694 princ.

1012 712 1034 734 q.
1053 706 1089 728 21.
1107 712 1126 727 a.
1146 706 1182 734 2.)
1201 711 1245 727 non
1264 706 1338 733 placet
1355 712 1396 727 nec
1414 706 1488 733 prima
1514 712 1556 728 nec
1582 706 1660 728 ultima
1687 707 1782 733 positi03
1810 706 1860 733 ipse

1013 746 1089 765 autem
1102 745 1179 766 nititur
1190 744 1298 772 probare,
1316 750 1396 767 onmes
1413 745 1553 772 Angelorum
1569 745 1721 772 operationes,
1734 750 1793 773 quae
1805 747 1858 766 sunt

1010 782 1143 811 interiores,
1163 784 1230 805 etiam
1250 783 1334 805 liberae
1352 786 1374 805 et
1391 783 1519 810 beatificae,
1538 784 1665 805 mensurari
1683 789 1754 811 (zeno,
1774 786 1796 805 et
1815 786 1861 805 tan-

1011 824 1059 844 tum
1077 823 1227 845 nauseantes
1244 825 1355 850 tempore.

1075 862 1106 884 lll.
1124 862 1215 884 Praeter
1240 862 1360 884 laudatos:
1379 862 1402 884 B.
1415 861 1515 890 Albert.⁷
1534 862 1555 883 S.
1575 868 1596 889 p.
1615 862 1628 883 l.
1648 865 1674 884 tr.
1692 861 1714 883 5.
1733 868 1754 890 q.
1774 862 1810 884 23.
1829 868 1860 884 m.

1012 900 1032 922 4.
1050 908 1070 923 n.
1093 901 1150 922 1.-
1160 901 1217 923 Petr.
1230 907 1242 923 a
1256 901 1321 929 Tar„
1334 901 1370 923 hic
1379 907 1401 929 q.
1413 902 1433 923 2.
1446 907 1466 923 a,
1480 901 1500 922 2.
1520 901 1662 929 quaestione.
1676 901 1696 922 2.
1709 912 1740 917 —
1753 901 1860 923 Richard.

1011 946 1023 962 a
1037 940 1107 968 Med.⁷
1121 941 1157 962 hic
1169 947 1188 962 a.
1202 941 1222 962 ⁴2.
1237 947 1258 969 q.
1277 941 1293 962 l.
1305 952 1337 956 —
1349 940 1423 968 AEgid.
1437 940 1470 968 R„
1489 941 1525 962 hic
1542 946 1561 962 a.
1580 940 1601 962 5.
1620 939 1676 962 dub.
1694 940 1757 962 later.
1774 940 1795 961 in
1809 939 1860 962 sine.

1010 992 1042 996 -
1058 980 1126 1001 Henr.
1144 979 1232 1007 Gand.‚
1251 979 1334 1007 Quosll.
1358 980 1390 1001 12.
1409 986 1430 1008 q.
1449 980 1470 1001 8,
1488 991 1518 995 -
1530 979 1622 1006 Dionys,
1640 978 1715 1000 Carth.
1727 997 1732 1007 ,
1750 979 1786 1001 hic
1804 985 1826 1007 q.
1840 979 1861 1001 2.

869 1108 1033 1146 QUAESTIO
1054 1108 1095 1136 Ill.

446 1196 551 1224 Utrum
571 1195 743 1233 spirituales
764 1199 791 1224 et
811 1194 979 1232 corporales
999 1194 1183 1223 substantiae
1203 1193 1294 1222 simul
1315 1197 1433 1222 creatae
1453 1193 1521 1222 sim.

184 1294 276 1323 Tertio
298 1293 453 1331 quaeritur,
475 1296 572 1321 utrum
595 1293 755 1330 spirituales
781 1292 954 1321 substantiae

105 1345 132 1370 et
153 1341 312 1378 corporales
326 1340 411 1369 simul
427 1341 481 1368 sint
496 1341 614 1368 creatae.
631 1340 661 1368 Et
675 1340 798 1373 videtur,
814 1339 889 1376 quod
905 1339 952 1368 sic.

187 1390 209 1417 1.
232 1388 260 1416 In
282 1388 380 1417 Genesi
393 1388 414 1415 ¹:
438 1387 472 1415 Iu
490 1387 641 1424 principio
663 1386 774 1415 creavit
791 1387 867 1414 Deus
888 1389 953 1420 etc.;

105 1435 212 1464 Glossa:
234 1435 285 1463 «id
307 1438 349 1463 est
363 1434 537 1471 spiritualem
553 1437 580 1463 et
594 1433 768 1470 corporalem
784 1437 953 1461 naturam».

184 1484 210 1511 ⁶2.
232 1482 308 1516 Item,
324 1481 491 1510 duodecimo
505 1481 715 1509 Confessionum
729 1479 754 1508 2;
776 1491 789 1505 «
804 1480 865 1508 Duo
880 1480 955 1508 inve-

104 1530 164 1564 nio,
187 1538 258 1567 quae
279 1529 366 1558 fecisti
395 1529 519 1558 carentia
547 1528 733 1565 temporibus:
756 1535 855 1561 unum,
877 1526 953 1564 quod

103 1581 152 1605 tua
173 1576 398 1605 immutabilitate
420 1575 585 1613 perfruitur,
606 1575 737 1609 alterum,
759 1574 833 1612 quod
856 1574 894 1602 ita
916 1574 954 1602 in-

103 1625 192 1653 forme
214 1626 288 1657 erat,
310 1626 342 1651 ut
363 1630 398 1651 ex
430 1623 521 1651 forma
548 1622 575 1650 in
604 1629 690 1659 quam
716 1621 834 1650 formam
865 1624 954 1649 muta-

104 1674 191 1706 retur,
213 1679 267 1699 non
289 1670 444 1698 haberet».

183 1718 209 1746 3.
232 1718 314 1752 ltem,
335 1717 451 1745 ‘ratione
472 1715 593 1745 videtur.
615 1716 743 1748 Constat.
765 1715 841 1752 quod
857 1715 951 1752 Angeli

103 1774 158 1794 non
179 1768 245 1793 suut
266 1764 351 1793 creati
374 1764 432 1792 sine
455 1763 530 1794 loco.
552 1763 618 1800 quia
640 1766 707 1790 tnnc
727 1770 802 1790 unus
823 1770 877 1790 non
907 1762 953 1789 ha—

105 1813 182 1842 beret
213 1812 341 1841 ordinem
375 1811 411 1840 ad
443 1811 530 1839 alium
561 1810 716 1839 secundum
754 1809 950 1838 existentiam:

103 1859 226 1897 oportuit
246 1867 313 1895 ergo
335 1858 410 1895 quod
431 1857 511 1886 fieret
532 1864 711 1893 empyreum3
733 1859 761 1885 et
782 1856 901 1886 iterum,
924 1855 953 1883 il-

104 1907 158 1935 lius
179 1906 337 1935 concavitas
359 1913 413 1933 non
436 1907 545 1941 poterat
566 1911 626 1932 esse
649 1911 750 1932 vacua:
772 1911 839 1940 ergo
861 1906 911 1931 etc.

182 1954 208 1982 [ι.
231 1953 313 1992 Item,
337 1952 477 1981 distinctio
499 1951 610 1980 dierum
626 1950 780 1979 attenditur
796 1950 952 1978 secundum

103 2001 308 2029 distinctionem
326 2007 421 2028 rerum
435 1999 458 2031 ³.
474 2006 540 2035 ergo
556 1998 703 2035 productio
718 2005 754 2026 ex
770 1997 857 2025 nihilo
876 2005 953 2033 prae-

103 2048 176 2077 eedit
197 2055 307 2076 omnem
331 2047 418 2075 diem:
441 2053 508 2083 ergo
534 2053 599 2074 cum
626 2045 742 2073 materia
770 2052 867 2073 rerum
896 2052 954 2073 cor-

103 2095 241 2132 poralium
269 2094 304 2122 sit
332 2102 369 2122 ex
397 2093 484 2121 nihilo
513 2092 665 2129 producta,
698 2091 769 2120 sicut
794 2094 821 2120 et
852 2094 954 2119 natura

103 2141 243 2178 angelica,
275 2140 515 2178 quemadmodum
540 2142 641 2167 natura
670 2138 795 2175 angelica
823 2141 864 2167 est
890 2142 953 2166 ante

104 2192 234 2226 tempus.
257 2188 385 2217 similiter
408 2187 528 2221 videtur5
549 2186 624 2224 quod
647 2186 778 2215 materia:
802 2189 828 2214 et
850 2186 871 2214 si
892 2186 953 2220 hoc,

104 2244 171 2272 ergo
192 2236 219 2264 in
242 2235 378 2272 principio
400 2234 571 2263 durationis:
595 2242 661 2270 ergo
682 2233 775 2262 simul.

182 2282 310 2310 Cou'rnaz
329 2282 353 2309 1.
370 2280 551 2309 Ecclesiastiei
567 2279 659 2317 primo
670 2280 696 2307 ⁴:
714 2279 806 2307 Prior
821 2279 954 2306 anutium

104 2333 206 2358 ereata
227 2333 268 2356 est
287 2328 435 2365 sapientia
447 2339 457 2361 ;
477 2330 597 2361 constat,
619 2327 692 2364 quod
717 2326 843 2364 loquitur
865 2326 899 2354 de
914 2334 954 2354 sa-

104 2376 207 2413 pientia
229 2384 282 2403 11011
305 2375 415 2409 divina,
431 2375 479 2404 sed
495 2382 567 2411 quae
582 2378 623 2403 est
645 2377 753 2405 creata;
776 2373 844 2401 haee
859 2375 953 2400 autem

1011 1295 1053 1320 est
1080 1292 1213 1329 Angelus,
1245 1294 1277 1320 ut
1308 1291 1375 1320 dicit
1397 1291 1500 1320 Glossa.
1533 1292 1566 1320 Si
1597 1295 1628 1320 tu
1655 1291 1752 1325 dieas,
1785 1291 1859 1329 quod

1011 1339 1091 1375 prius
1111 1342 1153 1367 est
1175 1338 1324 1375 dignitate3
1345 1338 1483 1366 obiicitur
1505 1338 1540 1367 de
1562 1338 1665 1366 Hilario
1693 1338 1860 1367 duodecimo

1012 1386 1046 1414 de
1078 1386 1250 1414 Trinstate³÷
1272 1385 1379 1422 «Quid
1412 1393 1559 1422 magnum,
1591 1388 1623 1414 ut
1654 1389 1717 1415 ante
1748 1393 1860 1414 omnem

1012 1437 1171 1462 creaturam
1193 1433 1268 1462 Deus
1289 1433 1438 1461 Dominum
1462 1436 1589 1461 nostrum
1612 1433 1703 1461 lesum
1718 1432 1860 1461 Christum

1011 1480 1151 1516 genuerit,
1174 1488 1238 1508 cum
1260 1483 1288 1508 et
1309 1480 1476 1516 Angelorum
1499 1480 1577 1516 origo
1604 1482 1694 1508 terrae
1722 1479 1861 1508 creatione

1011 1527 1170 1563 reperiatur
1192 1526 1333 1563 antiquior
1346 1537 1372 1553 ».

1090 1575 1115 1601 ἰ).
1138 1573 1221 1607 Item,
1244 1573 1297 1601 hoc
1318 1572 1431 1601 videtur
1454 1573 1573 1607 ratione,
1594 1581 1677 1609 quam
1702 1572 1766 1601 facit
1781 1573 1861 1601 lsido-

1010 1619 1094 1649 rus⁴²z
1116 1620 1167 1648 «ln
1198 1627 1294 1648 rerum
1317 1619 1474 1648 conditione
1501 1619 1637 1656 primaria
1664 1619 1794 1648 conditus
1819 1622 1862 1648 est

1011 1667 1089 1696 locus
1110 1674 1265 1704 poenarum
1276 1678 1304 1702 »ς
1326 1667 1375 1695 sed
1391 1666 1465 1696 Deus
1481 1675 1535 1695 non
1549 1667 1728 1704 praeparavit
1743 1675 1861 1704 poenam

1010 1714 1163 1743 innocenti:
1187 1722 1254 1751 ergo
1276 1714 1407 1743 diabolus
1428 1714 1553 1751 peccavit
1568 1717 1632 1743 ante
1647 1714 1860 1751 productionem

1011 1769 1116 1790 rerum.

1091 1808 1117 1836 3
1139 1808 1222 1843 Item.
1244 1808 1369 1842 videtur,
1395 1808 1469 1845 quod
1493 1816 1547 1836 nou
1576 1808 1660 1836 simul
1686 1808 1861 1844 potuerint⁷‚

1011 1856 1076 1893 quia
1098 1855 1175 1883 nulla
1196 1855 1287 1883 virtus
1309 1855 1398 1883 maior
1419 1858 1460 1883 est
1482 1855 1589 1883 infinita
1597 1866 1604 1889 3
1627 1855 1675 1883 sed
1696 1855 1731 1883 ad
1760 1855 1862 1892 produ-

1011 1903 1130 1931 ctionem
1152 1902 1237 1930 unius
1259 1905 1406 1930 creaturae
1428 1910 1541 1931 necesse
1561 1904 1603 1930 est
1624 1902 1758 1930 virtutem
1775 1901 1862 1930 infini-

1012 1953 1066 1978 tam
1096 1949 1214 1986 exponi:
1242 1956 1309 1985 ergo
1335 1949 1356 1977 si
1383 1949 1418 1978 ad
1446 1949 1520 1977 hunc
1549 1949 1679 1977 effectum
1706 1949 1861 1986 requiritur

1010 1997 1100 2025 virtus
1122 1996 1244 2030 infinita,
1273 1999 1300 2025 et
1328 1996 1435 2024 infinito
1467 1995 1536 2024 nihil
1568 1995 1633 2032 plus
1664 1999 1766 2033 potest„
1795 2004 1862 2033 ergo

1012 2044 1102 2072 virtus
1124 2043 1171 2071 illa
1193 2051 1247 2071 non
1270 2047 1360 2080 potest
1387 2051 1436 2080 pro
1459 2047 1583 2080 tempore
1612 2042 1659 2070 illo
1688 2042 1773 2071 alium
1800 2043 1863 2071 effe-

1011 2094 1087 2120 ctum
1109 2085 1283 2128 producere(

1091 2137 1116 2165 [ι.
1140 2137 1219 2171 Item,
1242 2137 1363 2173 simplex
1385 2136 1420 2165 ad
1442 2136 1517 2173 quod
1543 2144 1572 2164 se
1598 2136 1747 2170 convertit,
1776 2136 1863 2164 totali-

1011 2187 1053 2213 ter
1076 2192 1105 2213 se
1127 2184 1298 2213 convertit⁸:
1315 2192 1381 2220 ergo
1397 2184 1418 2213 si
1435 2184 1530 2213 divina
1551 2183 1642 2212 virtus
1663 2186 1705 2211 est
1719 2182 1863 2219 simplicis-

1012 2232 1096 2265 sima,
1119 2240 1183 2260 cum
1206 2240 1235 2261 se
1257 2232 1394 2260 convertit
1415 2231 1450 2259 ad
1476 2231 1598 2268 aliquem
1615 2230 1744 2259 effectum
1760 2229 1862 2267 produ-

1011 2279 1145 2311 cendum,
1162 2278 1334 2315 impossibile
1350 2281 1406 2313 est.
1422 2278 1497 2315 quod
1513 2277 1548 2306 ad
1564 2277 1642 2305 aliud
1660 2285 1688 2305 se
1703 2279 1861 2310 convertat,

1011 2328 1038 2353 et
1060 2325 1097 2353 ita
1118 2326 1193 2362 quod
1224 2325 1301 2353 aliud
1323 2325 1475 2362 producat:
1508 2332 1575 2361 ergo
1598 2323 1769 2360 impossibile
1801 2327 1861 2357 est,

1012 2372 1087 2409 quod
1109 2372 1193 2401 simul
1215 2372 1298 2409 plura
1320 2372 1465 2408 producat.

168 2509 174 2523 ¹
193 2508 248 2536 (Tap.
271 2510 275 2530 l
291 2527 295 2536 ,
318 2509 335 2530 1.
352 2521 383 2525 -
399 2509 492 2535 Glossa,
510 2514 570 2536 quae
592 2513 645 2530 mox
669 2507 793 2535 allegatur,
819 2510 852 2529 est
870 2507 955 2528 interli—

105 2550 179 2571 nearis
196 2549 259 2576 apud
277 2549 401 2575 Lyranum.

166 2588 175 2601 2
193 2587 247 2615 Cap.
269 2588 302 2609 l·?..
321 2593 342 2609 n.
365 2587 398 2609 15.
416 2586 474 2608 Vide
496 2592 566 2614 supra
593 2592 646 2613 pag.
673 2586 718 2613 60,
737 2588 788 2608 nota
819 2586 835 2607 1.
863 2585 884 2607 111
911 2585 954 2606 hoe

104 2626 177 2648 vei-ho
195 2626 264 2655 aliqui
282 2626 349 2648 codd.
368 2629 392 2648 ut
409 2625 453 2647 ΡΙ(
472 2631 525 2647 cum
538 2627 597 2646 textu
610 2625 715 2652 originali
730 2625 754 2647 nt
765 2631 796 2647 ea?
807 2630 856 2654 qua
874 2623 953 2652 formu

104 2672 147 2694 pro
166 2667 191 2688 ul
207 2672 238 2688 (nc
254 2665 341 2694 forma.

167 2704 177 2719 3
196 2705 244 2727 Vnt.
263 2705 367 2732 adiungit
385 2702 556 2732 corporalium.

168 2743 176 2758 ⁴
195 2744 259 2766 Vers.
280 2743 299 2765 t.
317 2755 348 2759 —
365 2743 444 2765 Glossa
462 2743 531 2770 paulo
557 2742 651 2764 inferius
676 2743 741 2764 citata
768 2745 843 2763 sumta
869 2743 902 2762 est
927 2747 953 2762 ex

105 2783 196 2810 lsidoin,
215 2783 228 2804 1.
247 2783 416 2804 Sententiarum
434 2788 474 2804 seu
492 2781 521 2803 de
534 2782 630 2803 Summo
643 2781 715 2809 bono,
729 2787 747 2803 c.
765 2781 797 2802 10.
817 2786 837 2802 n.
857 2780 877 2801 3.
891 2780 953 2801 ldein

105 2822 172 2844 docet
185 2822 293 2849 August..
311 2821 340 2843 de
352 2822 407 2842 Gen.
425 2820 455 2842 ad
472 2821 502 2842 lit.
521 2819 588 2844 (liber
605 2820 705 2847 imperf.)
724 2825 742 2841 c.
761 2819 782 2840 5.
801 2825 821 2840 n.
840 2819 864 2840 9-1
880 2825 884 2845 3
898 2818 910 2839 1.
925 2818 953 2840 de

105 2862 160 2882 tien.
174 2861 202 2882 ad
221 2861 250 2882 lit.
270 2867 289 2882 c.
308 2861 328 2882 9.
347 2866 368 2881 n.
392 2859 431 2887 173
451 2859 488 2881 Xl.
501 2859 529 2881 de
547 2858 596 2881 Civ.
614 2858 670 2885 Dei,
688 2864 707 2880 c.
721 2859 741 2880 9.
755 2862 776 2880 et
789 2857 953 2880 33.—l¹lures

106 2899 172 2921 codd.
191 2898 231 2921 secl
248 2905 308 2928 quae
325 2899 360 2920 est
376 2899 487 2921 creatura
506 2904 547 2925 pro
564 2896 605 2920 sed
622 2903 683 2926 quoe
699 2897 733 2919 est
750 2897 837 2919 creata.

168 2937 177 2952 ⁵
203 2938 269 2959 Num.
294 2937 335 2959 37:
362 2936 422 2965 Quid
448 2937 508 2958 enim
535 2942 646 2964 magnum
672 2938 716 2963 est,
742 2939 767 2957 ut
791 2938 842 2956 ante
868 2938 952 2957 terram

106 2977 166 2999 Deus
183 2981 225 3000 etc.

1075 2506 1085 2519 ⁶
1102 2505 1161 2527 Libr.
1180 2505 1208 2527 de
1226 2504 1310 2527 Ordine
1328 2508 1497 2530 ereaturarum,
1516 2509 1535 2525 c.
1554 2504 1575 2525 8.
1594 2509 1615 2524 n.
1634 2503 1663 2524 7:
1687 2503 1730 2530 Qui
1757 2503 1814 2525 xix-it
1839 2504 1860 2524 in

1012 2547 1142 2571 aeternumy
1160 2544 1247 2565 creavit
1264 2543 1339 2565 omnia
1358 2543 1426 2564 simul
1444 2542 1520 2570 (Eccli.
1544 2542 1581 2569 18,
1604 2542 1639 2569 l.).
1654 2542 1675 2563 ln
1688 2541 1774 2570 quibus
1788 2542 1862 2563 omni-

1012 2584 1056 2606 bus
1073 2585 1140 2605 etiam
1159 2583 1275 2605 infernalis
1292 2583 1328 2604 ille
1345 2583 1405 2610 ignis
1422 2584 1540 2609 aeternusy
1560 2581 1587 2603 de
1606 2587 1652 2610 quo
1670 2581 1782 2603 Dominus
1795 2581 1861 2603 dicit:

1012 2623 1041 2644 lte
1059 2623 1080 2644 in
1099 2623 1176 2649 ignem
1194 2625 1328 2649 aeternum,
1347 2626 1416 2649 quem
1434 2621 1581 2647 praeparavit
1598 2620 1663 2641 Pater
1680 2625 1746 2641 meus
1769 2619 1861 2641 diabolo

1012 2665 1033 2683 et
1050 2662 1138 2689 ungens
1154 2662 1204 2682 eius
1226 2661 1311 2683 (Matth.
1333 2660 1374 2687 25,
1402 2659 1456 2687 ih),
1482 2660 1549 2681 simul
1576 2660 1648 2681 sactus
1672 2659 1741 2680 fuisse
1767 2659 1861 2680 minime

1013 2700 1153 2723 dubiwtur...
1171 2699 1211 2722 Cui
1230 2705 1286 2727 ergo
1304 2705 1382 2721 carcer
1399 2700 1420 2720 111
1433 2699 1468 2721 illa
1482 2701 1638 2721 creaturarum
1653 2698 1783 2720 conditione.
1795 2704 1862 2725 prae-

1013 2743 1106 2767 paratus
1122 2742 1156 2761 cst
1172 2742 1214 2761 etc.
1231 2750 1263 2754 —
1280 2738 1341 2760 ldcm
1360 2737 1457 2760 habetur
1483 2738 1497 2759 l.
1519 2737 1547 2759 de
1565 2737 1659 2759 Mirabil.
1686 2738 1767 2764 Script.
1794 2742 1813 2758 (¹.
1840 2737 1861 2758 ⁴2.

1013 2780 1080 2803 (inter
1097 2785 1166 2806 opera
1186 2778 1301 2806 August).

1074 2817 1083 2831 7
1101 2816 1220 2839 Suhaudi:
1238 2816 1343 2844 produci.
1361 2828 1392 2831 —
1409 2815 1465 2837 Cod.
1488 2821 1513 2837 ce
1537 2818 1559 2837 et
1584 2815 1620 2837 ed.
1652 2816 1656 2837 1
1685 2815 1788 2844 potuerit
1813 2815 1861 2836 seil.

1012 2856 1073 2878 Deus
1091 2855 1228 2883 producere.
1246 2855 1366 2883 Aliquanto
1393 2854 1487 2876 inferius
1514 2860 1558 2876 non
1587 2855 1653 2882 pauci
1679 2854 1746 2876 codd.
1774 2859 1815 2881 pro
1841 2854 1862 2876 et

1011 2895 1102 2925 infinito
1121 2894 1180 2917 nihil
1194 2894 1249 2923 plus
1264 2894 1341 2923 potest
1356 2896 1445 2921 ponunt
1462 2894 1483 2916 ct
1500 2892 1593 2923 infinita
1610 2892 1670 2915 nihil
1685 2892 1740 2921 plus
1756 2893 1837 2921 potest.

1074 2934 1083 2948 ⁸
1101 2934 1144 2956 Cl'r.
1163 2934 1266 2957 Aristot..
1285 2933 1317 2955 111,
1336 2932 1364 2955 de
1382 2934 1474 2960 Anima,
1488 2936 1545 2955 sext.
1564 2933 1600 2954 36.
1619 2934 1647 2956 (c.
1667 2932 1706 2957 7.).
