2243 3425
23 606 46 629 10
55 602 111 627 ρει-10

35 626 87 642 ativa.

740 235 820 263 DlST.
844 235 920 262 XXX.
943 235 1014 263 ART.
1038 234 1065 262 ll.
1087 234 1221 270 QUAEST.
1246 234 1273 261 lt.

126 315 317 342 necessitatem
339 313 374 342 ad
396 313 619 341 discredendam
634 316 676 341 est
691 313 781 350 culpa.
803 313 855 341 Sed
872 320 972 349 parvu-

126 360 171 389 lus
192 363 341 396 utramque
361 359 550 388 necessitatem
573 360 669 393 habet;
691 363 718 387 et
738 367 792 387 non
815 359 898 387 habet
920 358 970 387 nisi

126 406 274 443 originale:
297 414 363 443 ergo
384 407 456 435 sicut
477 406 591 443 ponitur
613 405 747 442 originale
776 409 921 442 peccatum
944 405 970 433 in

126 453 244 490 parvulo
272 460 333 481 esse
359 452 626 489 concupiscibilitas
647 452 705 480 sive
732 451 970 488 coucupiscentia.

126 500 165 529 sic
186 500 268 528 debet
289 500 372 528 etiam
395 499 477 536 poni¹
501 506 561 527 esse
583 498 763 535 igynorantz'a.

204 547 256 575 SED
277 554 397 575 CONTRA:
417 547 441 573 1.
465 545 559 574 Beda²
583 545 657 578 dicit,
673 545 747 581 quod
763 548 884 581 quatuor
906 548 971 573 sunt

125 594 204 622 nobis
225 596 338 630 propter
360 596 505 629 pecc-atum
522 591 633 624 inflicta,
649 591 753 620 scilicet
776 591 930 628 ignorantia
945 594 971 619 et

125 639 272 668 infirmitas
293 642 356 668 etc:
380 647 445 676 ergo
468 646 532 667 cum
548 641 692 675 peccatum
708 637 842 674 originale
864 644 918 665 non
934 636 972 665 di-

125 689 205 714 catur
226 684 403 722 infirmitas,
426 685 485 722 pari
509 685 614 713 ratione
629 692 679 712 000
695 684 883 721 ignorantia,
900 691 971 720 quae

125 735 165 760 est
187 740 274 769 poena
296 740 348 769 pro
370 732 429 768 ipso
453 731 564 760 inflicta.

204 781 229 807 2.
252 779 332 813 11001,
361 779 531 815 Augustinus
559 778 593 807 ad
624 777 838 806 Valentinum³z
874 777 972 814 «Igno-

126 827 215 854 rantia
237 826 263 854 in
286 826 329 854 his
351 825 397 863 qui
420 826 491 854 scire
507 833 560 853 1100
576 827 742 862 potuerunt,
758 832 846 861 poena
868 824 971 860 peccati

126 877 201 901 est».
223 873 249 901 Si
271 880 337 910 ergo
359 873 515 909 ignorantia
541 872 566 900 in
583 871 711 909 parvul-is
732 874 773 900 est
796 870 972 904 invincibilis,

126 920 246 953 videtur,
268 919 343 956 quod
365 919 400 948 sit
412 928 515 955 poena,
531 922 558 947 et
572 927 626 947 non
649 918 754 955 σαίρω
770 918 892 946 maxime
907 925 971 946 cum

127 967 284 1000 videamus,
307 966 440 1003 parvulos
463 969 576 1003 propter
592 966 775 1003 ignorantiam
791 965 921 994 excusari
938 965 973 993 ab

126 1014 200 1042 omni
223 1013 313 1051 culpa.

206 1060 231 1088 3.
248 1060 324 1094 ltem,
340 1059 474 1096 originale
489 1062 635 1096 peccatum
651 1059 761 1088 deletur
777 1059 803 1087 in
820 1059 973 1096 baptismo:

127 1107 175 1136 sed
197 1115 285 1144 aeque
313 1107 383 1136 hene
412 1110 453 1135 est
482 1107 612 1143 ignorans
640 1106 778 1143 parvulus
805 1105 973 1142 baptizatus,

127 1154 199 1183 sicut
220 1162 273 1182 non
297 1154 464 1191 baptizatus:
487 1161 554 1190 ergo
569 1153 724 1190 ignorantia
738 1161 799 1182 esse
815 1161 869 1181 non
885 1155 975 1190 potest

126 1200 260 1236 originale
281 1204 435 1237 peccatum.

206 1250 232 1277 lt.
254 1249 337 1280 item,
360 1249 381 1276 si
404 1248 505 1285 aliquis
526 1255 562 1276 ex
584 1247 677 1284 aliquo
699 1250 762 1276 actu
778 1255 829 1275 suo
851 1247 932 1275 cadat
948 1247 974 1275 in

128 1296 238 1330 furiam,
261 1295 308 1323 illa
330 1295 403 1323 furia
425 1302 479 1323 non
501 1294 604 1323 dicitur
625 1294 652 1322 in
675 1302 707 1323 eo
721 1301 781 1322 esse
803 1293 909 1330 calpa,
925 1293 973 1322 sed

125 1351 236 1380 poena:
258 1350 324 1379 ergo
346 1342 406 1379 pari
428 1341 543 1375 ratione,
559 1342 582 1370 51
597 1340 698 1378 aliquis
713 1349 749 1370 ex
764 1344 877 1378 peccato
891 1340 974 1377 primi

127 1390 251 1427 parentis
272 1390 299 1418 10
322 1389 506 1426 ignorantiam
521 1388 628 1422 cecidit,
650 1396 705 1416 000
720 1387 803 1416 debet
818 1387 871 1416 dici
887 1386 976 1424 calpa

127 1437 283 1474 originalis,
306 1436 353 1465 sed
376 1436 436 1464 eius
454 1444 557 1472 poena.
581 1436 612 1464 Et
633 1439 722 1472 potest
743 1435 788 1464 hic
810 1442 870 1463 esse
898 1434 975 1463 100115

128 1492 147 1512 a
167 1483 303 1517 maiorffi,
326 1483 391 1520 quia
413 1483 502 1519 magis
524 1482 606 1511 debet
622 1482 753 1519 imputari
778 1481 933 1518 ignorantia
948 1481 974 1509 in

128 1531 255 1567 culpam.
278 1531 304 1558 in
326 1537 410 1567 quam
433 1529 528 1558 incidit
549 1537 585 1557 ex
607 1532 671 1557 actu
694 1528 815 1565 proprio,
838 1536 922 1565 quam
939 1536 975 1556 ex

128 1581 193 1607 actu
213 1578 311 1606 alieno.

209 1626 234 1653 5.
257 1624 339 1658 item,
368 1631 432 1653 cum
455 1626 599 1661 peccatum
627 1622 761 1660 originale
787 1622 820 1651 sit
850 1621 977 1658 concupi-

129 1672 241 1706 scentia,
264 1675 295 1700 ut
316 1671 464 1708 probatum
480 1673 521 1699 est
536 1671 647 1707 supra⁵‚
668 1673 695 1699 et
709 1669 879 1707 Augustinus
902 1669 976 1703 dicit,

130 1720 152 1748 si
174 1722 246 1748 esset
268 1718 438 1755 ignorantia,
461 1725 525 1746 01101
558 1717 781 1754 concupiscentia
802 1721 829 1745 et
850 1717 977 1754 ignoran-

130 1766 167 1794 tia
189 1766 243 1794 sint
264 1765 439 1794 diversorum
463 1772 613 1801 generum,
636 1768 701 1792 tunc
724 1764 750 1792 in
765 1763 890 1801 quolibet
904 1767 977 1792 esset

130 1814 276 1851 pluralitas
298 1812 475 1850 originalium
498 1815 689 1849 peccatorum,
715 1811 789 1848 quod
812 1811 977 1840 ostendetur

132 1860 246 1889 inferius
267 1867 328 1888 esse
350 1859 459 1887 falsum.

445 1944 656 1965 CONCLUSIO.

133 2016 256 2045 Concedi
278 2020 386 2053 potest,
406 2018 560 2053 peccatum
590 2014 736 2052 oriqinale
757 2023 815 2042 csse
842 2014 979 2051 z'yttorcw-

211 2063 300 2096 tiam,
330 2067 422 2100 prout
449 2070 548 2099 nempe
579 2062 736 2090 coniuncta
769 2065 809 2089 est
845 2061 976 2098 concupi-

209 2109 343 2138 scentiae.

213 2188 384 2217 Responnno:
408 2187 578 2221 Dicendum,
600 2187 689 2224 quod,
720 2187 792 2216 sicut
813 2187 919 2224 supra⁶
941 2187 978 2215 (11-

132 2240 207 2264 ctum
230 2236 282 2264 fuit
304 2235 338 2264 de
360 2235 515 2272 ignorantia
536 2235 563 2263 in
585 2234 705 2267 adultis,
735 2235 822 2272 ipsam
850 2234 978 2263 videlicet

133 2286 276 2320 peccatum
299 2290 353 2310 non
375 2290 450 2315 esse,
465 2282 516 2311 nisi
532 2285 616 2318 prout
631 2281 715 2309 habet
730 2281 900 2310 voluntatem
917 2289 978 2309 con-

197 2405 202 2418 ¹
222 2404 285 2431 Edd.,
297 2408 390 2432 excepta
406 2405 424 2432 l,
437 2404 488 2427 diez.
579 2403 589 2418 ²
609 2403 665 2425 Vide
678 2410 747 2431 supra
761 2409 813 2431 pag.
828 2403 879 2429 528,
894 2406 945 2425 nota
959 2404 979 2424 2.

196 2443 205 2458 3
223 2444 335 2466 Sententia
359 2444 493 2471 Augustini,
511 2449 571 2471 quae
594 2443 630 2465 liic
647 2443 751 2470 affertur,
770 2442 867 2464 liabetur
890 2443 911 2463 in
933 2443 982 2463 eius

135 2483 203 2511 Epist.
222 2482 270 2505 194.
289 2482 357 2509 (alias
379 2482 445 2510 105.),
459 2482 545 2504 directa
562 2482 591 2503 ad
604 2482 699 2508 Sixtum,
712 2488 730 2503 0.
749 2481 770 2502 6.
786 2487 806 2502 n.
820 2481 856 2507 27,
875 2480 913 2503 ubi
927 2482 983 2502 haec

135 2523 253 2550 leguntur:
275 2530 285 2541 a
299 2521 324 2543 Et
341 2522 389 2549 ipsa
408 2521 535 2549 ignorantia
553 2521 574 2542 in
593 2521 626 2542 eis
643 2521 681 2548 qui
706 2520 830 2547 intelligere
849 2519 982 2547 noluerunt,

135 2562 182 2583 sine
201 2561 342 2584 dubitatione
360 2564 480 2589 peccatum
493 2563 536 2587 est,
555 2561 576 2582 in
594 2561 627 2582 eis
639 2562 715 2581 autem
734 2560 772 2588 qui
785 2565 829 2581 non
848 2561 981 2586 potuerunt,

137 2606 209 2628 poena
228 2601 315 2627 peccati
329 2609 348 2621 ν.
366 2599 423 2622 Cum
442 2600 510 2621 huius
522 2600 641 2627 epistolae,
661 2604 719 2626 quae
738 2599 758 2620 10
772 2603 854 2620 manus
873 2597 982 2619 Valentini

137 2639 272 2666 devenerat,
285 2640 394 2661 sententia
413 2645 424 2661 a
437 2638 578 2667 quibusdam
594 2638 649 2660 salso
662 2639 824 2665 exponeretur,
842 2637 984 2664 Augustinus

137 2684 178 2706 per
196 2679 278 2700 litteras
296 2678 421 2706 appellavit
438 2678 583 2700 Valentinum
602 2677 684 2704 (Epist.
703 2676 758 2703 214,
771 2676 826 2698 alias
844 2675 902 2703 46),
915 2682 984 2703 expo-

137 2723 193 2739 nens
210 2721 278 2745 atque
300 2716 439 2739 confirmans
457 2723 516 2745 quae
534 2717 554 2738 in
573 2717 651 2739 littei-is
669 2715 697 2737 ad
715 2715 803 2737 Sixtum
824 2714 883 2737 datis
901 2714 984 2737 docue-

137 2758 177 2777 rat.
195 2755 239 2778 Cfr.
258 2757 326 2778 etiarn
344 2762 414 2783 supra
432 2755 454 2777 (1.
473 2755 543 2778 XXll.
561 2756 591 2777 lit.
604 2755 715 2783 Magistri,
734 2759 753 2776 c.
772 2753 797 2781 5,
812 2753 850 2775 ubi
869 2754 924 2775 naec
936 2759 984 2775 sen·

138 2795 216 2822 tentia,
235 2794 264 2817 ibi
283 2800 309 2817 ex
328 2794 440 2822 Prospero
458 2795 535 2821 citata,
554 2794 594 2816 sed
612 2800 692 2815 revera
715 2799 741 2815 ex
758 2793 827 2820 Epist.
851 2792 879 2814 ad
897 2792 983 2814 Sixtum

139 2834 248 2861 delibata,
266 2838 311 2856 tam
330 2837 390 2856 arcte
413 2834 517 2861 copulata
541 2837 574 2856 est
592 2839 644 2855 cum
667 2832 745 2854 verbis
762 2838 788 2854 ex
812 2833 907 2859 August.
927 2831 984 2853 libro

140 2873 167 2894 de
185 2873 259 2895 Gratia
278 2876 299 2895 et
317 2873 354 2895 lib.
378 2872 426 2895 arb.
446 2873 484 2900 (ad
502 2873 624 2897 Valentio.)
642 2872 724 2898 allatis,
747 2877 773 2893 ac
789 2871 807 2892 si
826 2871 893 2892 etiam
917 2871 985 2892 liuius

140 2911 189 2934 lihri
212 2916 278 2934 esset.
290 2924 321 2928 —
339 2912 381 2934 Pro
398 2912 439 2941 qui
456 2912 515 2935 scire
532 2918 580 2934 non
604 2911 733 2940 potuerunt
756 2916 800 2932 non
827 2910 893 2938 pauci
917 2909 984 2931 codd.

140 2955 190 2971 cum
209 2950 261 2972 edd.
281 2951 300 2978 l,
319 2951 332 2972 2
345 2956 405 2980 quae
422 2950 483 2973 scire
500 2956 548 2973 non
557 2950 669 2980 poterunt
682 2949 727 2978 [ed.
744 2949 749 2970 1
766 2948 920 2978 potueruntL
934 2948 984 2970 Vat.

140 2994 192 3010 cum
209 2988 262 3011 edd.
281 2989 301 3016 3,
320 2989 332 3011 4
350 2995 410 3018 quac
427 2989 485 3012 sciri
500 2995 549 3012 non
563 2990 677 3018 poterunt
695 2987 741 3016 [ed.
755 2988 767 3009 3
780 2987 924 3016 potuerunt]
943 2987 985 3009 Pro

145 3026 293 3050 Valentinum
312 3028 359 3050 Vat.
379 3034 473 3050 erronee
494 3028 693 3051 Valentinianum.

1821 233 1875 260 725

1028 312 1219 341 comitantem:
1241 312 1278 340 sic
1302 315 1414 340 econtra
1436 311 1554 348 cognitio
1576 315 1686 339 nonest
1709 311 1806 344 virtus,
1823 311 1873 339 0151

1028 359 1051 387 01
1075 359 1109 387 sit
1131 359 1223 387 iuncta
1252 359 1366 387 affectio.
1396 359 1439 387 Sic
1467 366 1515 395 per
1538 359 1612 387 liunc
1642 359 1755 387 modum
1780 358 1877 386 intelli-

1029 406 1150 442 gendum
1173 409 1214 434 est
1238 407 1262 433 in
1290 406 1445 442 proposito,
1468 405 1541 442 quod
1565 405 1734 442 ignorantia,
1757 406 1777 433 si
1799 413 1874 441 pure
1888 415 1994 433 eonium,

1030 452 1102 481 dicat
1124 453 1322 486 nescientiam,
1345 452 1383 481 sic
1406 455 1513 480 tantum
1529 455 1570 481 est
1586 460 1689 489 poena:
1712 453 1733 480 si
1758 460 1823 480 vero
1838 452 1876 480 di-

1028 502 1072 527 cat
1092 499 1298 531 nescientiam,
1314 503 1344 526 ut
1360 502 1401 527 est
1423 499 1579 526 conitmcta
1606 499 1856 535 concupiscentiae
1868 522 1875 532 ,

1028 545 1067 573 sic
1087 548 1129 573 est
1150 545 1247 582 culpa,
1270 553 1320 581 pro
1342 553 1374 574 eo
1396 546 1470 582 quod
1498 546 1559 574 talis
1591 546 1745 582 ignorantia
1770 546 1877 582 opposi-

1028 591 1129 619 tionem
1154 592 1237 619 habet
1258 599 1322 620 oum
1345 592 1447 620 virtute
1469 595 1495 620 et
1510 592 1605 628 gratia.
1623 593 1715 620 Gratia
1734 592 1877 624 001000111-

1028 637 1141 666 veniens
1163 638 1188 665 in
1210 639 1349 672 annnam,
1372 647 1425 666 000
1456 639 1636 667 solummodo
1659 639 1794 668 rectificat
1815 639 1877 667 asfe-

1029 684 1145 713 ctionem
1169 692 1218 721 per
1240 685 1392 718 caritatem,
1415 686 1462 714 sed
1486 686 1567 714 etiam
1589 687 1754 723 cognitivam
1778 694 1827 723 per
1849 686 1877 714 fi-

1028 731 1100 760 dem.
1124 731 1180 760 Non
1203 732 1277 760 enim
1300 736 1390 768 potest
1417 733 1497 769 dirigi
1531 734 1674 765 voluntas,
1696 734 1746 762 nisi
1772 735 1876 770 pariter

1029 778 1167 815 dirigatur
1183 782 1208 807 et
1224 779 1310 810 ratio,
1333 783 1358 808 et
1375 779 1488 808 libertas
1504 780 1612 808 arbitrii
1629 780 1712 808 simul
1729 781 1754 808 10
1772 781 1876 809 ratione

1029 829 1057 854 et
1079 825 1221 854 voluntate
1243 826 1367 854 consistit
1378 827 1394 852 7.
1418 843 1455 846 -—
1478 826 1530 854 Hoc
1552 827 1636 863 igitur
1660 827 1742 855 modo
1764 827 1875 855 concedi

1030 876 1129 910 potest,
1146 875 1289 909 peccatum
1306 873 1441 909 originale
1456 881 1516 901 esse
1532 873 1730 909 ignorantiam
1745 877 1772 901 et
1787 874 1825 901 sic
1842 874 1878 901 in-

1030 919 1128 956 telligit
1150 920 1281 957 magister
1304 920 1380 956 Hugo
1402 923 1428 948 et
1450 920 1558 954 Glossa,
1580 924 1607 949 et
1622 921 1777 957 procedunt
1801 921 1879 949 ratio-

1030 974 1094 1000 nes,
1116 974 1188 1003 qnae
1210 967 1243 995 ad
1267 968 1387 1004 primam
1410 971 1516 1004 partem
1542 968 1721 996 inducuntur.

1111 1013 1148 1041 Ad
1172 1013 1239 1042 illud
1265 1017 1357 1043 tamen
1387 1014 1460 1051 quod
1491 1014 1620 1043 obiicitur
1643 1014 1677 1043 de
1699 1015 1821 1043 carentia
1845 1015 1968 1043 x'i-Adars
1993 1021 2016 1047 ⁴„

1031 1060 1116 1089 sionis
1138 1060 1202 1093 Dei,
1226 1060 1386 1091 dicendum.
1408 1061 1482 1098 quod
1506 1062 1575 1089 ratio
1598 1061 1644 1089 illa
1666 1061 1814 1098 dupliciter
1837 1061 1881 1090 de·
1904 1046 2022 1085 ssssffl'aw‘

1032 1107 1095 1136 ficit.
1119 1107 1240 1136 Primum
1264 1108 1394 1145 quidem,
1410 1109 1475 1145 quia
1490 1108 1612 1137 carentia
1628 1109 1740 1137 visionis
1762 1108 1808 1136 Dei
1826 1116 1879 1136 non

1032 1157 1140 1182 tantum
1156 1154 1275 1183 debetur
1290 1155 1419 1192 peccatis,
1435 1163 1506 1192 quae
1523 1155 1675 1192 respiciunt
1690 1156 1879 1193 coynitioam,

1033 1201 1117 1229 immo
1139 1209 1210 1238 quae
1233 1201 1387 1239 respiciunt
1408 1201 1591 1239 affectivam,
1607 1210 1669 1231 cum
1687 1203 1756 1231 visio
1772 1203 1806 1231 sit
1823 1206 1881 1230 tota

1031 1256 1156 1281 merces,
1179 1256 1250 1285 quae
1273 1249 1401 1277 redditur
1427 1249 1557 1278 omnibus
1580 1249 1731 1278 virtutibus
1752 1253 1779 1278 et
1801 1250 1882 1278 meri-

1033 1295 1110 1324 toriis
1131 1295 1264 1332 operibus
1277 1296 1294 1323 ⁸.
1317 1296 1444 1324 Secundo
1467 1304 1548 1329 vero,
1571 1296 1644 1333 quia,
1662 1304 1724 1325 01110
1745 1296 1880 1327 dicimus,

1033 1342 1166 1379 parvulos
1188 1343 1281 1379 puniri
1303 1343 1425 1371 carentia
1446 1343 1582 1376 ‘ursioni-5,
1605 1344 1631 1371 10
1649 1343 1700 1371 1100
1716 1343 1879 1380 intelligitur

1033 1397 1082 1426 per
1104 1397 1293 1426 consequens,
1321 1390 1395 1426 quod
1419 1390 1565 1427 priventur
1587 1393 1614 1418 et
1635 1389 1698 1418 dote
1726 1389 1881 1426 fruitionis

1033 1440 1059 1465 et
1081 1436 1145 1465 dote
1166 1436 1307 1465 contionis.

1114 1483 1239 1511 Rationes
1261 1486 1353 1511 autem
1375 1491 1447 1520 quae
1462 1484 1496 1512 ad
1512 1484 1671 1521 oppositum
1695 1484 2024 1518 inducuntur,Adartg-1›r0

1033 1530 1188 1567 procedunt
1210 1530 1244 1558 de
1268 1530 1325 1567 ipsa
1348 1530 1517 1567 ignorantia,
1540 1531 1695 1560 secundum
1718 1531 1792 1568 quod
1815 1516 1945 1559 111011ΙἾΙΊΓιΘ
1960 1516 2021 1536 ”effi

1032 1585 1142 1614 puram
1165 1577 1366 1610 nescientiam,
1391 1581 1417 1606 et
1439 1578 1478 1606 sic
1500 1581 1541 1606 est
1567 1586 1676 1614 poena,
1702 1587 1755 1606 11011
1785 1578 1880 1614 culpa.

1034 1623 1193 1652 Secundum
1215 1627 1309 1652 autem
1332 1624 1506 1660 (1110111101)οῐ
1529 1624 1660 1653 iunctam
1684 1625 1884 1661 concupiscen-

1035 1670 1121 1704 tiam,
1137 1670 1225 1708 calpa
1240 1674 1289 1699 est.
1299 1686 1336 1690 —
1346 1671 1399 1700 Nec
1415 1675 1507 1700 tamen
1528 1679 1564 1700 ex
1580 1672 1632 1700 hoc
1648 1672 1784 1708 sequitur,
1806 1672 1881 1709 quod
1896 1677 1924 1695 Ad
1939 1678 1949 1694 ⁵

1036 1717 1062 1746 in
1085 1717 1164 1746 nohis
1186 1718 1239 1746 sint
1258 1718 1340 1754 plura
1362 1721 1475 1755 peccata
1497 1718 1659 1755 originalia,
1681 1719 1753 1747 sicut
1774 1719 1884 1747 conclu-

1035 1764 1075 1793 dit
1100 1766 1169 1793 ratio
1198 1764 1312 1798 ultima,
1342 1773 1393 1801 pro
1421 1773 1453 1793 eo
1476 1766 1549 1802 quod
1579 1765 1625 1794 ubi
1659 1766 1772 1802 ponitur
1795 1774 1881 1794 unum

1035 1815 1149 1848 propter
1175 1811 1309 1843 alterum,
1332 1811 1367 1840 ihi
1392 1820 1480 1841 unum
1504 1812 1643 1841 tantum&
1667 1829 1704 1832 —
1726 1813 1794 1841 Cum
1817 1820 1884 1850 ergo

1035 1859 1163 1892 dicimus,
1176 1859 1359 1895 ignorantiam
1373 1859 1478 1887 ratione
1494 1859 1732 1896 concupiscentiae
1747 1867 1807 1888 esse
1826 1867 1885 1896 pec·
1904 1865 2013 1906 *Exrlhvjzssur

1036 1909 1129 1935 catum
1151 1906 1301 1943 originale,
1324 1914 1377 1934 non
1400 1910 1514 1943 propter
1537 1907 1589 1935 hoc
1611 1907 1741 1944 ponimus
1763 1908 1789 1935 in
1806 1893 1997 1935 iiobis‘⁷⁰m'⁰³¹⁰‘

1036 1953 1118 1990 plura
1140 1953 1285 1990 originalia
1313 1953 1467 1982 differentia
1499 1961 1548 1990 per
1574 1954 1739 1987 essentiam,
1762 1954 1808 1983 sed
1834 1955 1884 1983 1100

1036 2001 1181 2038 ponimus.
1204 2001 1277 2038 quod
1308 2009 1371 2030 cum
1404 2001 1528 2038 orginale
1550 2002 1585 2030 sit
1612 2009 1716 2035 unum,
1739 2002 1885 2030 deordinat

1036 2051 1063 2076 et
1084 2048 1162 2076 vitiat
1184 2051 1268 2076 totam
1295 2048 1416 2076 animam
1447 2056 1500 2076 non
1530 2048 1621 2077 solum
1643 2049 1798 2077 secundum
1821 2048 1886 2086 affc-

1035 2094 1160 2127 cavam,
1183 2095 1231 2123 sed
1247 2095 1329 2123 etiam
1346 2095 1501 2124 secundum
1518 2096 1711 2133 coynitiettin,
1728 2096 1763 2123 ita
1779 2099 1884 2129 tamen,

1036 2141 1108 2178 quod
1133 2141 1316 2178 principalius
1337 2140 1510 2179 affectivam.
1529 2142 1603 2171 Unde
1631 2142 1718 2179 magis
1740 2141 1883 2179 proprie¹⁰
1900 2146 2013 2164 Notandum-

1036 2188 1193 2217 notificatur
1215 2188 1349 2225 originale
1371 2196 1420 2226 per
1442 2189 1706 2225 concupiscentiam
1727 2192 1754 2217 et
1776 2188 1885 2217 debitae

1036 2235 1166 2263 iustitiae
1187 2235 1373 2269 carentiam,
1396 2244 1480 2272 quam
1503 2243 1552 2272 per
1582 2235 1796 2273 iyt'torantiam,
1820 2235 1885 2272 quia

1037 2285 1091 2309 tam
1123 2282 1346 2318 concupiscentia
1374 2290 1456 2319 quam
1488 2282 1597 2311 debitae
1618 2282 1737 2311 iustitiae
1764 2282 1885 2310 carentia

1102 2403 1110 2417 ⁴
1128 2403 1160 2425 De
1178 2404 1220 2425 1100
1239 2404 1308 2426 modo
1326 2404 1501 2431 argumentandi
1520 2404 1558 2425 cfr.
1578 2407 1631 2425 tom.
1651 2404 1663 2425 l.
1683 2410 1735 2431 pag.
1759 2403 1813 2431 835,
1834 2406 1885 2426 nota

1039 2441 1060 2463 5.
1074 2454 1103 2457 —-
1116 2442 1164 2463 lllox
1182 2448 1224 2469 pro
1241 2442 1322 2465 incidit
1339 2442 1406 2464 codd.
1425 2442 1439 2464 F
1452 2449 1477 2464 aa
1496 2442 1583 2465 cecidit.

1102 2481 1112 2495 ⁵
1130 2481 1221 2509 Quaest.
1240 2481 1345 2508 praeced.
1358 2493 1389 2497 —
1402 2481 1476 2503 Verba
1495 2482 1614 2509 Augustini
1632 2482 1685 2503 vide.
1704 2482 1739 2503 1110
1756 2483 1777 2504 in
1796 2482 1825 2504 lit.
1845 2482 1886 2504 Ma-

1040 2521 1117 2548 gistri,
1136 2526 1154 2542 0.
1173 2520 1193 2541 8.
1212 2526 1276 2548 seqq.
1295 2532 1325 2536 —
1343 2520 1409 2548 Quod
1428 2526 1500 2542 unum
1518 2523 1605 2543 tantum
1629 2521 1657 2542 sit
1675 2525 1793 2548 peccatum
1818 2522 1887 2549 origi-

1041 2559 1101 2585 nale,
1120 2564 1164 2580 000
1182 2558 1259 2585 plura,
1278 2558 1405 2581 ostenditur
1422 2559 1477 2580 infra
1497 2559 1518 2580 d.
1538 2559 1573 2580 33.
1593 2565 1611 2580 a.
1631 2559 1651 2580 2.
1670 2566 1691 2588 q,
1710 2560 1730 2581 2.

1102 2597 1112 2611 Θ
1130 2597 1183 2619 Uist.
1203 2598 1238 2618 22.
1257 2603 1276 2618 a.
1296 2598 1316 2618 2.
1335 2603 1356 2625 q.
1375 2598 1395 2619 2.
1414 2604 1462 2625 seq.

1103 2635 1112 2648 ⁷
1131 2635 1155 2657 Ut
1175 2635 1298 2663 probatum
1315 2639 1349 2657 est
1365 2641 1435 2663 supra
1454 2635 1474 2657 d.
1494 2636 1530 2658 25.
1550 2643 1571 2664 p.
1591 2637 1604 2658 1.
1623 2643 1645 2665 q.
1659 2638 1671 2658 2
1698 2644 1761 2666 seqq.
1774 2649 1805 2654 —-
1818 2638 1886 2660 Paulo

1041 2676 1148 2703 superius
1166 2681 1207 2702 pro
1225 2674 1370 2704 affectionem
1387 2675 1438 2697 cod.
1456 2682 1482 2697 aa
1500 2675 1640 2705 affectivum.

1104 2713 1113 2728 8
1131 2713 1189 2736 Vide
1206 2720 1275 2741 supra
1289 2720 1342 2742 pag.
1356 2713 1412 2741 543,
1427 2717 1477 2736 nota
1497 2715 1517 2737 6,
1529 2728 1557 2730 ἡ
1571 2715 1601 2737 De
1614 2716 1700 2737 ratione
1712 2722 1758 2744 seq.
1778 2717 1817 2738 csr.
1831 2716 1886 2738 infra

1042 2754 1063 2775 d.
1082 2753 1118 2775 33.
1137 2760 1156 2775 a.
1173 2753 1194 2775 2.
1213 2760 1234 2781 q.
1252 2754 1273 2774 2.

1104 2791 1113 2805 ⁹
1131 2791 1263 2813 Secundum
1287 2792 1444 2819 Aristotelem,
1469 2792 1497 2813 de
1520 2798 1566 2820 quo
1590 2793 1643 2815 vide
1661 2799 1730 2820 supra
1754 2799 1806 2821 pag.
1830 2793 1887 2820 639,

1043 2834 1093 2853 nota
1118 2831 1138 2852 2.
1157 2843 1187 2846 μ
1204 2831 1375 2859 Aliquantulum
1398 2832 1505 2858 superius
1528 2835 1578 2859 post
1602 2831 1736 2855 Secundum
1761 2832 1811 2854 Vat.
1835 2838 1888 2854 cum

1042 2870 1094 2892 edd.
1113 2870 1134 2897 2,
1153 2870 1173 2897 3,
1193 2869 1205 2891 st
1224 2876 1265 2897 pro
1278 2870 1357 2892 (tutem
1374 2869 1490 2892 substituit
1507 2870 1583 2899 enim,·
1601 2870 1651 2893 cod.
1669 2877 1695 2893 aa
1708 2870 1738 2893 ibi
1756 2877 1797 2893 nec
1809 2872 1888 2893 autem.

1043 2909 1111 2931 habet
1129 2916 1170 2931 000
1187 2909 1249 2931 enim
1267 2914 1308 2931 uec
1326 2909 1394 2931 ullam
1412 2909 1479 2931 aliam
1498 2910 1639 2937 particulam.

1106 2948 1124 2963 ¹0
1143 2948 1195 2970 Fide
1213 2950 1356 2971 vetustorum
1373 2948 1440 2970 codd.
1454 2948 1579 2971 adiecimus
1590 2950 1698 2979 proprie,
1719 2950 1780 2979 quod
1794 2949 1823 2972 ab
1835 2949 1887 2972 edd.

1043 2987 1114 3009 abest.
