2243 3425
1 555 60 579 )pinio
75 555 91 573 ί.

0 1193 96 1212 ueritates.

1 1761 94 1781 ronymus.

0 1968 89 1991 tpponitur

0 1991 82 2014 gustinus.

853 169 1039 197 DlSTlNCTlO
1061 170 1102 198 xt.

477 245 538 272 Car.
558 246 586 272 11.

181 332 276 357 Utrum
296 330 397 365 Anyelt
414 331 559 366 proficiant
578 331 607 357 111
620 331 715 358 merito
735 336 758 357 el
776 331 899 365 praemla

378 382 462 409 usque
482 373 518 400 ad
537 373 680 401 ludicrum.

177 460 316 486 Praeterea
339 460 402 486 illud
424 460 589 487 considerari
610 464 729 494 oportet,
750 463 838 486 utrum
860 460 952 494 Angeli

108 503 168 529 honi
196 503 221 528 in
247 503 367 536 praemio
399 503 439 529 vel
466 503 490 528 in
517 503 613 529 merito
642 503 783 536 proficiant
812 502 950 536 usquead

107 545 371 577 iudicium—Quod
393 546 418 572 in
439 546 541 572 meritis
561 546 703 579 proficiant
732 548 812 579 atque
832 546 953 579 quotidie

106 589 190 621 magis
210 595 241 614 ac
262 589 346 621 magis
365 592 534 619 mereantur,
550 588 711 621 quibusdam
733 588 840 614 videtur
860 596 892 614 ex
912 596 952 619 eo,

106 632 169 666 quia
189 632 309 666 quotidie
329 632 466 658 hominum
494 631 654 657 utilitatibus
684 632 831 658 inserviunt
851 639 953 658 eorum-

105 682 158 708 que.
179 675 342 708 profectibus
362 674 477 700 student.
497 674 598 705 Quibus
619 674 698 700 etiam
720 674 894 701 nihilominus
914 675 953 700 vi-

105 717 195 750 detur,
215 717 287 751 quod
308 720 333 743 et
348 717 372 743 in
387 717 508 750 praemio
528 717 685 750 proficiant.
705 717 808 743 scilicet
822 717 848 743 in
862 717 953 750 cogni-

106 761 176 787 tione
195 763 221 786 et
240 760 383 786 dilectione
403 760 458 786 Dei.
479 760 553 786 Licet
573 760 660 792 enim,
680 763 709 786 ut
728 761 817 791 aiunt,
838 760 864 786 in
893 767 953 786 con-

104 804 254 829 firmatione
285 803 478 829 beatitudinem
511 803 667 837 acceperint
702 806 838 829 aeternam
871 807 951 838 atque

104 846 263 880 perfectam,
283 848 396 880 augetur
425 849 512 872 tamen
542 845 663 879 quotidie
684 853 776 872 eorum
798 846 952 879 beatitudo,

104 889 166 923 quia
188 889 273 922 magis
292 896 323 915 ac
344 889 428 922 magis
447 888 561 921 diligunt
581 891 661 922 atquc
675 892 854 921 cognoscunt3
875 892 900 915 et
914 892 953 915 est

104 940 197 959 eorum
218 932 330 963 caritas,
350 939 402 965 qua
422 932 506 958 Deum
527 935 553 958 et
573 939 620 957 nos
634 931 760 965 diligunt,
780 935 806 958 et
823 931 951 958 mershem

104 978 130 1001 et
147 975 317 1010 praemium.-
337 973 483 1005 meritam,
498 975 560 1008 quia
575 982 623 1008 per
637 982 694 1001 eam
710 979 735 1001 ct
755 982 803 1009 per
823 975 952 1009 obsequia

104 1026 137 1045 ex
157 1026 187 1044 ea
209 1018 285 1044 nobis
306 1018 425 1052 impensa
452 1021 588 1044 merentur
617 1022 643 1044 et
663 1018 687 1043 in
710 1018 874 1044 beatitudine
893 1026 952 1052 pro-

104 1061 213 1092 ticiunt3
234 1064 259 1087 et
279 1061 337 1095 ipsa
365 1061 459 1087 eadem
486 1064 524 1087 est
551 1060 725 1095 promittunt,
746 1061 809 1094 qnia
829 1068 860 1087 ea
880 1061 950 1087 beati

104 1108 172 1131 sunt.

175 1147 207 1173 Et
226 1147 299 1182 quod
320 1147 411 1180 Angeli
442 1147 584 1181 proficiant
612 1147 638 1172 in
662 1148 827 1180 cognitione,
848 1155 880 1174 ac
906 1155 952 1181 per

104 1191 155 1218 hoc
176 1191 200 1217 in
222 1190 400 1221 beatitudine,
422 1190 578 1216 testimoniis
598 1190 755 1217 Sanctorum
785 1190 952 1217 confirmant.

103 1234 173 1260 Dicit
186 1234 257 1260 enim
272 1233 353 1259 lsaias
365 1233 372 1246 ¹
388 1240 419 1259 ex
434 1240 549 1267 persona
562 1233 733 1266 Angelorum,
752 1233 848 1259 Christi
864 1241 953 1260 ascen⁴

104 1277 190 1303 dentis
211 1276 434 1310 magnificentiam
464 1275 672 1302 admirantium:
696 1275 759 1308 Quis
782 1280 818 1302 est
839 1276 885 1303 [sle
904 1277 954 1312 qm'

102 1319 175 1346 venit
189 1319 220 1345 (le
234 1318 336 1349 Edem,
352 1318 441 1344 sraelis
456 1318 570 1344 ves-sibus
584 1318 615 1344 (le
628 1319 734 1345 Basra?
748 1320 780 1345 Et
794 1320 818 1345 in
834 1320 952 1346 Psalmo:

105 1362 169 1395 Quis
195 1366 231 1388 esc
251 1361 297 1388 isle
324 1369 373 1387 'reas
400 1360 526 1396 fierine?
554 1361 593 1387 Ex
614 1361 713 1395 quibus
732 1366 858 1396 apparet,
879 1363 950 1397 1111011

104 1406 261 1440 mysterium
282 1405 362 1431 Verbi
384 1404 513 1430 incarnati
534 1404 641 1438 plenius
654 1409 838 1437 cognoverunt
859 1406 952 1435 Anaeli

103 1452 162 1483 post
183 1448 364 1483 impletionem
394 1455 475 1482 quam
505 1451 574 1474 ante.
604 1448 634 1473 Et
663 1448 732 1474 sieut
754 1448 778 1474 in
798 1449 952 1482 cognitione

103 1493 183 1519 huius
203 1492 321 1526 mysterii
344 1491 524 1525 profecerunt,
545 1491 592 1520 ita,
613 1491 718 1522 dicunt,
739 1492 825 1517 cosin
841 1492 952 1519 Deitatis

103 1535 255 1569 cognitione
282 1534 422 1568 prolicere.
453 1534 527 1565 Quod
557 1537 645 1560 autem
678 1534 702 1560 in
729 1534 810 1561 huius
831 1536 951 1569 mysterii

103 1578 253 1613 cognitione
274 1577 450 1612 profecerint,
470 1577 608 1603 evidenter
627 1577 707 1603 docet
726 1577 890 1611 Apostolus2
913 1578 951 1604 di-

103 1629 180 1648 cens:
204 1622 275 1653 Quae
294 1620 327 1647 st'c
346 1619 511 1655 dispensatio
524 1620 689 1646 sacramenti
701 1620 854 1647 absconditi
866 1630 882 1647 ιι
895 1629 951 1647 sae-

103 1664 170 1692 calis
191 1663 221 1691 in
241 1665 310 1694 Deo,
333 1667 360 1690 zat
380 1663 526 1689 &tumescat
544 1663 724 1699 multiformss
744 1663 878 1698 sapiencia
901 1664 953 1691 Det

104 1716 152 1743 per
166 1707 310 1734 Ecclesium
326 1705 502 1741 Principibus
516 1710 539 1732 ec
552 1706 730 1733 Potesracihzts
745 1706 774 1733 111,
788 1706 950 1733 caelestibus.

105 1751 192 1786 Super
220 1758 299 1785 11110111
328 1750 417 1777 10011111
447 1750 512 1776 dicit
540 1750 754 1784 Hicronymusflz
789 1750 951 1784 «Angelicas

105 1795 247 1828 dignitates
275 1794 424 1829 praefatum
449 1795 606 1829 mysterium
634 1794 666 1820 ad
688 1801 785 1828 purum
807 1802 858 1820 non
880 1794 953 1820 intel-

103 1839 213 1869 lexisse,
233 1838 318 1864 donec
338 1837 471 1871 completa
494 1840 534 1863 est
553 1837 643 1871 passio
670 1836 776 1867 Christi,
796 1840 822 1863 et
841 1840 952 1871 Aposto-

103 1882 190 1908 lorum
210 1881 376 1915 praedicatio
396 1888 445 1914 per
465 1884 556 1913 gentes
576 1880 722 1907 dilatata».

175 1925 221 1951 His
240 1928 329 1951 autem
351 1924 456 1951 videtur
476 1924 662 1951 contradicere
683 1924 847 1957 Augustinus
870 1931 952 1957 super

104 1968 217 1995 eundem
239 1968 327 1994 locum
341 1967 477 2001 Epistol-ae
489 1967 497 1979 ⁴
517 1967 624 1993 dicens:
644 1978 654 1989 «
667 1967 724 1993 Non
745 1967 823 1993 latuit
837 1967 952 2000 Angelos

103 2012 261 2046 mysterium
285 2011 358 2044 regni
388 2011 538 2040 caelorum,
565 2009 636 2044 quod
658 2013 809 2044 opportuno
831 2012 952 2044 tempore

103 2055 251 2081 revelatum
272 2058 311 2081 est
331 2061 379 2088 pro
399 2054 484 2080 salute
515 2056 612 2079 nostra.
643 2053 695 2079 Illis
722 2060 784 2086 ergo
814 2060 829 2079 a
858 2060 952 2079 saecu—

103 2098 135 2124 lis
156 2098 270 2124 innotuit
289 2104 372 2131 supra
390 2100 565 2122 memoratum
587 2096 761 2130 mysterium,
781 2096 843 2130 quia
865 2097 952 2122 omnis

103 2145 227 2168 creatura
247 2148 299 2167 non
319 2143 379 2167 ante
392 2140 508 2171 saecula,
529 2139 605 2166 seda
625 2139 740 2166 saeculis
761 2142 832 2166 est».
851 2154 887 2158 —
907 2139 952 2165 At-

104 2184 196 2215 tende,
216 2183 314 2215 lector,
334 2183 398 2213 quia
416 2183 540 2209 videntur
563 2183 704 2209 dissentire
727 2183 752 2208 ln
776 2182 827 2209 hac
847 2186 952 2209 senten-

1788 172 1844 199 ⁶275

1012 247 1045 273 tia
1073 247 1188 273 illustres
1218 248 1353 274 Doctores.
1375 247 1490 282 Ideoque
1520 251 1548 274 ut
1576 248 1662 274 omnis
1681 248 1858 282 repugnantia
1881 254 2002 281 ⁴nepngmn.

1011 290 1044 316 dc
1064 290 1152 317 medio
1179 290 1299 321 tollatur,
1329 290 1467 325 praedicta
1497 290 1595 322 verba,
1615 291 1801 325 1-111111110110111ὖ
1821 298 1859 317 50-
1872 278 1897 295 ”³
1916 278 2000 296 ⁸⁰¹v¹⁸¹¹¹⁸

1011 337 1131 366 quentes,
1152 334 1187 359 ita
1215 333 1438 365 determinemus,
1464 336 1513 359 «ut
1534 333 1584 359 illis
1604 333 1719 367 Angelis,
1740 334 1784 368 qui
1807 341 1859 360 ma-

1010 376 1074 402 ioris
1094 376 1231 408 dignitatis
1255 379 1328 409 sunt,
1349 380 1370 402 et
1397 384 1445 410 per
1468 383 1582 410 quorum
1606 377 1784 403 ministerium
1812 377 1856 403 illa

1010 419 1128 444 nuntiata
1150 422 1225 447 511111,
1246 426 1278 445 ex
1299 422 1374 452 parte
1395 420 1499 454 cognita
1520 428 1534 446 a
1563 420 1679 447 saeculis
1709 420 1801 451 fuisse,
1822 423 1859 446 ut-

1010 465 1072 495 pote
1093 461 1268 488 familiaribus
1288 465 1311 488 et
1342 463 1458 493 nuntiis;
1480 463 1531 489 illis
1560 471 1641 494 vero,
1671 463 1716 496 qui
1747 463 1857 489 minoris

1011 503 1146 535 dignitatis
1166 508 1238 536 sunt,
1254 505 1386 538 incognita
1407 506 1541 532 exstitisse
1562 506 1696 537 dicamus,
1717 513 1857 539 usquequo

1009 546 1118 580 impleta
1139 550 1200 573 sunt
1220 551 1245 573 et
1264 555 1313 581 per
1332 548 1481 575 Ecclesiam
1502 539 1672 582 praedicata,
1693 552 1718 575 et
1739 552 1801 575 tunc
1821 548 1854 575 ab

1011 589 1134 615 omnibus
1160 590 1267 623 Angelis
1294 591 1411 624 perfecte
1440 591 1547 617 fuerunt
1575 592 1681 624 cognita
1695 603 1716 617 ἰ,
1746 591 1853 618 Constat
1867 597 1948 615 Dubium
1966 598 1983 615 2.

1011 632 1116 666 itaque,
1137 640 1228 659 omnes
1247 633 1362 666 Angelos
1384 634 1408 659 in
1423 634 1573 666 cognitione
1588 634 1740 660 divinorum
1762 638 1859 668 myste-

1011 675 1111 700 riorum
1131 675 1278 701 secundum
1296 682 1451 708 processum
1468 677 1595 709 temporis
1610 676 1762 710 profecisse.
1782 676 1858 703 Unde

1011 725 1062 743 11011
1083 718 1290 750 incongruenter
1311 718 1361 752 ipsi
1382 718 1461 744 iidem
1477 718 1583 750 (11011111,
1598 719 1761 752 Angelorum
1775 719 1861 745 scien-

1012 761 1075 786 tiam
1095 768 1126 786 ac
1146 760 1340 787 beatitudinem
1368 762 1458 794 augeri
1485 769 1570 795 usque
1600 762 1632 788 ad
1662 762 1778 788 futuram
1799 770 1860 788 con-

1010 804 1231 836 summationem,
1252 804 1359 838 quando
1380 804 1405 830 in
1426 804 1538 831 scientia
1559 812 1590 831 ae
1617 805 1782 831 beatitudine
1804 812 1861 839 per-

1010 847 1147 873 fectissimi
1168 850 1256 877 erunt,
1271 850 1299 873 ut
1314 854 1362 873 nec
1377 850 1507 881 augeatur
1521 848 1637 881 amplius
1652 855 1701 873 nec
1716 848 1858 874 minuatur.

1082 889 1131 915 Alii
1152 893 1240 916 autem
1262 889 1368 922 dicunt,
1388 890 1503 924 Angelos
1525 891 1549 916 111
1564 890 1767 917 confirmatione
1787 894 1858 917 tanta
1871 900 1939 923 omnio
1953 901 1972 918 2.

1010 932 1121 959 Deitatis
1136 932 1278 959 dilectione.
1298 936 1379 967 atque
1400 933 1492 959 notitia
1513 933 1593 959 fuisse
1614 933 1766 967 praeditos,
1786 936 1814 959 111
1834 933 1859 959 in

1010 976 1051 1002 liis
1071 976 1183 1002 ulterius
1203 984 1254 1002 non
1275 976 1438 1010 profecerint
1464 983 1513 1002 nec
1543 976 1689 1010 profecturi
1710 976 1769 1002 sint.
1800 976 1860 1002 Pro-

1010 1020 1128 1046 fecerunt
1150 1022 1237 1046 tamen
1257 1019 1283 1045 in
1304 1019 1415 1045 scientia
1435 1028 1528 1046 νῦν-11111
1543 1023 1723 1049 extortor-um,
1744 1019 1813 1045 sicut
1834 1019 1858 1045 in

1010 1063 1161 1096 cognitione
1180 1062 1341 1089 sacramenti
1362 1062 1556 1088 incarnationis
1576 1065 1602 1088 et
1622 1062 1791 1094 huiusmodi,
1812 1062 1859 1089 sed

1010 1113 1061 1131 non
1091 1106 1116 1132 in
1146 1105 1372 1139 contemplatione
1404 1105 1525 1135 Deitatis,
1555 1105 1619 1139 quia
1648 1105 1803 1132 Trinitatem
1833 1106 1859 1131 in

1010 1149 1115 1175 Unitatc
1135 1152 1215 1182 atque
1236 1148 1369 1174 Unitatem
1392 1148 1417 1174 in
1437 1148 1564 1175 Trinitatc
1589 1156 1639 1174 non
1660 1148 1766 1182 plenius
1788 1149 1860 1175 intel-

1010 1192 1094 1226 ligunt
1113 1192 1169 1218 sive
1190 1191 1349 1218 intellecturi
1376 1195 1451 1221 sunt,
1481 1199 1561 1225 quam
1584 1191 1616 1218 ab
1639 1191 1695 1225 ipsa
1716 1191 1859 1218 confirma-

1011 1236 1081 1262 tione
1100 1237 1288 1269 perceperunt.
1302 1234 1340 1260 Ita
1354 1235 1433 1260 etiam
1449 1234 1555 1266 dicunt,
1575 1241 1621 1260 eos
1636 1235 1660 1260 in
1676 1234 1787 1261 caritate
1806 1242 1858 1261 non

1010 1278 1155 1312 profecisse.
1181 1281 1242 1311 post
1269 1277 1517 1306 confirmationem,
1547 1277 1609 1311 quia
1639 1285 1731 1303 eorum
1760 1278 1859 1304 caritas

1010 1325 1103 1356 postea
1123 1328 1174 1347 non
1195 1324 1234 1346 est
1254 1324 1346 1353 aucta;
1367 1323 1392 1346 et
1406 1320 1445 1346 sic
1459 1320 1560 1352 dicunt,
1575 1327 1620 1346 eos
1642 1328 1692 1346 non
1713 1320 1859 1354 profecisse

1011 1365 1036 1390 in
1057 1364 1173 1393 meritis,
1193 1364 1240 1390 sed
1260 1364 1311 1390 hoc
1336 1367 1464 1397 quantum
1490 1363 1522 1390 ad
1553 1362 1607 1389 rim
1639 1362 1777 1393 merendi,
1807 1371 1859 1390 non

1010 1411 1140 1441 quantum
1166 1407 1198 1433 ad
1229 1403 1374 1433 numerum
1403 1405 1572 1432 meritorum
1599 1406 1678 1432 Plura
1698 1406 1768 1432 enim
1788 1406 1859 1433 bona

1010 1451 1129 1476 fecerunt
1149 1454 1257 1484 postea,
1283 1457 1353 1483 quae
1379 1453 1442 1476 tunc
1472 1456 1523 1475 non
1544 1449 1675 1479 fecerant;
1696 1449 1743 1475 5011
1764 1457 1858 1476 eorum

1010 1493 1123 1524 caritas,
1143 1500 1176 1519 ex
1195 1500 1248 1526 qua
1272 1492 1316 1518 illa
1346 1495 1552 1526 processerunt,
1581 1500 1633 1518 non
1654 1495 1693 1519 est
1712 1496 1805 1524 aucta,
1827 1500 1859 1519 ex

1010 1543 1063 1570 qua
1093 1539 1193 1562 tantum
1226 1538 1397 1566 meruerunt,
1427 1539 1570 1569 antequam
1600 1536 1650 1562 ista
1680 1536 1859 1567 adderentur,

1010 1582 1139 1613 quantum
1155 1581 1257 1612 postea,
1278 1578 1319 1604 his
1338 1578 1459 1604 adiectis.
1478 1592 1514 1597 —
1534 1578 1598 1604 Illud
1621 1585 1700 1609 vero,
1720 1578 1793 1612 quod
1814 1578 1858 1605 alii

1009 1621 1135 1655 superius
1155 1621 1259 1653 dieunt,
1279 1620 1448 1655 probabilius
1468 1621 1700 1652 vidett1r,sciticet
1719 1621 1789 1655 quod
1810 1625 1859 1647 An-

1009 1665 1060 1699 geli
1082 1672 1167 1699 usque
1187 1664 1220 1691 ad
1241 1664 1370 1690 iudicium
1392 1664 1544 1690 inscientia
1564 1667 1589 1691 et
1603 1664 1663 1690 aliis
1682 1664 1825 1698 proficiant
1838 1664 1857 1691 ὃ.

1080 1707 1182 1738 Quibus
1197 1710 1283 1733 tamen
1298 1706 1422 1733 videntur
1436 1707 1545 1733 obviare
1561 1706 1730 1741 quorundam
1746 1707 1860 1733 auctori·
1872 1713 1926 1744 Anae
1939 1714 2002 1730 aucto-

1011 1754 1094 1777 tatum
1115 1750 1205 1776 verba.
1234 1750 1278 1776 Ait
1307 1750 1377 1776 enim
1404 1750 1521 1776 Isidorus
1551 1750 1576 1776 in
1606 1749 1675 1776 libro
1696 1750 1728 1776 de
1748 1750 1859 1776 Summo
1885 1738 2002 1783 ἶῖἶῑῗξιῗιιιῗῨ

1009 1794 1114 1820 Bono⁷:
1141 1793 1253 1827 «Angeli
1276 1793 1301 1819 in
1321 1793 1410 1819 Verbo
1430 1793 1476 1819 Dei
1492 1793 1581 1819 omnia
1597 1793 1693 1823 sciunt,
1715 1796 1857 1827 antequam

1011 1837 1107 1862 liant».
1122 1835 1219 1862 —Sed
1239 1843 1288 1861 nec
1309 1843 1399 1861 omnes
1425 1843 1474 1861 nec
1495 1834 1588 1861 011111ῑά
1606 1836 1720 1870 perfecte
1745 1835 1859 1868 Angelos

1010 1880 1079 1905 scire
1100 1879 1180 1909 dixit,
1200 1881 1226 1905 et
1246 1878 1305 1905 ideo
1326 1886 1372 1905 eos
1392 1879 1416 1904 in
1446 1879 1558 1905 scientia
1589 1878 1721 1912 prolicere
1746 1885 1798 1904 non
1818 1885 1860 1904 re-

1011 1923 1101 1949 movit.
1130 1922 1274 1955 Gregorius
1304 1929 1412 1956 quoque
1443 1922 1467 1948 in
1496 1922 1565 1948 libro
1590 1921 1783 1954 Dialogorum⁸
1804 1921 1858 1947 ait:

1015 1966 1104 1998 «Quid
1131 1969 1184 1997 est,
1214 1966 1286 2000 quod
1316 1966 1351 1992 ihi
1382 1966 1514 1998 nesciant,
1545 1965 1590 1992 ubi
1619 1965 1747 1992 scientem
1768 1965 1857 1991 otnnia

1010 2010 1098 2036 sciunt.
1109 2021 1118 2031 u
1132 2010 1142 2035 it
1155 2009 1205 2035 Ubi
1222 2009 1327 2035 videtur
1347 2009 1446 2039 dicere,
1460 2009 1532 2043 (111011
1547 2009 1635 2035 omnia
1651 2009 1737 2035 sciant
1756 2008 1859 2042 Angeli‚

1010 2056 1035 2079 et
1055 2052 1120 2078 nihil
1141 2053 1174 2078 sit
1194 2052 1265 2086 quod
1287 2052 1414 2078 nesciant.
1428 2067 1463 2071 —
1482 2051 1532 2078 Sed
1548 2051 1736 2086 accipiendum
1755 2054 1795 2077 est
1809 2051 1859 2077 hoc

1010 2096 1043 2122 dc
1063 2096 1104 2122 his
1123 2103 1237 2130 quornm
1265 2095 1380 2129 cognitio
1403 2095 1510 2121 beatum
1538 2095 1600 2121 facit
1626 2095 1806 2128 cognitorem,
1831 2097 1860 2120 ut

1009 2143 1069 2165 sunt
1090 2147 1119 2165 ea
1140 2146 1209 2173 quae
1230 2139 1263 2165 ad
1283 2139 1440 2173 mysterium
1461 2138 1596 2164 Trinitatis
1617 2141 1642 2163 et
1667 2138 1781 2164 Unitatis
1802 2144 1860 2171 per-

1011 2183 1102 2209 tinent.

1880 1579 1991 1598 Praefertur

1872 1603 1935 1625 opinio
1949 1603 1966 1621 l.

168 2700 174 2714 1
194 2700 247 2727 Cap.
267 2700 303 2727 53,
326 2700 342 2721 1.
360 2700 464 2728 Sequens
483 2703 555 2722 textus
572 2704 606 2721 est
623 2699 658 2721 Ps.
678 2699 705 2720 23
717 2717 722 2726 ,
741 2699 761 2720 8.

168 2739 177 2753 2
193 2739 250 2766 Eph.
268 2739 294 2766 3,
313 2740 333 2761 9.
356 2739 393 2766 10,
411 2738 489 2761 verbis
507 2745 519 2760 a
537 2738 644 2765 Magistro
659 2738 776 2765 paulisper
792 2737 950 2765 transpositis,

104 2782 126 2800 et
143 2784 185 2806 pro
202 2777 376 2807 Prmtsz'pcttibzts
393 2779 465 2805 posita
484 2784 541 2799 voce
559 2776 715 2806 Principibus.

169 2816 178 2831 3
194 2817 230 2838 Sic
248 2817 277 2839 ad
294 2816 393 2839 verbum
411 2816 531 2838 exhibetur
548 2817 569 2837 in
582 2816 668 2841 tilossn„
690 2816 759 2843 paulo
777 2816 840 2837 aliter
853 2816 873 2836 in
887 2814 951 2837 Com-

105 2856 216 2877 mentario
235 2856 373 2883 Hieronymi.
392 2867 423 2871 —
440 2855 499 2876 llaec
516 2858 590 2876 sumta
609 2858 662 2877 sunt
678 2861 704 2876 ex
717 2854 858 2879 Aljmelardo,
877 2854 913 2875 Sic
930 2857 952 2876 et

105 2900 162 2919 non.
182 2901 200 2916 (-.
220 2893 255 2916 18.
279 2895 338 2916 eirca
357 2893 432 2916 tinem.

170 2933 179 2947 ⁴
196 2934 218 2955 ln
236 2934 313 2955 Glossn
332 2933 361 2955 ad
380 2933 435 2960 Eph.
454 2933 482 2960 3,
501 2933 521 2954 ἱ).
549 2933 586 2960 10,
612 2932 653 2954 sed
670 2932 809 2960 originaliter
835 2932 856 2953 in
875 2931 902 2953 V.
924 2931 951 2953 de

107 2973 161 2995 Gen.
180 2972 209 2994 ad
227 2973 257 2995 lit.
276 2979 294 2995 e.
316 2973 348 2995 19.
367 2978 388 2994 n.
408 2973 443 2994 38.
463 2973 499 2994 39.

1071 2697 1080 2711 5
1098 2698 1171 2724 Super
1189 2697 1258 2724 Epist.
1271 2697 1300 2718 ad
1314 2696 1369 2724 Eph,
1389 2696 1515 2724 (ran-olog.
1529 2696 1564 2718 lat.
1579 2699 1633 2718 tom.
1650 2697 1655 2718 l
1668 2697 1692 2718 17
1706 2697 1747 2719 eol.
1760 2697 1805 2718 7t5
1819 2699 1857 2725 tn).

1008 2749 1038 2752 —
1057 2736 1187 2758 immediate
1213 2738 1265 2763 post
1290 2741 1332 2763 pro
1355 2735 1536 2758 determinemus
1563 2736 1627 2758 codd,
1656 2735 1725 2758 BCE
1750 2735 1858 2759 determi-

1008 2781 1105 2798 immas.

1070 2814 1080 2828 6
1098 2814 1152 2836 Cod.
1171 2815 1214 2836 Erf.
1232 2815 1268 2836 hic
1286 2816 1393 2836 annotat:
1412 2814 1449 2836 Est
1466 2815 1543 2841 opinio
1561 2814 1677 2842 Hugonis,
1691 2815 1752 2836 Sent.
1766 2814 1788 2836 11.
1802 2820 1821 2836 e.
1835 2815 1856 2836 6.

1009 2854 1077 2875 Paulo
1095 2854 1188 2875 inferius
1206 2853 1267 2875 idem
1285 2853 1336 2875 eod.
1354 2854 1406 2875 citat
1423 2853 1598 2880 Gandolphnm,
1619 2853 1656 2875 lib.
1676 2853 1698 2874 11.
1717 2859 1735 2875 e.
1756 2853 1792 2875 43.

1071 2892 1081 2907 ⁷
1098 2893 1148 2914 Seii.
1167 2894 1227 2915 50111.
1247 2892 1260 2914 1.
1279 2899 1297 2915 c.
1321 2893 1352 2914 lO.
1372 2899 1392 2914 n.
1416 2893 1453 2921 17,
1473 2893 1587 2915 nonnullis
1607 2893 1704 2914 omissis.

1072 2931 1081 2946 Β
1099 2932 1185 2959 Dialog.
1204 2931 1253 2954 libr.
1272 2932 1307 2953 IV.
1326 2938 1344 2954 c.
1363 2932 1398 2954 33.
1417 2931 1461 2954 Cfr.
1479 2932 1583 2954 eiusdem
1602 2932 1624 2953 ll.
1640 2932 1714 2954 uorat.
1727 2938 1746 2954 0.
1765 2932 1784 2954 3.
1801 2938 1822 2954 n.
1835 2932 1857 2953 3.

1009 2971 1141 2993 Immedinte
1159 2973 1210 2999 post
1228 2974 1312 2993 textum
1330 2971 1397 2993 codd.
1416 2972 1523 2993 omittunt
1542 2970 1590 2993 Ubi.
