2243 3425
632 198 714 226 DlST.
737 198 815 227 XXV.
838 198 863 226 P.
886 198 903 226 l.
926 199 999 227 ART.

113 276 149 304 ad
170 276 275 304 bonum
297 279 324 304 et
345 276 380 304 ad
404 276 509 305 malum
532 277 710 306 indifferens:
731 284 798 314 ergo
813 285 900 314 supra
921 286 962 306 ra-

113 323 214 352 tionem
237 326 263 351 et
285 323 457 352 voluntatem
480 323 549 352 uiliil
570 324 656 353 addit.

193 369 218 398 3.
241 370 418 405 Praeterea¹‚
451 371 583 408 possibile
614 374 656 400 est
687 372 842 409 intelligere
868 375 961 409 poten-

112 417 196 452 tiam,
218 417 432 455 circumscripto
453 419 527 447 omni
551 418 663 453 habitu,
685 419 733 456 qui
755 419 833 447 addit
854 419 960 456 aliquid

112 472 198 501 supra
219 464 328 501 ipsam3
350 465 397 493 sed
420 465 592 502 impossibile
613 468 655 494 est
676 473 737 494 esse
759 466 803 494 vel
824 465 960 502 intelligi,

110 511 232 548 aliquem
265 512 370 540 habere
401 512 537 540 rationem
563 515 590 540 et
611 512 800 546 voluntatem,
829 513 876 549 qui
905 521 961 540 non

110 559 281 596 intelligatur
303 559 407 588 habere
422 559 543 588 liberum
558 559 726 587 arbitrium:
749 567 815 596 ergo
838 559 960 588 liberum

109 605 259 634 arbitrium
282 613 367 643 super
389 606 523 634 rationem
546 609 573 634 et
594 605 767 635 voluntatem
790 606 861 634 nihil
882 606 961 635 addit

109 660 223 681 novum.

188 700 215 728 Δ.
237 700 321 733 Item,
342 708 431 737 aeque
453 700 600 729 essentiale
621 703 663 729 est
682 701 793 729 animae
811 700 916 729 babere
932 700 961 729 li-

108 747 247 776 bertatem
268 747 412 782 arbitrii&
435 747 506 776 sicut
527 755 588 776 esse
602 748 638 776 ad
654 748 803 785 imaginem
823 748 888 782 Dei;
910 748 959 776 sed

109 801 173 823 cum
196 793 274 828 dieo,
295 793 417 822 animam
440 801 501 823 esse
522 794 558 823 ad
580 794 730 831 imaginem
752 794 810 828 Dei,
826 802 881 822 non
897 794 959 823 dieo

108 841 214 878 aliquid
247 841 375 869 additum
397 841 570 870 substantiae
591 845 618 870 et
638 841 786 879 potentiis:
810 849 877 878 ergo
898 841 959 879 pari

108 888 214 917 ratione
246 888 315 916 nihil
348 888 509 925 superaddo
538 889 637 917 rationi
660 892 687 917 et
708 888 865 923 voluntati,
894 896 959 918 eum

108 935 185 969 dieo,
207 935 328 964 animam
351 935 456 965 habere
477 936 598 965 liberum
621 936 779 964 arbitrium.

188 983 212 1011 ὃ.
235 983 318 1016 Item,
341 983 362 1011 si
386 983 507 1012 liberum
529 983 679 1012 arbitrium
706 983 823 1012 adderet
851 983 958 1020 aliquid

107 1038 193 1066 supra
215 1029 350 1058 rationem
382 1032 409 1058 et
438 1029 626 1064 voluntatem,
648 1032 697 1058 aut
722 1038 789 1067 ergo
811 1030 882 1059 illud
911 1029 959 1059 lta-

107 1077 183 1105 beret
213 1080 312 1105 ortam
343 1077 378 1105 ab
410 1076 466 1111 eis,
490 1080 539 1105 aut
560 1085 626 1105 non.
649 1077 675 1105 Si
696 1085 775 1105 non.-
798 1085 864 1114 ergo
887 1080 959 1107 esset

106 1124 220 1153 habitus
242 1123 381 1161 infusas,
414 1124 458 1153 vel
487 1124 669 1162 acquisitas,
698 1125 774 1162 quod
799 1125 958 1154 absurdum

106 1175 148 1201 est
169 1171 271 1200 dicere.
293 1172 319 1199 Si
340 1171 404 1200 sie.-
423 1179 490 1208 ergo
506 1179 570 1200 cum
596 1172 667 1200 illud
688 1172 763 1210 quod
779 1172 857 1201 addit
872 1181 959 1210 supra

105 1218 227 1248 alterum
249 1222 276 1247 et
298 1221 392 1247 ortum
425 1218 510 1247 habet
540 1219 575 1247 ab
597 1227 643 1254 eo,
669 1220 884 1256 dependentiam
913 1220 960 1249 ha-

104 1267 169 1296 beat
189 1267 225 1295 ab
246 1266 312 1301 illo;
334 1269 361 1295 et
382 1267 455 1304 quod
479 1267 619 1304 dependet
640 1270 667 1296 et
688 1270 781 1296 ortum
811 1268 896 1296 habet
923 1268 959 1296 ab

105 1314 209 1348 altero,
231 1314 324 1351 potius
352 1314 455 1342 habeat
480 1314 515 1342 ab
538 1314 585 1342 illo
607 1314 665 1351 regi
687 1322 772 1351 quam
796 1315 889 1352 ipsum
918 1323 959 1343 re-

61 1350 67 1358 ⁶
105 1368 186 1399 gere,
208 1361 301 1398 potius
323 1361 425 1390 habeat
445 1361 543 1390 subiici
567 1369 652 1398 quam
675 1361 831 1390 dominari:
853 1362 915 1391 ideo
931 1362 960 1390 li-

104 1408 206 1437 berum
227 1407 377 1436 arbitrium
398 1408 425 1436 in
448 1408 561 1436 homine
582 1416 637 1436 non
661 1408 821 1445 imperaret.

185 1456 210 1484 6.
232 1455 313 1489 Item,
336 1455 358 1484 si
381 1455 501 1484 liberum
523 1455 674 1484 arbitrium
694 1455 800 1484 diceret
821 1456 958 1491 habitum,

104 1503 151 1540 qui
164 1502 281 1531 adderet
295 1510 382 1539 supra
397 1501 532 1530 rationem
548 1505 575 1531 et
590 1502 776 1537 voluntatem3
788 1510 852 1531 eum
868 1511 958 1531 unum

105 1550 234 1579 accidens
255 1558 311 1578 non
334 1549 421 1586 possit
442 1557 502 1578 esse
524 1550 551 1577 in
567 1549 679 1578 duobus
695 1549 827 1578 subiectis
840 1550 864 1578 ³:
886 1550 959 1579 vide-

104 1600 166 1632 tur,
189 1597 264 1634 quod
286 1597 332 1625 ille
354 1596 467 1625 babitus
489 1597 606 1625 liaberet
628 1599 694 1625 tune
720 1596 875 1633 plurifieari
897 1606 959 1635 pro-

103 1648 166 1682 pter
197 1644 432 1681 plurifieationem
466 1643 582 1673 subiecti
605 1644 707 1681 primi,
729 1648 756 1673 et
777 1644 852 1681 quod
874 1644 958 1681 plura

104 1692 221 1721 arbitria
242 1695 334 1721 essent
356 1691 383 1720 in
405 1699 461 1720 uno
477 1691 608 1726 homine3
631 1691 706 1729 quod
728 1692 841 1720 omnino
864 1692 958 1721 deviat

103 1747 119 1767 a
141 1742 216 1768 reeta
238 1739 353 1767 ratione.

422 1841 635 1862 CONCLUSIO.

103 1927 241 1956 Liberam
263 1927 426 1956 arbitrium
440 1928 601 1956 secandam
617 1928 767 1957 essentiam
783 1927 858 1956 nilln'l
872 1929 957 1957 <caan

182 1983 278 2011 snpra
299 1974 446 2003 racionem
468 1979 493 2003 et
523 1975 716 2009 volantatem,
746 1975 831 2004 addit
859 1979 955 2005 tamen

183 2022 282 2060 ctttquo
307 2022 392 2050 modo
424 2022 585 2051 secandum
617 2030 678 2051 esse
706 2022 766 2051 sive
793 2023 955 2051 secandam

182 2069 354 2098 relationem.

182 2163 362 2192 RespoNnEo:
385 2164 424 2192 Ad
446 2164 655 2201 praedictorum
677 2164 889 2201 intelligentiam
910 2174 955 2194 no-

102 2210 219 2239 tandum
242 2213 298 2245 est,
320 2210 395 2247 quod
412 2218 477 2239 oum
493 2210 606 2240 habitus
628 2211 729 2240 reddat
743 2212 895 2249 potentiam
909 2212 954 2249 sa-

0 2266 88 2308 ffilsugnom·
102 2257 200 2291 cz'lem,
223 2260 250 2286 et
273 2258 362 2286 tribus
385 2258 476 2287 modis
497 2258 620 2295 potentia
641 2259 743 2288 babeat
758 2268 817 2288 esse
836 2258 953 2296 facilis,

101 2304 192 2333 tribus
208 2304 297 2333 modis
314 2304 397 2333 habet
418 2305 532 2334 habitus
553 2305 588 2334 ad
611 2306 763 2342 potentiam
785 2307 952 2343 comparari.

0 2360 57 2379 nodus
71 2360 87 2379 1.
101 2351 243 2388 Quaedam
266 2359 387 2388 namque
402 2352 524 2389 potentia
539 2355 669 2389 respectu
683 2353 803 2382 alicuius
818 2356 897 2382 aetus
912 2356 954 2381 est

100 2399 188 2428 facilis
200 2407 254 2435 per
268 2408 297 2426 se
314 2399 419 2435 ipsam,
435 2402 467 2427 ut
482 2402 568 2435 patet,
583 2407 647 2428 cum
663 2399 766 2428 dicitur
788 2408 867 2428 mens
893 2408 953 2428 esse

100 2449 165 2474 nata
176 2446 211 2474 ad
228 2445 438 2474 meminendum
451 2446 493 2474 sui
508 2446 603 2482 ipsius,
615 2446 659 2474 vel
672 2446 884 2483 intelligendum
898 2448 954 2481 se⁴3

101 2496 128 2522 et
149 2496 214 2522 tune
230 2493 292 2522 talis
308 2493 421 2522 habitus
443 2502 498 2522 non
513 2493 606 2522 differt
621 2502 637 2522 a
652 2494 775 2531 potentia
796 2493 952 2522 seeundum

100 2549 180 2575 rem,
202 2541 250 2569 sed
273 2541 429 2570 seeundum
452 2541 596 2569 rationein
625 2544 652 2570 et
672 2541 793 2569 modam
818 2541 954 2575 climat&

101 2590 128 2616 et
148 2591 215 2617 tune
236 2596 290 2617 non
313 2588 391 2617 addit
413 2588 519 2625 aliquid
535 2588 690 2617 seeundum
708 2588 880 2622 essentiam,
903 2588 952 2617 sed

163 2733 170 2747 ¹
189 2733 239 2755 Vat.
257 2739 311 2755 euin
329 2733 381 2756 edd.
401 2735 425 2762 2,
445 2734 469 2762 3,
489 2734 501 2756 t
519 2737 541 2756 et
558 2735 627 2763 aliqui
645 2734 713 2757 codd.
732 2736 796 2758 Item.

162 2772 171 2786 '2
190 2773 239 2794 Vat.
257 2779 310 2795 cum
323 2773 375 2795 edd.
395 2774 419 2801 2,
438 2774 464 2801 3,
479 2773 491 2795 4
510 2772 610 2796 liberum
623 2772 759 2797 arbitrium.
773 2787 802 2790 —
815 2775 846 2797 Do
863 2774 953 2797 mamre·

101 2810 140 2832 cfr.
158 2817 227 2838 supra
246 2811 267 2833 d.
291 2812 322 2834 16.
341 2818 360 2833 a.
384 2812 401 2834 1.
419 2819 441 2841 q.
464 2813 481 2834 l.
500 2818 548 2840 seq.

163 2848 173 2863 ³
189 2849 307 2872 Rationem
325 2850 379 2873 vide
391 2857 461 2879 supra
475 2857 528 2879 pag.
551 2852 555 2872 1
567 2852 603 2879 19,
622 2855 674 2873 nota
691 2852 712 2873 8.
724 2864 755 2867 —
768 2852 810 2874 Pro
823 2851 847 2874 in
859 2850 951 2874 duobus

100 2887 207 2911 subiectis
225 2889 292 2911 codd.
310 2889 326 2911 Ε
336 2890 354 2911 K
366 2890 395 2911 W
405 2896 431 2912 aa
441 2889 473 2912 bb
491 2890 515 2913 in
531 2889 626 2913 <Iuribus
642 2889 787 2913 substantiis.

162 2926 171 2941 ⁴
189 2927 232 2950 cfr.
251 2928 265 2950 l.
283 2928 343 2951 Sent.
363 2928 384 2951 d.
403 2929 424 2951 3.
448 2935 470 2957 p.
489 2930 511 2951 ll.
533 2936 552 2951 a.
572 2930 592 2952 2.
612 2936 633 2958 q.
656 2930 673 2951 1.
692 2929 720 2951 ad
743 2930 759 2951 1.
778 2942 807 2945 ⁴
825 2930 867 2951 Pro
886 2935 951 2952 mens

102 2971 150 2989 esse
166 2968 235 2995 nata,
255 2974 314 2995 quae
327 2968 392 2990 lectio
405 2969 512 2991 convenit
524 2974 577 2991 cum
590 2969 639 2991 lect.
653 2968 720 2991 codd.
736 2969 752 2990 F
762 2969 779 2990 H
790 2969 808 2991 l<
820 2969 838 2990 T
849 2968 867 2990 Y
877 2975 902 2990 aa
913 2975 951 2997 ee,

101 3005 151 3028 Vat.
168 3012 234 3029 mens
251 3007 285 3029 est
300 3008 365 3029 nilla.

1023 198 1138 228 UNICUS
1160 199 1297 236 QUAEST.
1320 201 1349 229 V.
1812 202 1868 231 603

1021 277 1113 306 solum
1135 278 1291 307 seeundum
1321 278 1473 307 rationein.
1487 296 1526 299 —
1547 280 1691 316 Quaedam
1712 284 1754 310 est
1775 285 1867 319 poten·
1880 295 1946 314 nodus
1959 296 1975 313 2.

1022 325 1074 359 tia,
1104 333 1175 362 quae
1207 329 1337 363 respectu
1369 326 1489 355 alieuius
1520 331 1600 356 aetus
1621 331 1662 357 est
1684 328 1786 358 habilis
1812 338 1868 366 per

1019 372 1135 410 aliquid
1155 373 1221 407 sni,
1244 373 1316 402 sieut
1337 374 1460 411 potentia
1492 374 1660 404 intellectiva
1680 375 1716 404 ad
1739 376 1868 413 cognitio-

1019 426 1081 448 nem
1105 419 1262 456 figurarum
1295 421 1530 457 geometricarum
1554 430 1608 450 non
1630 426 1672 451 est
1693 423 1795 452 babilis
1816 432 1866 461 per

1019 473 1048 494 se
1070 466 1175 502 ipsam,
1197 467 1245 496 sed
1267 467 1361 504 potius
1394 475 1442 505 per
1474 468 1587 505 aliquod
1609 469 1738 499 accidens
1751 469 1770 505 ⁵,
1792 471 1866 508 quod

1018 512 1102 541 habet
1123 520 1184 542 esse
1206 514 1234 542 in
1256 521 1304 548 ea3
1326 517 1353 543 et
1376 517 1441 543 tune
1462 515 1576 544 habitus
1598 516 1661 545 talis
1681 517 1760 546 addit
1781 526 1867 555 supra

1018 559 1169 595 potentiam
1191 568 1246 588 non
1261 561 1352 589 solum
1369 562 1524 590 seeundum
1540 563 1696 598 rationem,
1718 565 1767 593 sed
1783 566 1866 594 etiam

1018 605 1174 634 seeundum
1204 608 1359 636 essentiam
1385 611 1411 637 et
1442 617 1513 637 rem.
1536 626 1574 630 —
1595 610 1693 647 Aliqua
1724 619 1791 640 vero
1822 621 1866 649 po·
1882 625 1977 643 inausa.

1017 652 1103 681 tentia
1124 652 1213 682 facilis
1235 658 1276 683 est
1297 655 1332 683 ad
1355 655 1477 693 aliquem
1509 660 1602 685 actum
1626 666 1680 694 per
1701 667 1731 686 se
1752 659 1866 696 msam,

1018 708 1071 728 non
1095 703 1187 729 tamen
1208 701 1289 735 sota,
1312 702 1361 731 sed
1383 711 1447 731 cani
1471 703 1550 737 atz'a,·
1571 707 1598 732 et
1622 705 1661 733 sie
1684 707 1805 742 potentia
1826 716 1867 736 ra—

1017 746 1127 775 tionalis
1149 747 1208 776 sine
1229 747 1324 784 aliquo
1346 748 1444 777 habitu
1466 750 1649 786 superaddito
1671 759 1706 780 ex
1726 753 1785 781 sola
1807 762 1868 783 con—

1016 793 1157 822 iunctione
1190 795 1234 823 sui
1257 803 1322 824 eum
1343 796 1470 833 appetitu
1491 800 1556 825 nata
1578 801 1619 826 est
1642 798 1667 826 in
1689 802 1782 828 aetum
1805 809 1866 829 eon-

1017 841 1152 869 sentiendi
1175 844 1202 870 et
1222 841 1342 878 eligendi
1365 843 1452 871 exire.
1477 843 1507 871 Et
1529 843 1582 872 hoe
1597 845 1680 873 modo
1695 845 1808 875 habitus
1824 848 1867 877 vel

1016 887 1134 917 facultas
1156 896 1210 917 non
1238 889 1317 917 addit
1337 889 1444 926 aliquid
1470 890 1615 919 diversum
1647 893 1803 922 secundum
1830 904 1869 923 es-

1015 935 1158 969 sentiam,
1180 943 1231 964 nee
1253 936 1331 965 addit
1360 936 1452 965 solum
1476 938 1632 967 seeundum
1655 940 1801 969 rationem
1827 942 1867 971 in-

1016 981 1171 1019 tetlzyendi,
1193 983 1241 1011 sed
1258 983 1352 1011 medio
1371 984 1456 1012 modo
1478 984 1573 1019 addit,
1595 986 1750 1015 secundum
1774 996 1833 1017 esse
1846 989 1866 1023 Β,

1016 1029 1081 1066 quia
1096 1037 1151 1058 non
1167 1030 1245 1058 addit
1266 1030 1373 1068 aliquid
1387 1031 1572 1066 absolutam,
1588 1033 1635 1061 sed
1652 1024 1845 1071 inspectivam
1856 1047 1867 1070 ;

1016 1076 1088 1106 sicut
1113 1080 1202 1114 patet:
1226 1086 1291 1106 eum
1313 1078 1375 1107 dico
1397 1079 1534 1108 rationem
1552 1088 1606 1117 per
1627 1089 1657 1109 se
1682 1084 1708 1110 et
1731 1083 1867 1113 rationem

1016 1124 1196 1153 associatam
1218 1125 1277 1154 sive
1297 1125 1459 1154 adiunctam
1482 1127 1628 1162 voluntati,
1650 1136 1704 1156 non
1726 1129 1800 1158 addo
1821 1130 1867 1159 ali-

1016 1171 1081 1208 quid
1105 1179 1210 1200 novum
1238 1180 1324 1209 supra
1358 1173 1447 1210 ipsam
1481 1174 1616 1203 rationem
1639 1176 1801 1204 seenmtmn
1821 1186 1864 1211 se,

1016 1219 1065 1247 sed
1087 1219 1178 1247 solum
1201 1219 1433 1248 coniunctionem
1454 1220 1546 1249 suiad
1570 1221 1707 1257 alterum,
1729 1227 1867 1260 quantum

1015 1265 1051 1294 ad
1066 1266 1189 1303 aliquem
1205 1270 1421 1304 consequentem
1436 1271 1539 1296 actum.
1556 1268 1633 1298 Unde
1648 1270 1732 1305 sieut,
1754 1271 1867 1308 quando

1015 1313 1113 1350 plures
1141 1317 1314 1342 concurrunt
1344 1315 1379 1343 ad
1404 1315 1569 1344 trahendam
1591 1324 1691 1346 navem
1714 1318 1758 1347 vel
1780 1319 1868 1348 feren-

1016 1360 1083 1389 dum
1107 1360 1238 1397 lapidem,
1263 1362 1385 1398 potentia
1406 1362 1491 1391 unius
1513 1363 1606 1392 reddit
1626 1365 1779 1401 potentiam
1801 1366 1866 1396 alte—

1016 1407 1076 1436 rius
1098 1408 1224 1443 facilem,
1246 1408 1282 1436 ita
1305 1409 1380 1446 quod
1413 1409 1491 1438 nulla
1514 1418 1586 1439 nova
1609 1411 1700 1441 virtus
1725 1412 1769 1441 vel
1793 1413 1868 1442 habi-

1016 1454 1079 1483 litas
1100 1455 1214 1484 advenit
1242 1456 1382 1493 potentiae
1403 1456 1523 1485 alieuius
1545 1458 1683 1487 trahentis
1712 1459 1739 1487 in
1762 1467 1807 1494 se3
1830 1460 1868 1489 sie

1015 1502 1084 1530 etin
1098 1503 1242 1539 proposito
1258 1503 1470 1540 intelligendum
1486 1507 1527 1533 est
1541 1512 1571 1533 se
1588 1505 1787 1535 habere—Et
1803 1507 1867 1536 hine

1014 1552 1071 1581 est,
1093 1549 1168 1586 quod
1192 1549 1312 1578 liberum
1334 1550 1497 1585 arbitrium,
1519 1552 1570 1580 etsi
1592 1552 1721 1582 accidens
1744 1561 1804 1583 esse
1827 1554 1865 1583 vi-

1015 1595 1131 1631 deatur,
1155 1596 1182 1624 in
1204 1599 1341 1634 quantum
1364 1601 1443 1626 sonat
1465 1598 1492 1626 in
1516 1599 1651 1628 rationein
1673 1600 1806 1635 habitus,
1826 1609 1866 1630 se·
1879 1612 1978 1631 nonensis>
1993 1614 2009 1631 1.

1014 1643 1140 1672 eundum
1162 1651 1222 1672 rem
1245 1647 1337 1672 tamen
1360 1653 1413 1673 non
1446 1648 1488 1674 est
1508 1646 1638 1675 accidens
1659 1648 1800 1684 potentiae
1821 1656 1866 1678 su-

1014 1690 1203 1727 peradditum.
1227 1692 1257 1720 Et
1289 1691 1416 1726 iterant,
1441 1692 1504 1722 lieet
1532 1694 1566 1722 sit
1589 1694 1717 1729 habitus,
1740 1696 1806 1733 quia
1829 1700 1866 1725 ta-

1014 1745 1078 1767 men
1106 1746 1160 1767 uon
1190 1739 1256 1767 dicit
1284 1739 1413 1768 habitum
1442 1740 1529 1769 unius
1554 1741 1694 1778 potentiae
1722 1742 2006 1779 absolute,‹:0n01usio-z.

1014 1785 1062 1814 sed
1078 1794 1143 1814 eum
1165 1786 1300 1815 relatione
1322 1787 1407 1815 unius
1422 1787 1457 1815 ad
1472 1787 1590 1816 alteram
1602 1789 1624 1822 7;
1641 1789 1666 1817 in
1688 1789 1801 1819 duabus
1822 1799 1867 1828 po-

1014 1833 1106 1861 tentiis
1127 1833 1185 1862 sive
1207 1837 1337 1870 respectu
1353 1834 1475 1862 duarum
1495 1835 1683 1871 potentiarum
1700 1839 1790 1873 potest
1805 1845 1866 1867 esse

1013 1888 1096 1909 unus.
1118 1880 1177 1909 Nou
1198 1881 1271 1909 enim
1294 1884 1336 1910 est
1366 1881 1479 1911 babitus
1511 1883 1712 1919 superadditus
1734 1892 1784 1921 per
1806 1893 1866 1922 gra-

1013 1928 1066 1956 tiae
1089 1928 1267 1963 infusionem,
1290 1928 1334 1957 vel
1356 1936 1406 1965 per
1429 1929 1552 1958 innatam
1575 1930 1795 1967 dispositionem,
1816 1933 1864 1961 sed

1012 1974 1105 2011 potius
1127 1975 1230 2003 dieitur
1252 1983 1312 2004 esse
1344 1976 1473 2011 habitus,
1506 1985 1562 2014 quo
1595 1978 1664 2006 ratio
1686 1982 1713 2007 et
1736 1979 1865 2009 voluntas

1012 2022 1070 2050 suis
1091 2022 1200 2051 actibus
1222 2023 1421 2058 dominantur;
1442 2024 1489 2061 qui
1512 2025 1627 2062 quidem
1652 2029 1694 2055 est
1716 2026 1742 2054 in
1765 2027 1804 2055 eis
1826 2035 1862 2056 ex

1011 2077 1062 2098 sua
1086 2069 1205 2098 naturali
1228 2070 1350 2107 origine.
1373 2078 1424 2108 pro
1446 2079 1478 2100 eo
1500 2072 1575 2109 quod
1598 2073 1764 2102 naturaliter
1797 2074 1864 2103 istae

1010 2116 1085 2145 duae
1107 2117 1245 2154 potentiae
1268 2117 1294 2145 in
1317 2118 1414 2147 eadem
1437 2119 1594 2148 substantia
1616 2123 1681 2148 sunt
1704 2121 1862 2155 radicatae,

1010 2171 1062 2192 nee
1084 2164 1226 2201 contingit,
1249 2173 1335 2193 unam
1361 2165 1396 2194 al]
1417 2166 1506 2194 altera
1528 2167 1652 2203 separari
1665 2167 1682 2195 ⁸.
1704 2184 1744 2188 —
1765 2168 1863 2196 Conce-

1011 2211 1118 2240 dendae
1140 2215 1206 2240 suut
1227 2212 1312 2249 igitur
1335 2212 1456 2241 rationes
1484 2214 1678 2248 ostendentes,
1700 2215 1775 2251 quod
1799 2215 1862 2244 libe-

1011 2267 1075 2287 rum
1097 2259 1247 2287 arbitrium
1269 2260 1425 2288 seeundum
1452 2260 1606 2288 essentiam
1629 2261 1697 2289 nibil
1719 2261 1797 2290 addit
1820 2270 1862 2291 su-

1010 2314 1062 2343 pra
1093 2306 1230 2334 rationem
1263 2310 1290 2335 et
1321 2306 1510 2338 voluntatem;
1542 2307 1620 2335 addit
1653 2311 1744 2336 tamen
1766 2308 1860 2346 aliquo

1011 2353 1094 2381 modo
1107 2353 1264 2381 semitutum
1276 2362 1335 2381 esse
1347 2353 1405 2381 sive
1421 2354 1576 2382 secundum
1594 2354 1773 2389 relationem,
1789 2364 1861 2393 quae

1011 2399 1123 2436 quidem
1143 2407 1196 2427 non
1213 2400 1298 2436 ponit,
1319 2400 1442 2436 aliquam
1458 2408 1560 2429 novam
1578 2401 1741 2438 qualitatem
1757 2410 1818 2432 esse
1835 2403 1861 2431 in

1012 2446 1118 2475 ratione
1141 2447 1184 2474 vel
1207 2446 1363 2481 voluntate,
1386 2447 1433 2475 sed
1456 2448 1542 2484 ponit,
1566 2449 1701 2477 rationem
1723 2452 1750 2478 et
1766 2450 1862 2479 volun-

1012 2496 1095 2521 tatem
1117 2493 1152 2521 ad
1175 2500 1264 2521 unum
1290 2497 1382 2522 actum
1405 2502 1574 2523 concurrere
1600 2496 1755 2524 seeundum
1785 2500 1862 2526 natu-

1011 2540 1098 2568 ralem
1121 2540 1315 2577 aptitudinem.

1093 2589 1115 2615 l.
1139 2587 1177 2615 :ld
1201 2588 1267 2616 illud
1291 2588 1365 2624 quod
1389 2588 1528 2623 obiicitur,
1544 2589 1619 2626 quod
1635 2590 1725 2619 omnis
1747 2591 1860 2621 habitus
1874 2602 1945 2620 solutio
1959 2608 1993 2626 op.

1874 2626 1984 2649 positorum.

1894 2224 1993 2243 Conclusio

1877 2249 1978 2270 generalis.

1072 2735 1081 2749 ⁵
1097 2734 1153 2757 Cod.
1172 2734 1190 2756 Y
1208 2734 1271 2756 addit
1288 2732 1375 2756 scilicet
1391 2733 1513 2757 scientiam
1530 2735 1703 2764 qeometricaon.

1071 2773 1081 2787 r,
1098 2773 1151 2801 Vel,
1169 2776 1192 2795 nt
1211 2774 1231 2794 in
1251 2773 1294 2794 fine
1316 2779 1378 2800 corp.
1398 2772 1490 2800 dicitur,
1514 2773 1645 2797 secundnm
1662 2774 1811 2799 relationem.
1830 2790 1860 2792 —

1009 2813 1058 2835 Mox
1077 2815 1128 2840 post
1146 2811 1301 2841 respeclivmn
1318 2812 1384 2834 codd.
1399 2812 1418 2833 X
1432 2818 1458 2835 eo
1476 2812 1601 2835 subiiciunt
1613 2815 1720 2842 tantum,-
1739 2815 1791 2837 dein
1807 2815 1859 2838 cod.

1010 2851 1030 2873 X
1048 2855 1100 2879 post
1117 2856 1171 2873 rum
1189 2851 1301 2873 interserit
1315 2850 1384 2873 enim.

1075 2890 1085 2904 ⁷
1098 2890 1162 2917 Edd.,
1182 2893 1275 2918 excepta
1299 2891 1315 2918 l,
1333 2896 1386 2912 cum
1405 2891 1485 2918 paucis
1502 2891 1570 2913 codd.
1588 2891 1698 2915 alteram.

1072 2929 1081 2943 ὃ
1099 2929 1155 2951 Edd.
1173 2935 1225 2951 cum
1244 2929 1350 2957 pluribus
1367 2929 1434 2952 codd.
1453 2936 1573 2959 septa-are.
1592 2931 1660 2954 Paulo
1682 2933 1789 2960 superins
1807 2933 1856 2955 Vat.

1009 2970 1060 2991 voci
1079 2968 1200 2991 radicatae
1219 2970 1342 2997 praemittit
1359 2968 1446 2993 inclitae
1463 2970 1505 2993 vel.
