2243 3425
0 2306 86 2329 rustinus*

852 208 1035 237 etSTtNCTiO
1058 209 1146 237 xxiv.

488 283 548 310 Car.
573 284 604 311 V.

333 369 370 395 Me
390 368 536 395 rafioozessel
554 369 677 403 pai-selom
697 370 762 397 eiu&

194 456 335 482 «Rationis
355 459 443 482 autem
464 462 527 490 pars
540 455 665 490 superior
685 456 800 483 aeternis
821 457 968 484 rationibus

118 497 318 532 conspiciendis
338 498 378 524 vel
398 498 569 524 consulendis
589 498 773 528 adhaerescit,
797 499 884 532 portio
904 499 968 533 infe-

118 541 179 567 rior
192 541 225 568 ad
246 541 403 575 temporalia
423 541 598 574 gubernanda
618 541 787 568 deflectunt-¹
803 553 825 568 ».
852 553 863 565 «
876 543 909 568 Et
924 543 966 570 illa

118 584 228 611 rationis
248 585 366 615 intentio,
384 591 436 618 qua
456 583 671 618 contemplamur
689 587 804 616 aeterua,
819 584 966 619 sapiendae

939 670 1009 698 PAas

474 766 535 793 etp,
555 767 595 793 Vl.

262 854 301 880 De
319 852 408 879 simila·
426 852 522 880 ordine
541 852 672 887 peccandi
689 852 719 880 2⁴72
739 853 816 880 noeis

352 901 375 923 ec
395 896 425 923 in
443 895 543 931 primis
561 895 728 931 parentibus.

184 991 251 1018 Illud
270 998 379 1026 quoque
398 991 666 1025 praetermittendum
679 998 731 1018 non
746 993 799 1024 est,
817 991 890 1025 quod
905 990 964 1017 talis

113 1042 184 1062 nunc
203 1035 228 1061 in
250 1042 303 1061 uno
324 1034 432 1061 homine
453 1034 604 1061 tentationis
624 1037 664 1060 est
683 1033 748 1060 ordo
762 1037 788 1061 et
801 1033 963 1068 progressio,

111 1078 199 1114 qualis
229 1081 292 1105 tunc
320 1078 346 1104 in
366 1077 461 1112 primis
480 1077 628 1112 praecessit
648 1077 813 1112 parentibus.
834 1077 868 1104 Ut
894 1077 964 1104 enim

114 1125 175 1148 tunc
194 1128 305 1156 serpens
324 1120 430 1147 mulieri
450 1120 550 1147 malum
570 1120 668 1152 suasit,
683 1120 796 1155 ipsaque
809 1119 962 1153 consensit⁷

113 1164 210 1191 deinde
238 1164 295 1191 viro
319 1171 368 1191 suo
388 1163 476 1197 (ledit,
496 1164 590 1198 sicque
610 1167 825 1191 consummatum
845 1167 885 1190 est
904 1171 964 1198 pec-

112 1211 200 1235 catum
212 1218 218 1241 ;

467 1281 527 1309 CAP.
553 1281 604 1308 Vll.

196 1353 271 1386 Quod
292 1353 322 1379 m
340 1352 418 1380 ozobt's
438 1356 474 1379 est
492 1352 536 1378 vz'r
555 1357 578 1379 el
597 1352 697 1379 mulier
717 1356 740 1379 ec
759 1360 876 1387 serpens.

182 1432 218 1458 Ita
238 1434 264 1458 et
284 1438 354 1458 nunc
375 1431 399 1457 in
428 1431 506 1458 nobis
534 1438 583 1465 pro
612 1435 732 1465 serpente
761 1434 800 1458 est
829 1431 961 1458 sensualis

110 1478 198 1502 motus
217 1474 334 1507 animae,
355 1481 404 1508 pro
424 1473 539 1500 muliere
553 1474 661 1500 insertor
674 1474 762 1508 portio
777 1474 895 1506 rationis,
910 1482 959 1509 pro

109 1518 169 1545 viro
197 1518 322 1553 superior
350 1517 460 1544 rationis
484 1517 582 1551 portio.
602 1517 635 1543 Et
655 1517 698 1544 liic
719 1520 758 1544 est
777 1518 832 1549 vir,
853 1517 899 1552 qui
922 1525 961 1545 se-

109 1561 227 1588 cundum
255 1560 412 1596 Apostolum
436 1559 536 1587 dieitur
555 1559 644 1595 imayo
663 1564 687 1586 et
712 1559 802 1595 ,cloria
822 1559 914 1592 Dei³;
935 1563 961 1587 et

109 1604 153 1630 illa
173 1607 212 1631 est
231 1603 341 1636 mulier,
370 1610 440 1638 quae
462 1603 611 1630 secundum
640 1602 755 1630 eundem
782 1603 881 1629 dicitur
905 1602 960 1638 ylo-

107 1655 152 1674 rza
170 1655 233 1674 vm.

456 1721 516 1748 CAP.
546 1721 609 1748 VlIl.

151 1794 188 1821 De
207 1792 350 1828 spirituali
367 1791 490 1827 cootz'uyz'o
510 1791 568 1818 vz'rz'
585 1796 609 1819 cc
628 1791 753 1819 mulieris
774 1791 804 1818 z'n
823 1791 909 1819 nobis.

178 1864 265 1898 Atque
285 1864 354 1890 inter
372 1863 444 1890 hunc
464 1863 550 1890 virum
570 1865 596 1890 et
616 1863 685 1890 lianc
704 1862 843 1890 mulierem
864 1865 903 1890 est
917 1870 958 1890 ve-

105 1908 145 1935 lut
164 1907 301 1943 quoddam
321 1906 460 1942 spirituale
479 1906 634 1940 coniugium
653 1906 836 1941 naturalisque
855 1910 958 1934 contra-

107 1953 181 1982 ctus,
211 1958 265 1985 quo
293 1950 417 1985 superior
441 1949 552 1976 rationis
579 1949 668 1984 portio
703 1950 779 1984 quasi
809 1949 850 1976 vir
878 1949 958 1977 debet

107 2000 232 2028 praeesse
252 1996 276 2020 et
298 1993 448 2023 dominari;
470 1992 578 2019 inferior
592 1999 655 2019 vero
671 1993 747 2027 quasi
763 1992 859 2019 mulier
878 1992 958 2020 debet

107 2037 217 2065 subesse
237 2040 263 2064 et
282 2036 400 2064 obedire.
420 2036 482 2063 Ideo
503 2035 544 2062 vir
563 2035 711 2063 secundum
732 2036 890 2070 Apostolum
904 2044 956 2063 non

107 2081 187 2108 debet
205 2080 306 2108 habere
333 2079 472 2110 velcmzen,
496 2079 542 2106 sed
563 2079 688 2106 mulier&
708 2079 741 2105 Et
760 2079 830 2106 sicut
849 2079 875 2106 in
895 2087 957 2106 cun-

106 2124 156 2151 ctis
176 2122 357 2151 animantibus
376 2130 428 2149 non
449 2125 489 2149 est
509 2125 646 2156 repertum
666 2121 768 2148 homini
787 2120 956 2149 adiutorium

105 2165 195 2194 simile
213 2165 285 2197 sihi,
314 2165 362 2192 sed
390 2165 423 2192 de
443 2165 487 2192 illo
507 2169 625 2192 sumtum
650 2164 721 2199 quod
752 2165 776 2192 ei
797 2165 956 2193 formaretur

106 2211 132 2236 in
152 2209 325 2243 coniugium3
354 2209 390 2236 ita
418 2212 444 2235 et
473 2209 498 2234 in
518 2208 641 2243 partibus
661 2209 780 2239 animae,
801 2215 868 2243 quas
894 2216 955 2236 cum

105 2252 249 2288 pecoribus
277 2251 408 2279 habemus
434 2258 605 2284 comumnes,
625 2251 726 2278 nullum
748 2252 827 2278 menti
849 2255 956 2280 nostrae

106 2296 193 2323 simile
220 2298 260 2322 est
289 2295 461 2322 adiutorium.
490 2294 565 2321 Unde
593 2295 759 2328 Augustinus
779 2295 803 2321 in
825 2295 955 2322 eodem⁵÷

112 2338 201 2365 «Illud
223 2341 356 2370 nostrum,
377 2338 449 2372 quod
470 2338 495 2364 in
516 2338 621 2365 actione
641 2337 829 2372 temporalium
844 2341 957 2364 tractau-

105 2381 199 2408 dorum
230 2381 265 2407 ita
293 2384 430 2413 versatur,
457 2384 485 2407 ut
505 2388 556 2407 non
576 2381 609 2407 sit
629 2380 707 2407 nobis
727 2387 869 2408 commune
894 2387 954 2406 cum

105 2431 217 2459 pecore,
246 2423 376 2450 rationale
405 2427 444 2450 est
472 2423 595 2457 quidem,
624 2423 669 2449 sed
699 2430 732 2449 ex
759 2422 802 2448 illa
830 2422 953 2449 rationali

106 2470 208 2498 mente,
228 2473 280 2501 qua
301 2466 497 2493 subhaeremus
516 2465 675 2499 intelligibili
696 2468 721 2491 et
741 2464 953 2491 incommutabili

107 2510 226 2541 veritati,
248 2513 376 2544 tanquam
396 2509 507 2536 ductum
527 2512 553 2535 et
567 2507 738 2534 interioribus
752 2507 898 2534 tractandis
911 2514 955 2541 gu-

106 2552 305 2587 bernandisque
333 2552 491 2586 deputatum
520 2554 567 2578 est.
597 2550 671 2577 Sicut
694 2550 764 2577 enim
785 2550 810 2576 in
831 2549 955 2576 omnibus

105 2596 249 2630 pecoribus
278 2603 328 2622 non
359 2598 398 2622 est
427 2595 564 2622 inventum
591 2594 648 2620 viro
677 2593 840 2620 adiutorium
868 2592 954 2619 simile

106 2638 151 2671 ilii,
171 2639 220 2665 nisi
242 2638 275 2665 de
290 2638 334 2665 illo
348 2638 498 2665 detractum
513 2638 537 2664 in
553 2637 706 2672 coniugium
727 2636 903 2668 formaretur;
918 2636 953 2662 ita

169 2768 175 2782 ¹
195 2768 250 2791 ibid.
270 2774 320 2796 cap.
339 2768 360 2790 7.
379 2775 399 2790 n.
419 2769 459 2795 ⁴23
477 2774 525 2797 seq.
544 2769 609 2790 locus
626 2773 644 2790 c.
665 2766 700 2789 44..
714 2773 735 2789 n.
749 2767 790 2794 223
804 2768 884 2790 tertius
896 2767 951 2790 ibid,

107 2813 125 2829 c.
145 2807 164 2829 t.
183 2813 202 2829 n.
223 2807 252 2834 4,
270 2811 292 2830 et
310 2810 406 2836 quartus
423 2813 442 2829 c.
460 2807 496 2828 t-z.
515 2813 536 2829 n.
559 2807 591 2828 17.

167 2846 177 2860 2
194 2845 262 2874 Edd„
281 2849 374 2874 excepta
394 2847 402 2868 ·1
415 2864 419 2873 ,
433 2845 685 2873 commemoravivms,
700 2844 869 2873 refragantibus
885 2844 960 2867 codd·

145 2885 256 2908 orivinali.

105 2888 128 2908 et
166 2904 261 2952 ³0Epist.
281 2925 296 2947 1.
315 2924 414 2947 Corinth.
438 2925 474 2952 lt,
491 2924 512 2946 7.
527 2936 556 2939 —
568 2923 711 2951 Notandum,
725 2923 789 2952 quod
801 2924 869 2946 ctiam
882 2924 918 2946 liic
929 2924 951 2946 in

108 2964 183 2986 media
194 2964 351 2992 propositione
363 2969 412 2992 cap.
425 2963 471 2985 Vll.
484 2964 569 2991 incipit.
581 2963 639 2985 Vide
651 2968 720 2991 supra
734 2969 787 2991 pag.
801 2963 853 2990 333,
866 2966 918 2985 nota
931 2963 952 2985 3.

169 3002 177 3017 ⁴
194 3003 250 3026 lbid.
268 3009 291 3024 v.
310 3003 331 3024 6.
350 3015 380 3019 —-
398 3003 446 3025 Mox
464 3003 585 3030 respicitur
602 3002 657 3024 Gen.
676 3003 697 3024 2.
715 3002 757 3030 20,
775 3001 814 3024 ubi
834 3002 953 3030 Vulgata:

1818 215 1870 243 551

1028 286 1186 321 deputatum
1208 287 1251 314 illa
1274 296 1350 319 vero,
1371 297 1422 324 qur·
1445 290 1511 317 bene
1531 291 1631 318 utimur
1650 291 1731 318 rebus
1745 295 1878 326 tempora-

1028 329 1113 359 libus.
1132 329 1258 357 scientiae
1278 331 1422 366 deputatur
1436 344 1460 359 n.
1484 345 1493 356 «
1510 333 1574 360 Cum
1590 341 1653 361 vero
1668 334 1825 361 disserimus
1844 335 1877 362 de

1028 375 1121 399 natura
1151 374 1247 400 mentis
1277 375 1424 407 humanae,
1452 376 1485 402 de
1509 384 1565 403 uitri
1585 377 1701 411 quadam
1724 385 1752 404 re
1772 377 1878 405 disseri-

1028 422 1100 448 mus,
1122 423 1169 442 uec
1192 424 1249 443 eam
1272 417 1296 444 in
1317 417 1384 445 baec
1403 419 1468 450 duo,
1490 426 1559 454 quae
1573 421 1781 448 commemoravi
1793 420 1811 452 ²,
1825 422 1876 448 uisi

1027 466 1075 493 per
1094 459 1179 494 officia
1199 461 1366 494 geminamus
1380 473 1403 487 ».
1429 473 1439 485 «
1454 462 1573 489 Carnalis
1587 467 1675 490 autem
1691 464 1731 491 vel
1745 464 1877 492 sensualis

1026 504 1130 530 animae
1151 507 1252 531 motus,
1273 505 1318 539 qui
1335 506 1359 531 iu
1374 507 1496 540 corporis
1516 515 1610 534 seusus
1631 508 1784 541 intenditur,
1799 509 1876 536 nobis

1026 546 1224 580 pecoribusque
1244 549 1393 575 communis
1412 553 1465 582 est,
1480 551 1525 584 qui
1540 550 1661 577 seclusus
1680 555 1716 578 est
1738 559 1751 578 a
1773 552 1876 580 ratione

1024 587 1188 622 sz‘spz'ezutt'ae,
1209 590 1304 616 rationi
1325 594 1413 617 autem
1433 591 1559 619 scz'cmlac
1579 593 1682 620 vicinus
1702 597 1741 620 est
1755 599 1779 621 »2
1821 602 1824 603 ⁷

1032 671 1060 699 il.

1023 770 1103 796 menti
1120 773 1233 802 nostrae,
1247 779 1299 805 qua
1314 779 1459 806 supernam
1473 774 1638 802 consulimus
1653 777 1804 809 veritatem,
1820 778 1875 805 nul-

1023 811 1077 839 lum
1092 813 1176 840 estad
1190 821 1267 840 usum
1282 822 1372 842 rerum
1393 817 1596 850 temporalium,
1615 822 1743 853 quantum
1762 823 1874 848 naturae

1022 854 1139 882 hominis
1151 856 1215 883 satis
1230 860 1283 889 est,
1297 857 1384 884 simile
1399 858 1561 886 adiutorium
1577 867 1610 887 ex
1624 861 1729 888 animae
1741 862 1872 896 partibus,

1022 905 1090 932 quas
1104 906 1261 927 communes
1271 908 1332 927 cum
1344 901 1490 936 pecoribus
1503 903 1643 931 habemus.
1657 904 1773 940 Ideoque
1793 907 1874 933 ratio-

1022 941 1082 968 nale
1112 946 1249 974 nostrum⁷
1269 951 1321 971 non
1341 944 1375 971 ad
1395 945 1504 972 unitatis
1533 946 1678 974 divortium
1706 952 1873 983 separatum,

1021 984 1068 1011 sed
1089 985 1113 1011 in
1134 986 1264 1013 auxilium
1284 988 1421 1015 societatis
1434 989 1511 1022 quasi
1524 989 1690 1024 derivatum,
1710 991 1736 1018 iu
1756 999 1805 1019 suo
1824 992 1875 1019 dis-

1021 1029 1136 1062 pertitur
1162 1029 1259 1057 officio.
1279 1030 1312 1057 Et
1334 1031 1403 1058 siout
1422 1039 1475 1059 una
1495 1039 1559 1060 caro
1580 1037 1619 1060 est
1637 1034 1751 1061 duorum
1774 1035 1799 1061 in
1818 1043 1873 1063 ma-

1021 1071 1096 1098 sculo
1116 1076 1142 1099 et
1162 1073 1187 1099 iu
1207 1073 1321 1106 semina3
1350 1075 1389 1101 sic
1418 1075 1581 1103 intellectum
1606 1081 1726 1104 nostrum
1746 1081 1772 1105 et
1790 1079 1874 1106 actio-

1020 1121 1080 1141 nem
1100 1115 1157 1142 sive
1176 1116 1306 1143 rationem
1327 1120 1352 1143 et
1371 1118 1520 1155 appetitum
1540 1119 1713 1153 rationalem,
1735 1121 1774 1148 vel
1793 1122 1814 1148 si
1829 1122 1874 1149 ali-

1020 1165 1073 1191 quo
1093 1158 1172 1185 modo
1201 1159 1395 1194 significantius
1418 1161 1471 1188 dici
1493 1166 1618 1197 possunt,
1639 1170 1690 1190 una
1715 1164 1811 1191 mentis
1830 1172 1873 1192 na-

1020 1205 1079 1228 tura
1100 1202 1303 1236 complectitur,
1325 1207 1367 1235 ut,
1387 1204 1457 1231 sicut
1477 1204 1510 1232 de
1530 1205 1582 1232 illis
1596 1206 1698 1234 dictum
1718 1210 1772 1234 est:
1792 1213 1873 1235 erum

1019 1244 1073 1272 cluo
1092 1244 1123 1272 in
1143 1253 1224 1272 carne
1243 1246 1338 1277 zena&
1368 1248 1406 1274 sic
1436 1247 1469 1274 de
1497 1249 1539 1275 his
1567 1249 1620 1276 dici
1646 1251 1745 1285 possit:
1765 1251 1819 1279 duo
1845 1252 1871 1279 in

1018 1292 1106 1315 meme
1124 1296 1181 1315 unct
1195 1300 1219 1315 ».
1233 1304 1268 1309 —
1281 1290 1351 1316 Ecce
1365 1297 1397 1317 ex
1413 1291 1455 1317 liis
1470 1291 1579 1326 intelligi
1595 1297 1696 1327 potest,
1710 1294 1826 1329 qualiter
1845 1295 1871 1323 in

1019 1331 1107 1358 anima
1128 1331 1243 1358 hominis
1263 1333 1360 1360 existat
1374 1334 1462 1368 imago
1476 1334 1547 1362 illius
1568 1336 1699 1370 coniugii,
1714 1340 1739 1364 et
1756 1338 1872 1372 qualiter

1018 1374 1044 1400 iu
1064 1374 1175 1408 siugulis
1201 1379 1321 1402 nostrum
1350 1377 1526 1411 spiritualiter
1545 1379 1597 1405 sint
1618 1379 1661 1406 illa
1682 1380 1747 1413 tria,
1767 1381 1871 1410 scilicet

1018 1417 1073 1449 vir,
1095 1417 1204 1450 mulier,
1224 1426 1343 1454 serpens.

1380 1499 1440 1526 Cau.
1462 1500 1503 1527 tx

1045 1583 1165 1616 (staaliter
1177 1592 1227 1618 per
1241 1583 1292 1611 itta
1305 1585 1359 1612 ινία
1373 1585 1401 1612 z'iz
1415 1586 1493 1613 nobis
1507 1592 1709 1615 consummetur
1723 1589 1841 1617 tentatio,

1086 1661 1163 1688 Nunc
1182 1666 1306 1696 superest
1325 1664 1464 1691 ostendere
1477 1686 1483 1697 ,
1509 1666 1645 1700 quomodo
1666 1674 1714 1701 per
1731 1667 1798 1695 haec
1817 1668 1868 1696 tria

1015 1705 1041 1730 in
1068 1705 1153 1743 nobis
1171 1709 1372 1733 consummetur
1401 1711 1560 1741 peccatum;
1584 1708 1630 1735 ubi
1660 1710 1767 1744 agnosci
1797 1713 1869 1745 pote-

1015 1748 1061 1779 rit,
1082 1748 1103 1774 si
1131 1748 1273 1782 diligenter
1292 1749 1460 1781 intendatur,
1486 1751 1551 1785 quid
1571 1752 1605 1778 sit
1632 1752 1657 1779 in
1687 1753 1774 1780 anima
1794 1761 1869 1780 mor-

1016 1791 1084 1822 tale,
1104 1791 1144 1819 vel
1164 1791 1270 1819 veniale
1290 1796 1441 1827 peccatum.
1456 1794 1490 1820 Ut
1503 1795 1574 1821 enim
1588 1795 1624 1822 ibi
1639 1803 1750 1830 serpeus
1763 1797 1847 1824 suasit
1859 1797 1867 1809 ⁷

1015 1834 1136 1866 mulieri,
1156 1838 1180 1862 et
1201 1835 1298 1863 mulier
1317 1837 1392 1869 viro;
1414 1837 1450 1864 ita
1471 1841 1495 1864 et
1520 1838 1545 1864 in
1566 1838 1643 1865 nobis
1663 1838 1796 1866 sensualis
1815 1847 1869 1866 mo-

1014 1881 1074 1909 tus,
1094 1885 1155 1905 cum
1176 1877 1330 1906 illecebram
1351 1881 1455 1914 peccati
1476 1881 1646 1916 conceperit,
1666 1883 1743 1917 quasi
1757 1889 1867 1917 serpens

1014 1921 1132 1955 suggerit
1152 1921 1272 1953 mulieri,
1292 1922 1395 1949 scilicet
1415 1922 1545 1958 inferiori
1560 1925 1629 1959 parti
1643 1925 1754 1952 rationis
1767 1946 1773 1957 ,
1787 1925 1814 1952 id
1828 1929 1868 1953 est

1014 1964 1111 1992 rationi
1130 1964 1277 1997 scz'enca‘ae;
1298 1973 1367 2000 quae
1387 1966 1409 1993 si
1423 1968 1590 1994 consenserit
1603 1967 1755 2001 illecebrae,
1771 1969 1866 1996 mulier

1014 2007 1069 2034 edit
1088 2007 1178 2034 cibum
1200 2008 1328 2040 vetitum3
1348 2013 1407 2044 post
1428 2009 1462 2036 de
1481 2010 1575 2037 eodem
1590 2011 1637 2038 dat
1655 2011 1728 2043 viro,
1748 2019 1809 2039 cum
1823 2020 1866 2039 su-

1010 2049 1118 2086 periori
1135 2051 1204 2085 parti
1225 2051 1343 2084 rationis,
1361 2052 1386 2078 id
1407 2056 1447 2079 est
1466 2053 1561 2080 rationi
1579 2053 1739 2089 sapienciae,
1752 2055 1864 2082 eandem

1013 2093 1169 2121 illecebram
1189 2095 1321 2129 suggerit,
1343 2103 1413 2130 quae
1433 2097 1454 2122 si
1475 2097 1621 2129 consentit,
1642 2100 1705 2124 tunc
1724 2098 1764 2124 vir
1784 2098 1863 2125 etiam

1013 2144 1074 2164 cum
1102 2137 1199 2164 semina
1230 2137 1320 2165 cibum
1349 2139 1461 2165 vetitum
1487 2143 1582 2173 gustat.
1603 2139 1629 2167 Si
1653 2147 1716 2175 ergo
1737 2141 1763 2167 in
1789 2143 1863 2168 motu

1012 2179 1135 2207 sensuali
1155 2183 1255 2208 tantum
1280 2181 1383 2215 peccati
1406 2181 1532 2209 illecebra
1552 2185 1688 2214 teneatur,
1707 2182 1812 2210 veniale
1832 2190 1863 2211 ac

1012 2223 1175 2250 levissimum
1197 2228 1235 2251 est
1256 2228 1406 2259 peccatum.

1381 2299 1442 2326 CAP.
1463 2300 1494 2326 X.

1075 2375 1188 2416 Quando
1207 2384 1308 2411 mulier
1326 2385 1383 2411 sola
1402 2384 1550 2412 manducat
1571 2384 1660 2412 cibum
1680 2385 1798 2413 vetitum.

1082 2462 1108 2489 Si
1134 2470 1197 2489 vero
1226 2462 1341 2497 inferior
1361 2470 1424 2498 pars
1444 2463 1554 2490 rationis
1574 2465 1756 2496 consenserit,
1776 2465 1811 2492 ita
1833 2468 1861 2492 ut

1011 2506 1068 2533 sola
1087 2506 1255 2540 cogitationis
1275 2506 1452 2533 delectatione
1470 2507 1529 2534 sine
1547 2507 1684 2534 voluntate
1702 2508 1859 2542 perficiendi

1012 2551 1148 2580 teneatur,
1177 2549 1273 2576 mulier
1292 2549 1349 2576 sola
1367 2548 1552 2581 manducavit,
1572 2557 1625 2577 non
1645 2550 1700 2582 vir,
1719 2551 1797 2578 cuius
1816 2558 1861 2578 au-

1012 2592 1134 2618 ctoritate
1163 2592 1304 2619 cohibetur
1333 2592 1470 2624 voluntas,
1494 2600 1527 2620 ne
1546 2593 1579 2620 ad
1599 2600 1668 2627 opus
1688 2601 1773 2628 usque
1799 2601 1860 2629 per-

1013 2635 1110 2662 veniat.

1010 2766 1170 2789 inveniebatur
1193 2766 1284 2788 adiutor
1305 2766 1385 2788 similis
1411 2767 1468 2788 eius.
1484 2779 1515 2782 —
1531 2765 1602 2789 Codd.
1627 2768 1643 2788 Α
1655 2766 1724 2788 BDE
1749 2767 1856 2790 omittunt

1009 2805 1054 2829 sibi
1071 2809 1123 2833 post
1139 2804 1223 2828 simile.

1072 2844 1082 2859 ⁵
1099 2843 1160 2867 Libr.
1178 2844 1224 2866 ΧΗ.
1243 2844 1272 2867 de
1284 2844 1346 2866 Trin.
1359 2849 1378 2866 c.
1392 2844 1412 2866 3.
1427 2850 1448 2866 n.
1467 2844 1487 2866 3.
1501 2857 1531 2860 —
1544 2844 1592 2867 Vat.
1606 2848 1628 2867 et
1641 2847 1730 2867 ceterae
1747 2844 1808 2873 edd„
1821 2851 1857 2868 ex-

1010 2885 1081 2913 ceptis
1097 2885 1115 2911 1,
1129 2884 1149 2911 8,
1162 2889 1205 2906 non
1220 2883 1277 2906 bene
1290 2883 1377 2906 addunt
1394 2883 1419 2906 z'oz
1431 2887 1482 2906 ante
1494 2882 1577 2912 nobis;
1589 2886 1609 2906 et
1626 2886 1715 2912 ponunt
1725 2883 1802 2907 simile
1813 2883 1858 2907 sibi

1009 2930 1051 2952 pro
1068 2923 1144 2947 simile
1162 2922 1203 2946 illi.

1072 2962 1082 2977 ὓ
1099 2963 1154 2985 Gen.
1173 2963 1198 2989 2,
1218 2961 1254 2984 24..
1271 2974 1302 2978 —
1320 2962 1388 2984 Panlo
1406 2962 1500 2985 inferius
1519 2966 1570 2990 post
1588 2961 1624 2986 his
1636 2963 1688 2985 Vnt.
1700 2965 1722 2985 et
1733 2962 1786 2986 edd.
1801 2963 1809 2984 4
1824 2981 1829 2990 ,
1843 2963 1856 2985 2

1009 3002 1097 3025 addunt
1115 3000 1190 3025 verbis
1207 3002 1295 3030 aperte.
1553 3001 1563 3016 ⁷
1582 3001 1637 3024 Edd.
1656 3002 1681 3029 t,
1700 3002 1712 3023 8
1729 3001 1857 3032 persuasit.
