2243 3425
191 933 267 956 Triplex
280 938 320 956 pro-

192 957 259 975 fectus.

213 1120 321 1147 Ι5111111151111-

192 1146 236 1162 ctio.

192 1362 292 1381 Conclusio
304 1362 319 1379 1.

195 1596 293 1615 Conclusio
305 1596 323 1614 2.

302 1840 314 1848 ι

198 1877 298 1896 Conclusio
308 1878 325 1895 3.

332 194 387 223 538

331 280 397 300 11011.
420 272 444 299 Si
467 271 526 299 sic:
549 279 615 306 ergo
637 271 741 298 frustra
763 273 878 306 egerent
899 266 1038 298 sermone'
1058 268 1083 296 Si
1106 276 1178 296 iton:

331 325 397 355 ergo
419 326 483 346 cum
506 320 598 354 posset
625 317 659 345 ab
681 317 734 345 alio
760 316 885 349 edoceri,
908 315 1032 349 videtur,
1055 314 1130 352 quod
1153 315 1179 342 in

331 368 405 393 statu
427 364 598 393 innocentiae
620 363 708 391 multa
729 362 837 391 discere
858 362 1002 399 potuisset.

647 448 860 470 CONCLUSlO.

333 520 441 553 Adam,
457 519 484 547 si
497 519 634 552 stetisset,
657 519 689 547 iii
710 519 873 556 cognitione
893 526 1013 552 rerum,
1035 526 1110 556 quae
1131 526 1182 545 iict-

412 566 506 595 lttrctli
526 575 619 594 cursu
633 566 718 603 fiunt,
735 574 792 594 11011
803 564 977 603 profecisset
996 565 1094 603 quoad
1115 564 1183 593 novi

412 613 530 642 habitus
551 614 785 652 acquisitionem,
801 613 852 642 sed
867 616 982 641 tantum
1007 612 1105 651 quoad
1126 620 1182 640 mo-

412 661 483 689 dum
505 661 679 698 cognitionis
704 665 730 688 ct
747 660 846 698 quoad
871 659 1102 688 lictbilitcttioncm
1122 657 1182 687 1111(-

412 707 512 736 iorcm.
541 708 649 736 Tctmcn
670 706 812 744 prolicere
829 707 972 744 potuisset
996 706 1084 734 etiam
1105 714 1182 734 novet

413 755 575 792 cognitione
596 758 728 792 respectu
749 753 988 782 voluntariorum
1017 757 1043 781 ct
1062 751 1183 781 mirabi-

411 801 492 829 lium.

413 880 586 908 Responmzo:
609 879 649 908 Ad
674 879 884 916 praedictorum
909 878 1120 915 intelligentiam
1142 879 1184 905 est

333 928 503 961 notandum,
525 927 601 964 quod
627 926 768 964 profectus
790 926 920 955 scientiae
948 925 1051 962 triplici
1073 925 1118 953 via
1138 932 1184 961 po-

333 978 386 1003 test
407 974 593 1003 considerari:
617 973 661 1002 vel
683 981 699 1002 a
720 976 799 1011 parte
820 973 985 1006 scibiliimi,
1008 972 1052 1001 vel
1067 980 1083 1000 a
1104 974 1184 1009 parte

336 1022 492 1050 modorum
507 1020 712 1058 cognoscendi,
728 1020 772 1049 vel
787 1028 803 1048 a
818 1023 897 1057 parte
911 1019 1038 1048 maioris
1053 1018 1186 1047 habilita-

335 1068 422 1097 tionis
434 1069 461 1096 in
477 1067 677 1105 cognoscendo.
692 1084 731 1088 ——
746 1067 905 1096 Secundum
928 1067 1052 1103 primum
1069 1065 1185 1094 modum

334 1115 489 1153 loquendo,
521 1114 733 1151 intelligendum
766 1117 823 1148 est,
845 1113 920 1151 quod
950 1112 1088 1150 quaedam
1121 1114 1186 1140 sunt

333 1170 387 1196 res,
402 1169 474 1199 quae
489 1161 561 1190 fiunt
576 1169 663 1190 cursu
677 1160 824 1194 naturali}
838 1160 990 1198 quaedam,
1006 1167 1077 1197 quae
1099 1166 1186 1188 cursu

334 1208 479 1242 mirabili·
500 1207 648 1245 quaedam,
670 1215 743 1245 quae
764 1207 836 1236 fiunt
851 1215 937 1236 cursu
951 1206 1131 1240 voluntaria
1147 1213 1186 1234 se-

334 1256 459 1285 cundum
481 1255 556 1293 quod
578 1255 746 1283 determinat
767 1254 913 1283 Anselmus
930 1254 947 1282 ¹.

413 1302 442 1330 ln
464 1309 561 1331 earum
579 1301 662 1338 igitur
685 1309 781 1330 rerum
797 1301 965 1338 cognitione,
981 1308 1053 1338 quae
1072 1300 1186 1338 quidem

334 1357 422 1378 cursu
443 1348 580 1377 itcttttrttli
607 1348 690 1383 fiunt,
716 1356 771 1377 non
801 1348 963 1386 profecisset
991 1347 1077 1376 Adam
1102 1355 1188 1384 quan-

335 1400 395 1425 tum
416 1396 450 1424 ad
474 1395 543 1424 novi
563 1394 681 1424 liabitas
709 1395 929 1433 acquisitionem.
958 1395 1068 1432 Accepit
1093 1395 1186 1429 enim,

335 1443 407 1472 sicut
422 1443 497 1477 dicit,
519 1443 604 1479 Hugo,
620 1446 647 1471 et
662 1442 791 1479 Magister
806 1443 833 1470 in
850 1442 941 1470 littera
954 1441 973 1476 ²,
988 1452 1000 1467 t<
1012 1441 1047 1470 ab
1069 1441 1187 1470 exordio

335 1491 461 1519 omnium
476 1498 573 1519 rerum
589 1490 701 1527 plenam
717 1489 842 1518 notitiam
851 1500 879 1523 »ς
894 1492 922 1518 et
936 1489 989 1518 hoc
1003 1489 1087 1518 etiam
1100 1491 1188 1517 osten-

336 1538 407 1567 dunt
428 1537 562 1571 rationes,
584 1545 656 1574 quae
677 1537 711 1565 ad
735 1537 855 1574 primam
872 1540 981 1573 partem
1003 1536 1186 1565 inducuntur.

338 1585 473 1614 Proficcre
502 1588 594 1613 tamen
624 1584 760 1622 potuisset
788 1586 926 1621 quantum
948 1583 984 1612 ad
1012 1583 1107 1612 alium
1131 1592 1188 1611 iiio-

338 1632 408 1660 ditm
428 1631 624 1669 cognoscendi,
640 1634 667 1660 et
688 1634 825 1668 quantum
840 1631 875 1659 ad
898 1630 1041 1659 iiiaioreiit
1056 1629 1189 1659 habitam

338 1679 452 1708 sciendi.
467 1696 505 1698 —
520 1679 660 1715 Quantum
677 1678 711 1706 ad
727 1677 821 1706 aarum
836 1677 956 1706 modum
966 1677 975 1690 ³
992 1677 1129 1714 proficere
1143 1685 1189 1714 po-

339 1729 419 1760 terat,
435 1726 500 1763 quia
515 1726 590 1762 quod
605 1728 722 1754 noverat
739 1725 868 1762 simplici
887 1725 992 1753 notitia
1022 1732 1188 1762 cognoscere

339 1776 448 1810 poterat
469 1772 663 1809 cooperientia
685 1775 712 1800 et
733 1772 808 1809 quod
835 1775 951 1800 noverat
979 1771 1122 1800 intellectu
1148 1779 1190 1800 co-

320 1827 471 1856 ‹gnoscere
493 1822 601 1856 poterat
622 1822 649 1848 et
668 1827 763 1847 sensti.
789 1836 826 1839 —
849 1819 985 1848 proficere
1011 1819 1094 1848 etiam
1116 1821 1190 1856 pote-

339 1870 383 1895 rat
403 1870 539 1903 quantum
567 1866 600 1894 ad
624 1866 765 1894 maiorem
796 1865 1043 1899 lictbilitatioitcm,
1065 1865 1131 1903 quia
1152 1873 1188 1894 ex

340 1913 478 1950 frequenti
494 1912 715 1941 consideratione
740 1920 838 1941 eorum
867 1920 939 1949 qnae
954 1915 1083 1946 noverat,
1098 1920 1190 1949 prom-

340 1961 412 1997 ptior
427 1959 525 1988 fuisset
539 1962 566 1987 et
587 1959 709 1996 paratior
725 1959 759 1988 ad
776 1959 959 1988 iudicandum
975 1959 1010 1987 de
1031 1959 1075 1987 his
1090 1959 1189 1993 rebus,

340 2014 460 2044 quarum
483 2006 603 2034 habebat
625 2006 809 2043 cognitionem
832 2013 882 2043 per
904 2006 1029 2034 habitum
1053 2006 1189 2034 innatum.

342 2053 395 2082 Etsi
418 2053 492 2082 enim
514 2053 623 2089 primns
644 2053 728 2081 homo
750 2061 805 2081 non
828 2052 945 2081 haberet
967 2053 1125 2081 tarditatem
1146 2052 1191 2080 he-

340 2100 482 2129 betudinis
504 2107 553 2136 per
572 2100 797 2136 aggravationem
818 2099 944 2136 corporis
965 2099 1124 2133 mortalis&
1145 2099 1191 2127 ha-

340 2147 423 2176 bebat
455 2150 546 2175 tamen
580 2146 695 2183 spiritus
723 2147 783 2175 eius
805 2146 946 2183 quandam
977 2146 1113 2174 minorem
1148 2153 1192 2174 ve-

342 2193 480 2222 locitatem
502 2201 551 2230 per
575 2193 775 2230 vegetationem
797 2193 922 2230 corporis
943 2192 1079 2221 annualis.
1100 2209 1139 2212 —
1162 2192 1192 2220 Et

341 2241 380 2270 sic
413 2241 438 2269 in
475 2240 630 2277 cognitione
665 2247 761 2268 rerum
798 2239 970 2268 naturalium
1006 2239 1091 2268 Adam
1127 2247 1192 2276 quo·

343 2288 407 2317 dam
440 2287 522 2316 modo
555 2287 735 2324 profecisset,
758 2287 878 2324 quodam
902 2287 984 2315 modo
1007 2286 1139 2323 minime,
1169 2287 1191 2315 si

343 2335 470 2363 stetisset.

422 2381 450 2410 ln
482 2388 579 2409 earum
603 2388 669 2409 vero
701 2388 797 2409 rerum
820 2380 990 2418 cognitione,
1022 2388 1094 2417 quae
1120 2379 1192 2408 fiunt

408 2675 414 2689 ¹
435 2675 466 2697 De
484 2674 600 2703 Conceptu
620 2677 679 2704 virg.
698 2680 718 2699 ct
737 2678 794 2705 orig.
814 2682 876 2705 pecc.
896 2683 914 2699 c.
935 2678 970 2698 il.
988 2676 1032 2699 Cfr.
1050 2683 1120 2705 supra
1139 2683 1193 2705 pag.

347 2712 406 2737 316,
425 2716 476 2735 nota
499 2714 515 2735 l.

409 2751 417 2765 ²
436 2752 475 2773 Hic
493 2758 511 2774 c.
531 2753 551 2774 3.
571 2766 600 2768 ἡ
618 2753 686 2775 Panlo
705 2754 799 2776 inim-ins
821 2760 862 2782 pro
890 2753 997 2777 habitum
1021 2754 1110 2777 sciendi
1126 2754 1162 2777 ed.
1185 2755 1190 2776 1

348 2789 492 2813 habilitatem
509 2791 604 2814 sciendi.

410 2829 418 2842 ³
436 2829 458 2851 ln
476 2830 526 2852 cod.
548 2831 564 2851 M
584 2831 676 2853 additur
692 2831 790 2859 sciendi,
810 2838 852 2860 pro
865 2838 912 2861 quo
925 2833 971 2854 scre
985 2839 1065 2855 omnes
1077 2833 1113 2855 alii
1127 2832 1194 2855 codd.

349 2873 401 2888 cum
421 2869 500 2895 primis
517 2868 561 2890 cdd
588 2875 710 2897 perperam
736 2870 878 2893 substituunt
904 2870 987 2899 elicuit,
1007 2872 1046 2900 qui
1072 2877 1137 2894 error
1162 2877 1196 2893 ce-

351 2909 425 2928 terum
442 2907 486 2928 iam
505 2908 525 2928 in
545 2907 650 2934 pluribus
668 2908 735 2930 codd.
753 2909 781 2931 nb
800 2910 869 2931 alteru
888 2916 958 2932 manu
977 2913 1093 2932 correctus
1111 2913 1151 2932 est.

413 2944 421 2958 ⁴
439 2945 491 2972 Sap.
510 2947 533 2973 9,
554 2946 594 2968 152
613 2946 702 2975 Corpus
719 2949 793 2975 enim,
811 2949 875 2977 quod
894 2950 1065 2977 corrumpitur,
1083 2953 1197 2977 aggravat

351 2989 458 3005 animam.

1013 190 1265 219 SENTENTIARUM
1287 189 1346 218 LIB.
1369 189 1397 217 ll.

1238 275 1323 296 cursu
1355 267 1524 296 voluntario
1556 270 1582 295 et
1607 266 1742 295 inirabili
1771 267 1829 295 sive
1863 265 2087 303 supernaturali,

1238 314 1401 352 simpliciter
1423 314 1559 351 proficere
1581 314 1732 350 potuisset,
1754 321 1807 341 non
1837 313 1928 342 solum
1950 316 2087 350 quantum
2101 326 2222 352 Conclusiot

1238 361 1273 389 ad
1294 361 1413 389 mortum
1447 360 1649 397 cognoscendi,
1681 359 1730 388 sed
1752 359 1835 388 etiam
1869 359 1896 387 in
1918 359 2088 396 acquirendo

1237 415 1345 435 itonam
1366 406 1566 444 cognitionem.
1582 406 1635 435 Nec
1658 406 1776 441 mirum,
1798 405 1864 443 quia
1878 406 1914 434 ad
1932 405 1998 439 hoc,
2013 405 2089 442 quod

1239 457 1418 490 cognosceret
1439 453 1533 482 divina
1553 453 1699 490 mysteria,
1720 453 1863 490 indigebat
1882 460 2004 489 superna
2030 452 2090 481 illu-

1239 501 1388 535 stratione3
1403 500 1439 529 ad
1454 500 1506 529 hoc
1529 508 1607 535 vero,
1629 500 1705 537 quod
1727 502 1906 537 cognosceret
1927 502 2034 528 secreta
2054 499 2090 528 al-

1239 548 1342 582 terius,
1364 547 1505 584 indigebat
1527 547 1615 584 ipsius
1638 547 1792 576 detectione
1803 547 1821 575 ⁵.
1843 547 1897 576 Nec
1918 546 1981 584 talis
2003 546 2090 583 profe-

1240 598 1301 623 ctus
1323 594 1406 623 statui
1429 594 1601 623 innocentiae
1627 594 1796 631 derogabat,
1825 601 1889 623 cum
1911 593 1994 622 etiam
2016 593 2089 622 beati

1239 641 1333 678 Angeli
1355 641 1382 669 in
1405 641 1560 678 cognitione
1582 640 1743 669 divinorum
1767 640 1967 677 mysteriorum
1994 643 2021 668 et
2041 640 2091 668 hu-

1240 696 1389 717 manorum
1411 691 1585 717 secretorum
1606 688 1766 725 proficiant;
1792 690 1907 725 propter
1929 687 2005 724 quod
2027 687 2092 716 dici-

1240 739 1287 764 tur
1308 735 1344 764 ad
1377 735 1510 772 Ephesios
1537 735 1654 764 tertio⁵z
1689 735 1724 763 Ut
1745 735 1906 763 innotescat
1936 734 2092 771 Principa-

1241 782 1317 811 tibus
1339 786 1367 811 et
1390 781 1588 811 Potestatibus
1616 790 1670 819 per
1704 781 1864 810 Ecclesiam
1897 780 2092 818 multiformis

1243 829 1295 857 Dei
1314 829 1469 866 sapientia..

1322 876 1352 904 Et
1373 876 1412 905 sic
1434 878 1509 913 patet
1534 876 1678 913 responsio
1700 876 1735 905 ad
1764 875 1936 913 propositam
1958 875 2094 913 quaestio·
2226 895 2228 917 1

1241 931 1313 952 nem.
1346 923 1414 952 Nam
1447 923 1567 952 rationes
1598 923 1634 952 ad
1666 923 1787 960 primam
1821 926 1931 960 partem
1963 922 2093 952 inductae
2103 918 2228 966 fflssfggggs

1241 970 1398 1008 procedunt
1419 970 1453 999 de
1483 970 1638 1007 cognitione
1666 978 1764 999 rerum
1786 970 1977 1004 naturalium,
2005 972 2033 999 et
2054 969 2104 999 sicx

1243 1017 1371 1055 intelligit
1392 1017 1477 1055 Hugo.
1500 1017 1556 1046 Illis
1577 1017 1651 1046 enim
1667 1017 1753 1046 rebus
1773 1017 1860 1046 Adam
1875 1016 1988 1046 nomina
2009 1017 2095 1054 impo-
2227 1052 2229 1056 ‚

1243 1065 1314 1099 suit,
1336 1067 1363 1093 et
1391 1063 1506 1093 illarum
1539 1071 1635 1093 rerum
1668 1064 1721 1093 sibi
1754 1072 1823 1093 cura
1855 1064 2004 1093 commissa
2034 1063 2094 1092 fuit.
2227 1064 2229 1108 1

1243 1111 1344 1141 Ultima
1372 1114 1465 1140 tamen
1497 1111 1568 1140 ratio
1590 1111 1625 1140 de
1657 1111 1826 1149 perfectione
1854 1111 1889 1140 ab
1921 1111 2046 1140 inferiori
2067 1110 2229 1146 011113111]

1243 1159 1376 1187 exteriori
1400 1167 1453 1187 non
1476 1158 1566 1196 cogit,
1588 1159 1670 1196 quia,
1692 1159 1765 1188 sicut
1787 1159 1853 1188 dicit
1874 1158 2045 1196 Augustinus
2066 1158 2094 1186 in

1244 1208 1324 1234 sexto
1355 1205 1513 1240 Musicae⁷,
1551 1205 1718 1235 «obiectum
1752 1206 1878 1235 exterius
1910 1214 1964 1234 non
1990 1205 2047 1243 agit
2068 1205 2097 1234 in

1244 1253 1365 1281 animam
1382 1261 1433 1281 nec
1454 1253 1543 1290 ipsam
1559 1253 1684 1290 perficit;
1707 1253 1755 1282 sed
1772 1253 1832 1290 ipsa
1846 1253 1939 1282 anima
1961 1261 1990 1282 se
2005 1253 2096 1290 ipsam

1244 1303 1350 1334 movet,
1366 1300 1509 1329 occasione
1530 1300 1566 1329 ab
1581 1300 1715 1329 exteriori
1737 1304 1862 1337 accepta,
1878 1303 1905 1329 et
1920 1299 2097 1329 informando
2227 1299 2230 1323 1

1244 1355 1273 1376 se
1295 1347 1384 1384 ipsam
1408 1348 1496 1385 magis
1517 1347 1573 1384 agit
1595 1348 1622 1376 in
1644 1348 1800 1382 obiectum,
1822 1355 1908 1385 quam
1935 1350 2036 1384 agatur
2062 1346 2097 1375 ab

1245 1394 1305 1431 ipso
1320 1405 1353 1429 »3
1375 1397 1402 1423 et
1423 1394 1476 1423 hoc
1497 1394 1595 1423 fuisset
1616 1394 1644 1423 in
1666 1395 1751 1424 Adam
1775 1395 1864 1423 multo
1883 1395 1983 1423 fortius
2005 1397 2032 1423 et
2052 1402 2098 1423 no·
2228 1416 2231 1435 1

1245 1440 1342 1476 bilius,
1368 1449 1453 1478 quam
1476 1441 1511 1470 sit
1538 1444 1600 1478 post
1623 1441 1741 1478 lapsum.
1773 1441 1849 1470 Unde
1869 1441 1918 1470 illa
1944 1441 2015 1470 ratio
2042 1448 2098 1470 non
2227 1456 2230 1471 ι

1245 1488 1332 1524 cogit,
1362 1488 1436 1525 qnod
1465 1488 1550 1517 Adam
1585 1496 1639 1517 non
1671 1488 1807 1525 potuisset
1838 1491 1968 1525 respectu
1999 1496 2098 1517 eorum
2227 1477 2231 1515 i

1245 1542 1317 1572 quae
1339 1535 1534 1571 cognoscebat,
1555 1543 1659 1564 novum
1683 1535 1799 1564 modum
1821 1535 1985 1575 cognitionis
2006 1536 2099 1573 acqui-

1246 1589 1323 1615 rere,
1346 1589 1396 1610 nec
1418 1581 1616 1619 praecedentes
1638 1583 1760 1611 rationes
1782 1582 1834 1611 hoc
1855 1585 1999 1617 astruunt,
2022 1582 2098 1620 quod

1246 1628 1332 1657 Adam
1353 1636 1406 1656 non
1435 1629 1551 1665 posset⁸
1578 1629 1666 1666 magis
1687 1629 1828 1658 habilitari
1857 1629 1885 1658 in
1907 1629 2098 1666 cognoscendo

1246 1683 1296 1713 per
1317 1675 1504 1713 frequentiam
1526 1676 1553 1704 in
1575 1676 1786 1705 considerando.

1326 1723 1453 1752 Rationes
1484 1726 1597 1758 autem,
1629 1732 1702 1761 quae
1733 1724 1768 1753 ad
1801 1727 1910 1762 partem
1941 1725 2097 1762 oppositam
2106 1719 2232 1773 ‘Bssrie'gfffli

1247 1770 1437 1805 inducuntur,
1452 1770 1615 1805 ostendunt,
1637 1771 1713 1808 quod
1729 1771 1828 1807 Adam,
1843 1772 1866 1801 si
1889 1772 2022 1807 stetisset,
2037 1779 2099 1809 pro-

1246 1817 1331 1846 ficere
1351 1818 1488 1855 potuisset
1509 1818 1537 1846 in
1559 1817 1714 1855 cognitione
1735 1822 1866 1855 respectu
1896 1826 1995 1848 eorum
2027 1826 2100 1856 quae

1247 1867 1313 1893 sunt
1334 1864 1506 1893 voluntaria
1527 1867 1555 1893 et
1575 1864 1737 1893 mirabilia.
1760 1865 1799 1894 De
1814 1865 1876 1894 aliis
1897 1868 2009 1900 autem,
2030 1865 2100 1895 scili-

1247 1914 1290 1940 cet
1311 1911 1346 1940 de
1366 1911 1410 1940 liis
1432 1919 1504 1949 quae
1532 1911 1698 1940 naturaliter
1720 1911 1806 1947 fiunt,
1828 1921 1883 1941 non
1908 1912 2098 1946 concludunt,

1248 1959 1322 1996 quod
1338 1959 1423 1987 Adam
1439 1958 1632 1996 acquisivisset
1647 1959 1832 1996 cognitionem
1846 1967 1957 1988 novam.
1969 1976 2008 1980 —
2023 1960 2101 1989 Unde
2114 1970 2143 1989 m
2156 1975 2194 1994 arg.
2211 1970 2220 1988 1

1247 2006 1295 2035 illa
1316 2006 1408 2043 prima
1435 2006 1506 2035 ratio
1528 2006 1562 2035 de
1591 2007 1799 2044 comparatione
1825 2007 1931 2044 gratiae
1958 2007 1993 2036 ad
2016 2006 2101 2036 scien-

1247 2053 1315 2081 tiam
1336 2061 1391 2081 non
1413 2053 1501 2087 valet,
1524 2053 1589 2090 quia
1617 2053 1750 2090 perfectio
1779 2054 1885 2090 gratiae
1905 2061 1961 2082 non
1989 2057 2099 2082 tantum

1248 2103 1290 2128 est
1310 2107 1346 2128 ex
1369 2099 1456 2133 dono,
1479 2099 1528 2128 sed
1550 2100 1633 2128 etiam
1655 2108 1692 2129 ex
1714 2100 1822 2129 meritc.
1845 2100 1978 2130 perfectio
2004 2104 2099 2130 autem

1249 2147 1412 2184 cognitionis
1443 2147 1470 2175 in
1492 2146 1578 2175 Adam
1607 2150 1667 2175 erat
1688 2155 1725 2175 ex
1747 2147 1835 2182 (1011ος
1857 2150 1885 2177 01
1915 2148 1937 2177 si
1960 2148 2099 2183 stetisset,

1248 2201 1303 2221 11011
1318 2193 1409 2221 solum
1427 2194 1453 2222 in
1469 2193 1541 2230 ipsc,
1557 2194 1605 2222 sed
1625 2194 1708 2223 etiarn
1724 2194 1751 2222 in
1766 2194 1886 2233 posteris
1911 2203 1966 2223 non
1990 2195 2100 2224 indocte

1249 2248 1265 2268 a
1290 2240 1421 2277 pluribus
1449 2240 1575 2269 creditur
1604 2241 1732 2270 similiter
1758 2241 1862 2277 fuisse,
1892 2242 1991 2271 saltem
2016 2250 2101 2280 quan-

1249 2291 1308 2316 tum
1331 2287 1366 2315 ad
1390 2286 1538 2321 habituum
1559 2291 1587 2316 et
1607 2288 1660 2317 hoc
1693 2288 1754 2317 dico
1777 2291 1892 2325 propter
1912 2292 2031 2317 aetatem
2064 2289 2102 2317 in-

1249 2333 1350 2362 fantiae
1362 2333 1381 2361 ⁹.
1398 2350 1436 2354 --
1450 2334 1489 2363 Ad
1504 2334 1558 2362 alia
1574 2334 1640 2364 satis
1654 2334 1737 2372 plana
1752 2338 1794 2363 est
1808 2336 1952 2373 responsio
1974 2344 2024 2373 per
2046 2336 2101 2365 iam

1250 2380 1331 2409 dicta.

1314 2676 1324 2690 ⁵
1341 2675 1395 2698 Cod.
1414 2676 1430 2698 Z
1446 2675 1595 2699 revelatione.

1314 2714 1323 2729 ὃ
1342 2715 1407 2737 Vers.
1429 2715 1462 2736 10.
1480 2727 1510 2730 -
1527 2713 1572 2737 Cfr.
1591 2720 1661 2742 supra
1680 2714 1701 2736 d.
1722 2714 1742 2736 3.
1760 2720 1782 2742 p.
1802 2714 1824 2736 ll.
1843 2721 1863 2737 a.
1882 2715 1903 2737 2.
1922 2721 1944 2744 q.
1965 2716 1983 2737 1.
2003 2715 2032 2738 ad
2046 2716 2066 2737 i„
2079 2719 2101 2738 et

1252 2753 1275 2776 d.
1297 2754 1329 2775 11.
1349 2753 1406 2776 dub.
1425 2754 1445 2775 2.

1314 2793 1324 2807 ⁷
1341 2792 1396 2821 Cap.
1410 2792 1431 2815 5.
1444 2799 1465 2815 11.
1479 2793 1500 2815 9.
1514 2799 1562 2822 seq.
1571 2811 1576 2821 ,
1589 2793 1757 2815 sententialiter.
1771 2792 1816 2815 Cir.
1829 2793 1914 2821 Boetli.‚
1928 2793 1955 2815 V.
1969 2793 1997 2816 de
2010 2793 2099 2817 Consol.

1253 2838 1321 2860 prosa
1340 2832 1360 2854 5.

1316 2870 1326 2885 8
1343 2871 1415 2894 Codd.
1434 2871 1455 2893 X
1473 2877 1499 2893 aa
1514 2870 1636 2901 potuisset.

1316 2910 1326 2924 ⁰
1343 2910 1387 2932 Csr.
1406 2911 1467 2933 Alex.
1486 2910 1544 2938 Hah,
1563 2910 1586 2932 S.
1609 2916 1632 2938 p.
1652 2910 1674 2932 11.
1692 2917 1713 2939 q.
1733 2911 1768 2933 90.
1788 2916 1818 2932 111.
1837 2911 1858 2932 ⁴2.
1876 2923 1906 2926 —
1924 2911 1986 2937 Vat,
2013 2910 2101 2933 dissen-

1254 2948 1363 2971 tientibus
1380 2949 1448 2971 codd.
1466 2952 1488 2972 et
1504 2949 1540 2971 ed.
1564 2949 1584 2977 1,
1602 2950 1699 2978 propter
1718 2954 1816 2972 causum
1835 2948 1955 2978 infantiae.

2239 2738 2243 2780 1

2238 2781 2243 2836 l

2234 2838 2243 2883 ,1
