2243 3425
44 844 152 866 Assignan'o

23 867 41 889 3,
51 868 153 886 Ambrosii,

804 202 885 229 DlST.
908 201 991 229 XLlll.
1014 200 1136 229 Dtvtsto
1158 200 1294 229 TEXTUS.

172 281 223 307 liae
244 281 295 306 vita
316 284 368 313 est;
390 281 453 315 quia
477 287 528 307 non
553 283 639 314 potest
658 279 719 306 seiri
747 279 780 306 de
800 279 903 313 aliquo,
929 281 1017 305 utrum

171 323 325 357 peccaverit
345 323 378 349 ad
400 327 511 350 mortem
537 323 577 349 vel
606 323 631 348 in
652 321 781 356 Spiritum
805 325 941 352 sanetum,
968 321 1017 347 nisi

170 374 231 392 cum
253 366 286 393 ab
308 367 358 392 liae
378 367 431 393 vita
452 365 617 397 discesserit,
637 365 686 391 nisi
708 365 773 391 sorte
793 364 872 390 alicui
895 372 942 398 per
963 364 1020 398 Spi-

170 409 249 435 ritum
274 413 395 435 sanetum
421 409 580 435 mirabiliter
603 408 750 434 revelatum
772 408 857 434 suerit.
882 408 921 433 Ex
946 414 1020 441 prae-

169 451 248 478 dictis
262 451 431 485 aliquatenus
445 451 504 485 capi
525 454 623 485 potest,
639 450 774 484 quomodo
796 450 945 483 accipiatur
959 457 1020 484 pee-

169 498 258 521 catum
281 496 304 520 in
326 494 454 529 Spiritum
474 497 609 525 sanetum,
624 493 727 519 seilicet
746 492 897 519 invidentia
917 493 1019 525 gratiae

170 538 360 564 fraternitatem
392 537 596 571 impoenitenter
625 543 797 570 oppugnans,
828 543 897 569 quae
927 535 1019 569 utique

169 581 313 607 obstinatio
337 588 394 607 esse
420 580 537 610 videtur,
562 582 587 606 et
610 579 696 605 onmis
723 578 920 611 impoenitentis
940 577 1019 603 obsti-

168 623 242 649 natio
263 627 343 657 atque
364 622 520 657 desperatio.
540 621 691 648 Notandum
713 628 776 647 vero
796 624 849 651 est,
874 621 945 655 quod
967 628 1018 646 non

169 666 255 692 omnis
274 666 319 700 qui
340 673 391 692 non
413 665 542 700 poenitet,
564 663 739 698 impoenitens
759 663 812 690 diei
832 666 930 697 potest,
954 663 1018 697 quia

168 707 371 743 impoenitentia
392 708 501 742 proprie
521 707 646 733 obstinati
668 710 720 739 est,
740 710 777 739 et,
797 710 826 732 ut
846 706 954 740 quidam
976 713 1019 731 vo-

168 751 236 783 lunt,
257 752 335 778 etiam
357 751 500 785 desperati.

239 795 275 821 De
295 795 346 821 hoc
366 801 473 828 quoqne
494 797 606 828 peceato
626 794 652 819 in
672 793 800 828 Spiritum
815 796 937 819 sanetum
958 794 1017 818 Am-

167 837 272 864 brosius
293 837 317 863 in
337 837 406 863 libro
421 837 453 863 de
473 837 573 871 Spiritu
593 840 686 863 saneto
698 836 705 849 ¹
721 836 866 866 disserens,
881 835 1015 861 definitam

168 881 374 913 assignationem
403 880 482 907 tradit
508 880 616 906 dicens:
642 891 651 902 «
670 879 722 906 Cnr
746 879 875 906 Dominus
901 878 1015 905 dixerit:

168 923 221 956 Qui
240 922 466 958 blasphemaverit
485 922 515 949 z'n
529 922 632 949 Fz'a'mn
648 921 782 953 hominis,
805 920 956 947 remittetur
970 920 1015 953 ei,-

165 966 214 1002 qaz‘
226 971 314 993 citatem
329 965 555 1001 blasphemaverit
571 965 601 992 in
621 964 755 1000 Spiritum
773 969 911 995 scmctzmt,
930 973 1016 999 aeque

165 1009 208 1035 ltz'c
227 1017 312 1045 neque
331 1008 361 1035 111
382 1009 477 1044 salaro
496 1008 647 1035 remittetur
667 1007 709 1039 εἰ,
732 1008 874 1041 diligenter
896 1007 1013 1034 adverte.

165 1052 292 1087 Nunquid
321 1052 374 1079 alia
399 1055 438 1078 est
458 1052 568 1078 offensio
594 1051 666 1081 Filii,
693 1050 744 1077 alia
770 1050 887 1084 Spiritus
909 1050 1014 1076 saneti?

165 1096 240 1122 Sicut
260 1103 310 1122 una
332 1095 458 1129 dignitas,
477 1095 516 1121 sie
530 1102 583 1121 una
597 1094 702 1120 iniuria.
717 1093 769 1120 Sed
789 1094 809 1120 si
825 1094 898 1128 quis,
918 1100 1015 1127 corpo-

166 1139 202 1166 ris
216 1139 306 1173 speeie
319 1138 460 1172 deceptus,
481 1138 590 1164 humani
608 1137 747 1164 remissius
767 1137 867 1171 aliquid
888 1137 967 1163 sentit
981 1136 1013 1163 de

165 1182 261 1208 Christi
275 1189 368 1213 earne,
388 1188 469 1216 quam
483 1181 592 1214 dignum
614 1184 664 1212 est,
679 1180 759 1206 habet
773 1180 894 1214 eulpam,
909 1187 959 1206 non
975 1183 1014 1206 est

167 1228 253 1251 tamen
274 1224 400 1251 exclusus
414 1231 428 1251 a
444 1224 528 1251 venia.
550 1223 574 1251 Si
590 1224 650 1258 quis
665 1231 728 1250 vero
741 1224 826 1250 sancti
848 1223 963 1257 Spiritus
978 1223 1014 1249 (li-

1871 199 1923 227 981

1078 278 1217 310 gnitatem‚
1238 277 1404 304 maiestatem
1428 280 1453 303 et
1473 280 1630 311 potestatem
1654 276 1767 309 abneget
1787 277 1927 311 sempiter-

1079 328 1138 346 nam
1165 323 1190 346 et
1214 323 1303 354 putet,
1323 328 1379 346 aaa
1400 320 1429 346 111
1442 319 1543 354 spirita
1563 319 1614 346 Dei
1626 319 1688 345 edici
1706 318 1864 349 daemonia,
1881 318 1928 345 sed

1078 362 1107 389 111
1121 361 1286 393 Beelzebub,
1301 370 1351 389 non
1367 366 1454 396 potest
1468 362 1503 388 ibi
1524 362 1673 389 exhortatio
1689 370 1745 388 esse
1762 362 1866 394 veniae,
1881 362 1926 388 ubi

1078 406 1210 439 sacrilegii
1232 405 1369 439 plenitudo
1390 409 1466 432 est».
1485 420 1521 424 —
1541 405 1610 431 Satis
1630 409 1721 439 aperte
1748 405 1791 431 liic
1812 405 1928 439 explica-

1079 452 1133 480 tur,
1153 448 1218 482 quid
1238 449 1272 474 sit
1292 452 1433 482 peecatum
1455 448 1479 474 in
1500 448 1628 483 Spiritum
1643 451 1773 474 sanetum.
1794 444 1868 479 Quod
1889 448 1926 474 illi

1077 491 1216 524 Augustini
1245 491 1418 525 descriptioni
1445 499 1594 525 congruere
1624 491 1746 522 videtur,
1775 499 1827 525 uua
1862 491 1926 517 illud

1077 538 1218 567 peecatum
1249 534 1348 560 dicitur
1376 541 1434 560 esse
1459 533 1610 560 invidentia
1637 533 1740 569 (Ji-aliae
1765 542 1926 568 oppagynaas

1076 576 1283 611 fraternitatem.
1304 576 1351 607 Qui
1373 577 1443 603 enim
1463 580 1523 611 post
1539 577 1717 610 cognitionem
1739 577 1858 603 veritatis
1870 584 1928 603 san-

1077 620 1111 645 cti
1133 619 1248 653 Spiritus
1270 620 1408 646 veritatem
1430 623 1522 653 negat,
1542 620 1653 654 eiusque
1676 627 1758 654 opera
1777 620 1843 646 dicit
1869 627 1927 647 esse

1077 662 1244 693 Beelzebub,
1264 663 1406 697 potestati,
1434 663 1544 689 bonitati
1565 666 1590 689 et
1616 663 1716 696 gratiae
1737 663 1781 689 Dei
1808 663 1928 690 invidere

1077 712 1128 731 non
1144 705 1290 732 dubitatur.
1301 706 1402 732 —Non
1418 706 1508 740 itaque
1523 706 1657 732 distinctio
1674 706 1716 733 illa
1731 706 1873 733 verborum
1889 707 1928 733 sie
1954 711 2050 742 nubilatio

1077 749 1235 782 accipienda
1261 752 1317 780 est,
1345 749 1420 784 quasi
1443 750 1521 775 trium
1548 757 1722 783 personarum
1750 750 1852 776 divisae
1874 735 2024 776 51111ΞΟΙΗΗΠΙ

1076 792 1210 823 offensae,
1239 792 1285 818 sed
1312 792 1346 818 ibi
1377 799 1473 825 genera
1504 796 1676 827 peecatorum
1707 793 1830 819 distincta
1857 796 1926 820 sunt.

1075 835 1217 861 Peccatum
1239 835 1309 861 enim
1329 835 1354 861 in
1375 835 1484 861 Patrem
1506 835 1530 860 id
1553 834 1723 867 intelligitur,
1743 835 1858 869 quodni
1878 842 1926 869 per
1940 840 2022 859 Dubium
2037 840 2056 858 a.

1075 877 1272 909 infirmitatem,
1292 878 1355 912 qula
1374 878 1445 904 Patri
1465 877 1603 911 Scriptura
1632 878 1785 912 frequenter
1805 878 1927 904 attribuit

1073 920 1234 953 potentiam;
1256 924 1399 954 peceatum
1420 920 1445 946 in
1466 919 1585 950 Filiam,
1603 919 1674 954 quod
1696 920 1724 946 tit
1738 927 1786 954 per
1807 920 1927 954 ignoran-

1072 962 1152 995 tiam,
1171 963 1234 997 quia
1254 963 1383 997 sapientia
1405 963 1471 990 Filio
1492 963 1663 993 att1¹ibuitur;
1684 963 1791 989 tertium
1817 963 1925 997 exposi-

1073 1009 1128 1032 tum
1149 1010 1195 1033 est.
1224 1006 1272 1037 Qui
1294 1014 1357 1040 ergo
1384 1010 1481 1041 peccat
1509 1014 1557 1041 per
1586 1007 1782 1039 infirmitatem,
1813 1007 1853 1033 vel
1874 1014 1923 1041 per

1073 1049 1267 1082 ignorantiam,
1294 1050 1369 1076 facile
1390 1050 1494 1076 veniam
1519 1049 1695 1084 adipiseitur,
1725 1049 1771 1076 sed
1798 1057 1849 1076 non
1880 1049 1924 1076 ille

1073 1092 1118 1126 qui
1139 1092 1254 1126 peceat²
1276 1092 1300 1118 in
1322 1092 1450 1127 Spiritum
1471 1096 1601 1119 sanctum.
1623 1092 1687 1119 Cum
1708 1096 1797 1119 autem
1818 1099 1869 1118 una
1889 1093 1923 1118 sit

1072 1135 1205 1169 potentia,
1225 1136 1373 1170 sapientia,
1393 1136 1498 1162 bonitas
1519 1136 1613 1167 trium,
1633 1143 1716 1170 quare
1736 1134 1817 1162 Pan-z*
1834 1139 1925 1169 poten-

1073 1181 1123 1211 tia,
1144 1179 1216 1206 Filio
1231 1181 1378 1215 sapientia,
1398 1180 1516 1215 Spiritui
1534 1184 1625 1207 saneto
1639 1180 1745 1207 bonitas
1765 1180 1876 1215 saepius
1892 1187 1920 1207 as

1071 1224 1206 1257 signetur,
1226 1224 1371 1258 superius³
1391 1224 1492 1250 dietum
1514 1227 1561 1250 est.

443 1324 883 1373 COMMENTARIUS
919 1324 980 1371 IN
1014 1324 1454 1373 DISTINOTIONEM
1489 1325 1650 1372 XLIII.

763 1428 806 1460 De
825 1433 947 1472 peceato
967 1428 995 1460 ’111
1015 1428 1163 1472 Spiritum
1184 1434 1333 1462 sanetum.

692 1534 741 1562 Est
758 1538 911 1570 praeterea
936 1533 1082 1571 quoddam
1104 1535 1218 1571 peceati
1235 1543 1328 1572 yemis
1351 1538 1400 1563 ete.

905 1632 1028 1660 DIVISIO
1049 1632 1186 1661 TEX'l'US.

247 1733 337 1769 Supra
358 1731 413 1768 egit
434 1731 562 1768 Magister
585 1731 618 1760 de
641 1731 816 1760 distinetione
839 1735 1017 1768 peecatorum

168 1780 194 1808 in
217 1779 353 1816 generali;
370 1779 395 1807 in
419 1779 470 1807 liae
485 1782 564 1816 parte
586 1778 729 1807 deseendit
744 1778 778 1806 ad
801 1778 943 1815 quoddam
961 1786 1019 1815 spe-

167 1827 236 1855 ciale
266 1835 353 1863 genus
382 1826 495 1863 peceati.
521 1825 661 1854 Dividitur
689 1830 782 1854 autem
814 1833 878 1862 pars
908 1826 959 1854 ista
991 1825 1017 1853 in

168 1878 262 1911 partes
284 1874 363 1902 duas.
386 1874 412 1901 ln
436 1881 556 1910 quarum
580 1873 670 1909 prima
699 1872 828 1909 Magister
851 1872 1019 1901 determinat

169 1921 203 1948 de
225 1924 337 1957 peccato
360 1920 423 1954 isto,
450 1919 638 1956 comparando
665 1918 734 1947 illud
756 1919 791 1947 ad
821 1918 875 1946 alia
897 1923 1019 1955 peecato-

170 1976 231 1996 rum
262 1975 372 2004 genera.
402 1967 429 1995 ln
452 1966 574 1995 secunda
605 1974 670 1994 vero
693 1965 858 1994 determinat
889 1965 922 1993 de
946 1965 1017 2002 ipso,

169 2014 236 2052 1111111
259 2015 293 2043 sit
322 2014 476 2043 secundnm
506 2013 720 2050 assignationem
750 2013 892 2050 propriam
911 2013 933 2045 ¹,
962 2012 1017 2040 ibi:

168 2061 225 2089 Sea
246 2061 412 2099 quaeritur,
434 2060 505 2098 quid
525 2060 564 2088 sit
584 2060 658 2088 atad
677 2063 837 2096 peecatum.

249 2108 339 2136 i'rinia
361 2116 426 2144 pars
442 2110 567 2136 remanet
589 2107 721 2141 indivisag
742 2107 789 2135 sed
807 2107 930 2135 seranda
952 2107 1019 2135 divi-

169 2155 245 2184 ditur
268 2155 293 2183 111
317 2159 410 2192 partes
432 2159 488 2184 tres
515 2155 671 2183 secundnm
700 2154 836 2191 triplicem
860 2154 1019 2191 assignatio-

170 2210 232 2231 nem
255 2203 358 2239 peceati
377 2202 402 2230 in
425 2202 559 2239 Spiritum
575 2206 718 2235 sanctum,
742 2202 768 2229 111
790 2209 912 2238 quarum
928 2202 1019 2238 prima

169 2249 297 2286 Magister
314 2249 390 2285 ponit
411 2249 624 2285 assignationem
641 2256 725 2276 unam
749 2256 798 2285 per
817 2248 878 2276 eius
893 2248 1019 2276 disseren-

170 2295 221 2323 tias
245 2295 331 2331 magis
350 2299 440 2329 notas,
462 2303 533 2332 quae
549 2295 662 2332 quidem
686 2298 751 2323 sunt
771 2294 918 2323 obstinatio
934 2298 958 2322 et
975 2295 1019 2323 de—

168 2342 298 2379 speratio.
322 2342 348 2369 ln
371 2342 493 2370 secunda
523 2349 589 2370 vero
610 2342 687 2378 ponit
715 2342 775 2370 eius
803 2341 1017 2377 assignationem

170 2396 220 2425 per
242 2388 302 2417 eius
330 2388 500 2416 differentias
524 2389 615 2417 minus
644 2388 822 2421 manifestas,
845 2387 899 2415 ibi:
925 2388 973 2415 Est
995 2392 1020 2415 et

168 2435 232 2464 alia
248 2434 337 2463 haias
356 2435 470 2472 peceati
484 2435 657 2472 assifflmn'o.
680 2435 707 2463 111
724 2435 805 2463 tertia
824 2443 890 2463 vero
906 2435 1019 2462 subinn-

1076 1732 1114 1768 git
1137 1732 1216 1760 istius
1232 1731 1242 1747 '²
1265 1732 1368 1769 peceati
1391 1733 1605 1769 assignationem
1629 1740 1805 1761 communem
1834 1736 1860 1761 et
1882 1733 1927 1761 de-

1077 1778 1225 1813 finitivam,
1249 1779 1300 1807 ibi:
1327 1779 1364 1807 De
1386 1778 1438 1808 hoe
1460 1788 1571 1818 qaoque
1589 1783 1707 1817 peceato
1730 1780 1761 1807 iit
1780 1779 1926 1817 Spiritum

1076 1830 1212 1854 salictam
1235 1826 1415 1863 definitivam
1432 1827 1662 1864 a‹5szyatcttt‘oitc›iiz
1684 1830 1735 1855 ete.
1759 1826 1850 1855 Prima
1866 1827 1927 1855 ista-

1078 1880 1140 1900 rum
1164 1873 1286 1909 partinm
1314 1872 1450 1901 dividitur
1476 1873 1502 1901 111
1526 1876 1618 1910 partes
1641 1873 1727 1907 duas,
1751 1873 1776 1901 in
1804 1881 1925 1910 quarum

1076 1919 1166 1955 prima
1183 1919 1350 1947 determinat
1366 1919 1524 1954 veritatemg
1547 1920 1574 1948 in
1590 1920 1712 1948 secunda
1735 1919 1862 1948 dissolvit
1877 1919 1927 1948 du-

1077 1965 1251 2000 bitationem,
1274 1966 1323 1995 ibi:
1346 1966 1402 1995 Sea
1417 1967 1587 2005 q'aaericar,
1610 1971 1712 1995 atrum
1735 1967 1829 1995 omnis
1844 1966 1927 1995 obsti-

1077 2012 1165 2040 natio.
1182 2012 1313 2041 Similiter
1329 2013 1452 2042 secunda
1468 2013 1603 2042 dividitur
1619 2014 1644 2042 111
1661 2014 1744 2048 duas,
1762 2014 1787 2041 111
1803 2022 1924 2050 quarum

1076 2059 1167 2096 prima
1183 2060 1259 2096 ponit
1274 2060 1402 2096 Magister
1424 2060 1508 2089 huius
1524 2061 1627 2097 peceati
1650 2061 1878 2097 assignationem,
1898 2061 1925 2089 in

1076 2107 1198 2135 secunda
1215 2107 1292 2143 ponit
1307 2107 1368 2136 eius
1389 2107 1582 2144 assignationis
1598 2108 1823 2145 explanationem
1837 2107 1855 2142 ³,
1875 2107 1922 2136 ibi:

1076 2153 1163 2182 Illam
1186 2157 1283 2182 acmen
1308 2154 1538 2192 assignationem
1570 2155 1757 2192 Aayustt'nas
1777 2158 1826 2184 ete.
1850 2155 1926 2183 Simi-

1077 2200 1139 2228 liter
1156 2201 1236 2229 tertia
1258 2209 1323 2238 pars
1340 2201 1423 2230 habet
1444 2201 1528 2236 duas,
1544 2202 1569 2230 in
1593 2210 1713 2239 quarum
1744 2202 1835 2239 prima
1848 2203 1926 2239 ponit

1076 2247 1179 2284 peceati
1203 2247 1230 2275 in
1256 2247 1389 2284 Spiritum
1413 2251 1539 2277 sanetum
1566 2249 1721 2277 secundum
1748 2248 1924 2277 Ambrosium

1076 2294 1247 2322 definitivam
1270 2294 1494 2331 assignationem.
1516 2295 1544 2323 111
1567 2296 1690 2324 secunda
1712 2304 1779 2324 vero
1802 2299 1926 2325 removet

1076 2340 1292 2375 dubitationem,
1313 2340 1365 2369 ibi:
1389 2341 1454 2369 Noa
1476 2341 1574 2379 itaque
1595 2342 1742 2370 distinctio
1757 2342 1809 2371 illa
1829 2342 1926 2371 verbo-

1075 2396 1144 2415 ram
1166 2388 1208 2415 sie
1229 2387 1403 2424 [temptanda
1424 2391 1472 2416 est.

821 2519 1006 2548 TRACTATIO
1028 2519 1270 2555 QUAESTIONUM.

250 2609 287 2637 Ad
311 2608 519 2645 intelligentiam
542 2608 628 2636 huius
650 2607 737 2644 partis
760 2607 855 2635 incidit
872 2607 914 2634 lne
937 2614 1019 2642 qnae-

168 2656 222 2684 stio
243 2655 277 2683 de
306 2658 418 2692 peceato
447 2655 473 2682 in
503 2654 636 2691 Spiritum
667 2657 810 2687 sanetum,
840 2653 873 2681 de
902 2661 957 2689 11110
979 2660 1018 2680 se-

170 2702 294 2730 eundum
325 2702 412 2738 ipsius
441 2701 579 2738 triplicem
609 2701 846 2738 comparationem
876 2707 1017 2736 quaerun-

171 2752 217 2777 tur
239 2749 300 2777 tria.

235 2870 240 2884 ¹
260 2870 320 2892 Libr.
339 2870 352 2892 1.
371 2876 389 2892 c.
408 2870 429 2891 3.
448 2876 468 2892 n.
487 2869 524 2891 554.
542 2870 616 2892 Locus
633 2870 765 2897 scriptume
783 2873 817 2892 est
834 2870 908 2891 stanti.
931 2870 964 2897 12,
981 2870 1017 2892 32.

173 2910 268 2932 lnserins
286 2910 407 2937 respicitur
425 2908 479 2931 ibid.
492 2915 514 2931 v,
528 2909 569 2936 24,
589 2909 625 2931 28.
635 2921 665 2925 —-
676 2909 717 2931 Pro
730 2908 848 2939 defiailam
863 2909 947 2930 Bonax'.
965 2909 1019 2936 legit

174 2947 323 2977 (lesim'licum.
635 2948 644 2961 ‘-'
662 2947 742 2975 Codd.,
759 2951 853 2975 excepto
872 2947 896 2974 1),
913 2948 1017 2976 peccant.

233 2987 243 3001 3
260 2987 320 3009 Libr.
340 2987 353 3009 l.
370 2987 391 3009 d.
411 2987 515 3009 xxxw.
534 2993 552 3009 e.
571 2986 591 3009 fi.

1155 2606 1246 2634 Primo
1265 2607 1410 2643 quaeritur
1433 2608 1466 2636 de
1483 2608 1542 2644 ipso
1558 2608 1583 2636 in
1599 2609 1804 2645 comparatione
1819 2609 1853 2637 ad
1869 2609 1923 2637 alia

1076 2656 1253 2689 peecatorum
1276 2661 1386 2690 genera.

1155 2701 1281 2729 Secundo
1303 2702 1450 2738 quaeritur
1472 2703 1506 2731 de
1536 2703 1595 2740 ipso
1617 2707 1753 2740 qnantum
1775 2703 1810 2732 ad
1832 2704 1923 2732 eondi-

1076 2747 1163 2776 tiones
1185 2748 1320 2784 proprias.

1292 2869 1387 2892 NOTAE
1404 2869 1441 2893 AD
1459 2869 1704 2894 COMMENTARIUM.

1139 2908 1144 2922 ¹
1166 2909 1214 2930 Yat,
1233 2914 1285 2930 enm
1303 2909 1356 2931 edd.
1376 2910 1401 2937 3,
1420 2909 1433 2931 Ιι
1451 2910 1498 2931 sic:
1517 2909 1757 2939 qaidsit-secundam
1769 2910 1872 2934 aliorum
1886 2918 1921 2935 [ts-

1074 2947 1229 2977 siynattom'm
1247 2949 1268 2970 el
1285 2947 1355 2971 eliam
1372 2948 1503 2972 secandum
1519 2949 1651 2979 propriam.

1137 2987 1146 3000 ἵ
1164 2986 1219 3009 Edd.
1238 2986 1319 3016 ipsius.
1589 2988 1598 3003 ³
1616 2988 1671 3011 Cod.
1691 2989 1708 3011 T
1726 2989 1919 3014 declaralt'onem.
