2243 3425
192 1115 264 1133 Solutio
276 1114 321 1133 aiio-

215 1143 263 1156 rum.

199 1242 323 1266 improbatur.

191 1328 265 1355 Solutio¹
282 1328 320 1346 Ma-

214 1353 273 1375 gistri.

200 1415 321 1438 Augustinus.

198 2117 319 2140 Augustinus.

337 184 393 212 758

700 259 761 286 CAP.
780 259 820 286 ΠΙ.

411 347 506 373 Utrum
526 344 602 372 illias
622 344 850 379 concupiscentiae
869 345 940 371 Deas
959 343 994 371 sit
1012 348 1113 371 auctor.

407 431 547 457 Praeterea
564 430 657 465 quaeri
671 430 750 461 solet,
765 433 854 457 utrum
869 430 1101 464 concupiscentia,
1116 437 1185 464 quae

335 477 396 508 post
428 473 593 507 baptismum
618 476 739 500 remanet
770 476 795 500 et
826 476 928 500 tantum
951 473 1105 508 poenalitas
1131 476 1184 506 est,

335 519 396 542 ante
416 516 580 549 baptismum
597 523 660 542 vero
680 523 768 551 poena
791 519 848 542 erat
870 519 896 542 et
915 515 1006 550 calpa,
1020 523 1053 542 ex
1073 516 1128 542 Deo
1142 522 1186 542 au-

335 562 409 585 ctore
428 559 476 591 sit,
496 559 538 585 vel
557 566 591 585 ex
610 559 671 586 alio.
684 574 720 578 —
733 559 773 585 Ad
793 559 866 593 quod
886 559 1004 585 breviter
1023 558 1184 593 responden-

335 605 374 628 tes
394 601 521 633 dicimus,
540 602 612 636 quia,
633 602 658 628 in
679 605 808 636 quantum
821 610 908 636 poena
929 605 979 634 est,
1000 602 1084 628 Deum
1104 601 1185 627 habet

335 648 487 675 auctorem;
508 645 533 671 in
558 649 688 680 quantum
708 653 772 672 vero
799 645 879 680 calpa
899 648 950 677 est,
971 645 1107 672 diabolum
1127 645 1184 671 sive

334 687 471 714 hominem
491 688 572 715 habet
591 691 738 715 auctorem.

696 765 756 793 CAP.
780 766 822 793 IV.

439 851 526 884 Quare
546 850 619 877 z‘llad
636 855 773 886 peccatmn
793 851 941 886 imputetur
960 851 1076 878 animae.

405 938 477 964 Solet
497 938 577 964 etiam
591 938 684 972 quaeri
696 937 717 969 ¹,
737 944 790 971 qua
805 937 907 964 iustitia
923 940 1046 964 teneatur
1066 937 1110 963 illo
1125 944 1185 971 pec-

334 983 394 1007 cato
414 980 501 1007 anima
524 980 651 1006 innocens
670 987 685 1006 a
705 980 760 1006 Deo
774 983 876 1012 creata,
897 987 959 1006 cum
976 986 1028 1005 non
1049 980 1083 1005 sit
1098 979 1123 1005 in
1137 987 1184 1013 po—

335 1025 429 1048 testate
443 1029 490 1048 sua
506 1022 570 1048 illud
586 1022 678 1048 vitare.
695 1021 752 1047 Non
768 1022 838 1047 enim
852 1028 901 1055 per
914 1021 1029 1048 liberum
1044 1021 1184 1047 arbitrium

334 1064 400 1091 illud
421 1065 609 1097 committitur,
629 1065 691 1098 quia
712 1072 763 1090 11011
782 1065 857 1098 prius
877 1067 916 1090 est
930 1064 1031 1095 anima,
1052 1063 1185 1098 quantilli

334 1110 446 1141 peccato
471 1110 510 1133 est
534 1107 707 1133 obnoxia.—
726 1107 767 1133 Ad
787 1107 839 1133 hoc
863 1106 973 1140 quidam
994 1106 1099 1138 dicunt,
1125 1107 1184 1133 ideo

333 1150 449 1176 animam
464 1156 537 1176 ream
559 1156 617 1175 esse
631 1149 702 1175 illius
721 1149 838 1183 peccati,
853 1149 915 1176 licet
935 1149 1034 1176 munda
1048 1156 1063 1175 a
1083 1150 1137 1176 Deo
1152 1150 1186 1176 sit

333 1195 421 1219 creata
429 1214 435 1225 ,
447 1192 518 1226 quia,
530 1199 591 1218 cum
604 1192 751 1219 infunditur
761 1192 878 1226 corpori,
890 1192 1087 1219 condelectatur
1098 1193 1184 1225 carni;

333 1242 367 1262 ex
381 1242 434 1269 quo
455 1238 596 1269 peccatum
617 1235 759 1261 contrahit.
779 1250 815 1254 —
828 1234 903 1266 Quod
924 1235 945 1261 si
961 1238 1043 1267 esset,
1065 1236 1115 1262 iam
1132 1243 1183 1262 non

332 1277 478 1313 orz'yz'nale,
498 1277 545 1304 sed
565 1278 669 1304 actuale
683 1278 826 1304 diceretur.
847 1278 937 1304 Potius
951 1285 1014 1312 ergo
1033 1278 1092 1305 ideo
1113 1282 1185 1305 recte

332 1324 420 1356 potest
439 1321 491 1347 dici
516 1321 643 1355 imputari
664 1321 769 1348 animae
794 1321 859 1347 illud
880 1325 1036 1356 peccatum,
1055 1322 1127 1356 quod
1151 1329 1184 1349 ex

332 1365 507 1399 corruptione
526 1365 649 1398 corporis
669 1364 860 1391 inevitabiliter
881 1365 976 1396 trahit,
996 1365 1075 1399 quia,
1100 1368 1128 1392 ut
1148 1366 1185 1392 ait

332 1408 497 1441 Augustinus
517 1408 542 1434 in
562 1407 631 1434 libro
651 1407 684 1434 de
698 1407 810 1434 Civitate
830 1408 910 1439 Dei2,
937 1408 1075 1435 «nonfuit
1093 1416 1185 1436 corru-

330 1450 387 1485 ptio
401 1451 536 1485 corporis,
556 1457 626 1485 quae
639 1453 768 1484 aggravat
785 1451 914 1483 animam,
929 1459 1010 1477 eausa
1030 1451 1110 1485 primi
1124 1459 1184 1486 pec-

332 1493 400 1525 cati,
420 1493 467 1519 sed
484 1501 584 1528 poena,
599 1501 647 1520 nec
668 1502 731 1520 caro
750 1493 939 1528 corruptibilis
959 1495 1075 1521 animam
1089 1502 1184 1529 pecca-

332 1537 427 1563 tricem
441 1536 515 1568 fecit‚
530 1537 577 1563 sed
588 1536 727 1572 peccatrix
740 1536 836 1564 anima
855 1544 963 1564 carnem
978 1538 1183 1573 corruptibilem

332 1580 394 1606 fecii.
410 1591 434 1606 ».

699 1650 760 1677 (111).
783 1651 814 1678 V.

425 1728 521 1755 Utrum
540 1727 613 1754 illud
630 1732 767 1763 peccatam
786 1728 821 1755 sit
840 1729 1032 1762 necessarimm,
1053 1731 1096 1757 vel

656 1771 854 1799 voluntariam.

403 1856 470 1883 Illud
496 1857 575 1883 etiam
603 1864 654 1883 non
681 1857 814 1884 immerito
841 1859 934 1893 quaeri
962 1863 1066 1893 potest,
1092 1864 1181 1887 utrum

331 1903 475 1934 peccatum
499 1901 628 1934 originale
654 1901 751 1927 debeat
774 1901 827 1928 (1101
852 1902 1056 1934 volzmtarz'zmz,
1079 1904 1121 1930 vel
1140 1912 1183 1930 ne-

332 1942 487 1970 cessarimm„
507 1959 541 1963 -
558 1944 591 1970 Et
609 1943 791 1971 neeessariam
816 1948 902 1979 potest
923 1946 989 1977 dici,
1014 1947 1077 1981 quia
1103 1947 1181 1974 vitari

332 1992 383 2011 non
412 1988 515 2019 potest;
542 1985 612 2012 unde
636 1989 662 2012 et
688 1986 820 2020 Propheta
837 1986 845 1999 ³
866 1987 945 2013 dicit:
966 1988 1004 2014 De
1025 1988 1182 2015 necessitati*

332 2027 380 2054 bas
399 2027 466 2054 meis
480 2036 543 2055 erae
562 2037 625 2060 me,·
645 2032 671 2055 et
688 2029 877 2056 voluntariam
898 2037 950 2056 non
971 2031 1117 2064 incongrue
1138 2039 1182 2066 ap-

330 2071 459 2106 pellatur,
474 2072 537 2106 quia
553 2079 584 2098 ex
600 2071 735 2099 voluntate
755 2072 834 2106 primi
850 2073 966 2099 hominis
986 2074 1132 2107 processit,
1153 2078 1181 2101 ut

330 2114 495 2147 Augustinus
522 2115 546 2141 in
573 2116 661 2149 primo
690 2115 758 2142 libro
784 2116 1013 2143 Reti-actationum
1029 2117 1038 2130 ⁴
1065 2118 1181 2144 ostendit

330 2157 438 2184 dicens:
464 2157 556 2184 «Illud
576 2158 649 2192 quod
669 2158 694 2184 in
715 2158 835 2192 parvulis
855 2159 954 2185 dicitur
973 2160 1104 2192 originale
1122 2168 1182 2194 pec-

331 2203 434 2231 catum,
455 2208 516 2227 cuni
537 2201 626 2227 adhuc
646 2208 698 2227 non
723 2205 832 2228 utantur
855 2201 939 2228 libero
960 2202 1071 2229 arbitrio
1091 2203 1182 2230 volun-

332 2244 402 2275 tatis,
417 2251 469 2271 non
484 2244 601 2271 absurde
616 2248 728 2271 vocatur
740 2244 944 2276 colmam-iam,
959 2246 1031 2280 quia,
1046 2254 1079 2273 ex
1093 2247 1180 2281 prima

330 2286 447 2313 hominis
473 2287 543 2314 mala
569 2287 705 2314 voluntate.
729 2291 909 2320 contractum,
930 2289 1029 2315 factum
1056 2293 1095 2316 est
1119 2298 1182 2324 quo-

330 2329 392 2355 dam
412 2329 492 2356 modo
512 2330 704 2357 hereditarium
719 2342 743 2356 n.

690 2408 751 2435 Cap,
770 2409 811 2436 Vl.

416 2486 504 2518 Quare
524 2487 595 2513 Deus
615 2486 703 2522 z'mzyt't
722 2486 845 2513 animam
865 2487 989 2522 corpori,
1009 2488 1094 2515 sciens

641 2529 703 2557 {mle
722 2530 868 2558 maculari.

402 2608 428 2634 Si
454 2615 519 2634 vero
545 2609 696 2642 quaeritur:
723 2617 771 2636 cur
791 2610 879 2643 Dens,
903 2610 948 2644 qui
976 2610 1038 2637 fecit
1065 2611 1179 2637 animam

332 2650 416 2684 ipsam
441 2651 498 2678 sine
522 2652 628 2679 macula
654 2655 680 2678 et
702 2652 767 2684 scit,
792 2660 851 2679 eam
871 2660 903 2680 ex
928 2654 1050 2688 corporis
1070 2654 1180 2681 coniun-

396 2775 402 2789 1
421 2776 468 2798 Hoc
485 2779 507 2799 et
519 2777 565 2799 duo
578 2784 641 2806 seqq.
660 2779 757 2806 capitula
773 2782 826 2801 sunt
838 2786 865 2801 ex
882 2780 986 2809 wigone,
1000 2781 1064 2803 Sum.
1082 2783 1139 2803 sent.
1151 2783 1178 2803 tr.

333 2812 353 2834 3.
372 2819 391 2835 c.
413 2814 445 2835 12.

395 2851 403 2865 ‘³
421 2851 481 2874 Libr.
500 2853 557 2875 XIV.
576 2860 595 2876 c.
614 2855 634 2876 3.
653 2861 673 2876 n.
692 2856 712 2877 2.
731 2868 761 2871 —-
779 2856 847 2879 Paulo
871 2859 978 2885 superius
995 2861 1046 2880 ante
1064 2857 1181 2887 imputari

335 2889 401 2911 codd.
419 2890 461 2912 BE
478 2893 499 2913 et
516 2892 568 2914 edd.
591 2893 595 2914 1
610 2911 615 2920 ,
633 2893 646 2914 S
665 2894 795 2922 praefig-unt
813 2894 854 2917 illi.

396 2927 405 2942 3
423 2929 503 2951 Psalm.
523 2930 566 2957 24,
590 2931 622 2952 17.
962 2934 971 2949 ⁴¹
989 2935 1043 2963 Cap.
1066 2936 1098 2958 13.
1117 2942 1138 2958 n.
1157 2936 1178 2958 ὅ.

396 2965 406 2980 ⁵
422 2967 471 2989 Vat.
490 2974 542 2989 cum
568 2971 647 2996 paucis
669 2971 721 2992 edd.
740 2971 821 3001 innuit.
840 2986 870 2988 —
888 2974 1020 2996 immediate
1039 2977 1090 3002 post
1107 2975 1179 3003 respi-

1026 182 1278 211 SENTENTIARUM
1299 182 1359 211 LlB.
1381 182 1410 210 ll.

1242 260 1331 286 ctione
1352 259 1485 286 maculam
1505 260 1609 294 peccati
1630 259 1801 291 contrahere,
1822 262 1848 285 et
1867 259 2012 293 aliquando
2030 263 2090 287 ante

1243 302 1405 336 baptismum
1431 302 1533 336 seiungi
1560 302 1593 328 ab
1614 302 1671 336 ipso
1698 309 1825 336 corpore,
1845 305 1871 328 et
1895 303 1934 329 sic
1955 303 2090 334 damnari,

1243 352 1300 371 eam
1329 345 1436 379 corpori
1460 345 1639 377 coniungit5?
1659 345 1866 378 respondemus,
1889 352 1922 372 ex
1946 346 2090 373 altitudine

1241 386 1407 414 iudiciorum
1427 387 1478 414 Dei
1496 388 1521 414 id
1542 387 1697 422 provenire,
1717 390 1743 414 et
1767 395 1815 414 nec
1834 388 1931 415 iniuste
1954 389 1980 415 id
2001 396 2016 415 a
2035 390 2090 416 Deo

1241 431 1307 457 fieri.
1322 431 1379 465 lpse
1399 431 1468 458 enim
1483 439 1534 458 non
1550 432 1696 464 incongrue
1710 431 1844 458 humanae
1863 431 2024 458 conditionis
2039 440 2091 459 mo>

1241 475 1318 507 dum,
1338 482 1418 509 quem
1439 483 1454 502 a
1478 475 1613 509 principio
1634 474 1759 505 instituit,
1784 474 1847 501 licet
1870 478 1983 509 peccata
2006 476 2092 502 homi-

1241 525 1305 544 num
1326 518 1536 549 intercesserint,
1556 518 1613 544 sine
1634 517 1819 544 immutatione
1839 517 1965 544 continue
1986 521 2090 551 servat,

1241 567 1357 594 corpora
1371 561 1404 587 de
1424 561 1536 587 materia
1551 567 1565 587 a
1585 560 1719 594 principio
1733 560 1791 586 sine
1811 560 1874 586 vitio
1889 560 1957 587 facta
1978 561 2090 595 fingens,

1242 603 1399 637 animasque
1425 603 1458 629 de
1484 603 1567 629 nihilo
1591 610 1702 633 creans,
1729 610 1877 637 eorumque
1903 604 2091 631 coniunctione

1242 645 1377 672 hominem
1391 646 1541 680 perficiens.
1556 646 1621 672 Cum
1642 646 1722 679 igitur
1736 649 1851 680 utraque
1865 646 1980 672 hominis
1997 650 2089 674 natura

1241 695 1256 714 a
1275 688 1330 714 Deo
1350 689 1407 715 sine
1427 689 1491 715 vitio
1508 689 1543 714 sit
1562 688 1696 721 instituta,
1716 688 1779 715 licet
1798 696 1813 715 a
1833 696 1861 715 se
1876 692 1988 723 peccato
2008 690 2043 716 sit
2056 690 2091 716 vi-

1242 730 1318 763 tiata,
1338 738 1390 757 non
1411 731 1471 757 ideo
1492 731 1666 758 immutabilis
1685 732 1756 758 Deus
1775 732 1909 759 humanae
1930 733 2091 760 conditionis

1241 773 1398 807 primariam
1425 773 1510 806 legem
1540 777 1643 800 mutare
1669 774 1774 805 debuit,
1802 775 1858 801 sive
1885 782 1900 801 a
1929 775 2091 810 multiplica-

1242 816 1313 842 tione
1333 816 1470 842 hominum
1491 816 1628 843 desistere.

1597 893 1658 920 CAP.
1678 895 1732 921 VII.

1334 974 1381 998 Aa
1400 971 1495 998 amma
1514 971 1548 998 sil
1569 971 1645 1003 talis,
1665 972 1754 1007 qaalz's
1774 981 1789 999 α
1810 974 1863 1000 Deo
1883 979 1998 1002 creatur.

1314 1043 1362 1068 Hic
1382 1049 1397 1069 a
1417 1042 1579 1077 quibusdam
1600 1043 1693 1077 quaeri
1714 1043 1793 1076 solet,
1813 1047 1902 1071 utrum
1923 1045 2011 1072 anima
2035 1045 2093 1073 talis

1241 1086 1275 1112 sit
1289 1089 1349 1113 ante
1364 1086 1541 1120 baptismum,
1555 1086 1642 1120 qualis
1656 1093 1669 1112 a
1691 1086 1745 1113 Deo
1766 1090 1881 1113 creatur.
1895 1102 1931 1107 —
1943 1087 2018 1119 Quod
2039 1096 2090 1115 non
2105 1096 2198 1116 Probano.

1242 1136 1313 1161 esse,
1333 1128 1449 1163 probare
1473 1132 1606 1155 conantur
1629 1129 1680 1155 hoc
1700 1129 1798 1156 modo:
1822 1130 1910 1157 anima
1931 1131 1957 1157 in
1977 1138 2092 1166 corpore

1242 1175 1361 1204 creatur,
1377 1172 1401 1198 in
1417 1172 1495 1198 cuius
1505 1172 1693 1199 coniunctione
1707 1176 1820 1206 peccato
1834 1174 1995 1207 maculatum
2010 1182 2092 1209 quam

1242 1215 1295 1241 cito
1315 1215 1396 1248 igitur
1416 1218 1467 1247 est,
1488 1218 1630 1249 peccatum
1651 1215 1743 1248 hahet,
1764 1223 1813 1243 nec
1833 1217 1909 1250 prius
1929 1217 1990 1249 fuit,
2010 1225 2091 1252 quain

1241 1262 1384 1292 peccatum
1405 1257 1531 1284 habuit⁵:
1553 1266 1604 1284 non
1629 1262 1668 1284 est
1688 1259 1769 1291 igitur
1794 1259 1866 1290 talis,
1889 1260 1978 1294 qualis
2002 1268 2016 1287 a
2036 1262 2091 1288 Deo

1241 1304 1357 1328 creatur.
1377 1301 1488 1328 Creatur
1508 1301 1578 1327 enim
1598 1308 1613 1328 a
1630 1301 1684 1328 Deo
1706 1302 1833 1328 innocens
1853 1306 1878 1329 et
1897 1304 1955 1329 sine
1975 1304 2051 1336 vitio;
2066 1308 2091 1331 et

1241 1352 1377 1379 nunquam
1398 1344 1459 1370 talis
1484 1347 1531 1370 est.
1545 1359 1580 1363 —
1596 1344 1637 1370 Ad
1658 1344 1730 1379 quod
1756 1345 1809 1372 dici
1830 1348 1929 1379 potest,
1949 1347 2013 1380 quia
2038 1355 2090 1374 non

1241 1387 1349 1413 omnino
1374 1386 1433 1412 talis
1454 1389 1505 1419 est,
1529 1386 1637 1421 qualem
1661 1394 1719 1413 eam
1739 1387 1810 1414 Deus
1833 1388 1902 1414 fecit.
1922 1388 1994 1415 Deus
2019 1390 2090 1416 enim

1242 1429 1338 1456 bonam
1360 1436 1417 1456 eam
1444 1429 1505 1456 fecit
1525 1433 1551 1456 et
1570 1430 1716 1457 bonitatem
1741 1431 1764 1457 ei
1785 1431 1842 1457 sine
1862 1432 2036 1466 corruptione
2056 1433 2092 1459 in-

1241 1473 1316 1499 didit.
1337 1474 1368 1499 Et
1395 1472 1494 1499 dicitur
1520 1473 1564 1499 illa
1584 1474 1714 1500 naturalis
1733 1474 1850 1506 bonitas,
1870 1482 1951 1509 quam
1971 1475 1997 1501 111
2020 1483 2092 1503 crea-

1242 1516 1311 1543 tione
1333 1523 1348 1543 a
1368 1515 1511 1543 Conditore
1525 1517 1656 1550 suscepit,
1670 1524 1750 1551 quarn
1771 1517 1917 1544 bonitatem
1931 1526 1980 1552 per
1998 1526 2093 1553 pecca-

1241 1562 1296 1585 tum
1323 1559 1430 1593 penitus
1455 1566 1506 1585 non
1531 1559 1632 1590 amisit,
1659 1559 1707 1586 sed
1733 1560 1852 1587 vitiatam
1879 1561 1985 1593 habuit,
2010 1569 2090 1596 quani

1240 1603 1310 1629 Deus
1331 1606 1418 1629 tamen
1438 1603 1494 1628 sine
1518 1602 1583 1628 vitio
1603 1603 1672 1629 fecit.
1693 1602 1718 1629 Si
1740 1603 1811 1629 enim
1831 1611 1873 1630 res
1893 1604 1962 1631 bona
1982 1612 2033 1631 non
2055 1612 2093 1632 es-

1240 1649 1280 1672 set
1300 1646 1401 1677 anima,
1424 1646 1449 1671 in
1467 1652 1497 1672 ea
1519 1645 1617 1672 malum
1632 1653 1690 1672 esse
1709 1646 1844 1680 nequiret,
1859 1654 1921 1673 cum
1941 1655 1992 1674 non
2006 1649 2092 1682 possit

1240 1687 1340 1715 malum
1361 1696 1419 1715 esse
1439 1689 1489 1715 nisi
1510 1689 1535 1714 in
1556 1688 1638 1719 bono,
1659 1692 1687 1715 ut
1701 1689 1782 1723 post⁷
1802 1689 1915 1716 dicetur.
1933 1690 1991 1717 Non
2012 1691 2092 1725 igitur

1240 1731 1348 1757 omnino
1376 1731 1435 1758 talis
1459 1735 1498 1758 est
1518 1732 1621 1763 anima,
1646 1732 1734 1766 qualis
1758 1736 1797 1759 est
1821 1740 1834 1759 a
1854 1734 1908 1760 Deo
1928 1737 2027 1761 creata.
2054 1734 2091 1761 Si-

1240 1778 1285 1801 cut
1305 1775 1374 1809 quis,
1394 1775 1511 1809 pollutas
1532 1775 1634 1802 habens
1654 1783 1765 1807 manus,
1786 1783 1837 1802 non
1860 1776 1912 1803 tale
1933 1776 2028 1803 habuit
2046 1785 2091 1811 po-

1240 1825 1326 1850 mum,
1347 1818 1426 1852 quale
1446 1825 1495 1851 ego
1515 1818 1576 1844 dedi
1591 1818 1698 1845 mundis
1719 1819 1854 1852 manibus;
1874 1827 1923 1853 ego
1938 1820 2008 1846 enim
2028 1820 2090 1847 dedi

1239 1861 1379 1887 mundum.

2105 1355 2183 1373 nubium
2197 1355 2213 1374 5.
2223 1342 2225 1348 ¹

1591 1931 1652 1959 CAP.
1676 1932 1739 1959 VIII.

1363 2019 1409 2044 Aa
1429 2017 1537 2044 (mamae
1557 2026 1589 2043 cac
1608 2017 1741 2044 creatione
1760 2018 1815 2044 sim
1836 2018 1864 2045 in
1887 2018 1966 2045 donis

1501 2059 1677 2087 naturalibus
1696 2061 1829 2096 aequales.

1310 2137 1377 2164 Illud
1397 2145 1506 2173 quoque
1530 2146 1581 2164 non
1607 2139 1753 2172 incongrue
1778 2139 1871 2173 quaeri
1895 2139 1975 2172 solet,
2000 2143 2090 2167 utrum

1239 2188 1331 2207 omnes
1350 2181 1455 2208 animae
1475 2188 1508 2208 ex
1522 2182 1658 2208 creatione
1673 2182 1799 2216 aequales
1817 2182 1880 2213 sint,
1895 2189 1928 2209 an
1948 2182 2017 2209 aliae
2031 2183 2090 2210 aliis

1238 2223 1449 2250 excellentiores.
1462 2238 1498 2243 —
1511 2224 1636 2250 Pluribus
1657 2232 1707 2251 non
1730 2225 1949 2252 irrationabiliter
1969 2225 2088 2259 videtur,

1238 2267 1311 2300 quod
1329 2274 1362 2293 ex
1383 2267 1440 2301 ipsa
1460 2267 1595 2294 creatione
1615 2268 1684 2294 aliae
1707 2267 1766 2294 aliis
1787 2268 1921 2295 excellant
1940 2269 1966 2295 111
1985 2271 2091 2296 natura-

1238 2311 1308 2337 lihus
1328 2310 1417 2343 donis,
1438 2313 1466 2336 ut
1486 2310 1512 2336 in
1532 2311 1647 2337 essentia
1667 2310 1719 2337 alia
1733 2311 1792 2337 aliis
1811 2311 1845 2337 sit
1866 2311 1990 2338 subtilior
2008 2315 2033 2338 et
2055 2313 2090 2339 ad

1239 2354 1439 2388 intelligendum
1465 2353 1723 2388 memorandumque
1746 2354 1875 2387 habilior,
1905 2358 1997 2390 utpote
2029 2363 2090 2383 acu-

1239 2397 1299 2423 liori
1320 2397 1425 2429 ingenio
1445 2399 1470 2423 et
1490 2397 1683 2431 perspicaciori
1704 2397 1841 2424 intellectu
1861 2398 1992 2432 praedita.
2012 2397 2088 2430 Quod

1238 2447 1290 2465 non
1315 2439 1530 2473 improbabiliter
1554 2439 1663 2472 dicitur,
1689 2434 1750 2466 cum
1774 2440 1799 2466 in
1820 2441 1928 2473 Angelis
1952 2441 1987 2468 ita
2008 2442 2088 2468 fuisse

1238 2485 1342 2509 constet
1353 2482 1370 2508 ⁵⁴.
1390 2482 1423 2508 Et
1436 2482 1498 2508 licet
1517 2482 1685 2509 naturalibus
1699 2482 1776 2509 donis
1793 2483 1861 2510 aliae
1875 2491 1941 2518 prae
1961 2484 2019 2511 aliis
2032 2485 2088 2519 pol-

1238 2526 1320 2555 leant,
1342 2529 1446 2556 tamen,
1467 2529 1528 2552 ante
1552 2525 1715 2559 baptismum
1736 2533 1750 2552 a
1774 2533 1888 2560 corpore
1906 2526 2088 2560 discedentes,

1238 2576 1330 2602 parem
1354 2575 1486 2602 poenam,
1511 2571 1536 2594 et
1556 2571 1617 2602 post
1641 2568 1803 2603 baptismum
1828 2569 1918 2595 statim
1948 2570 2087 2604 aequalem

1238 2619 1365 2638 coronam
1385 2612 1545 2643 sortiuntur,
1565 2612 1629 2646 quia
1654 2612 1750 2646 ingenii
1771 2619 1884 2639 acumen
1909 2613 1950 2639 vel
1977 2613 2087 2640 tarditas

1237 2654 1389 2688 praemium
1410 2654 1451 2680 vel
1471 2661 1585 2688 poenam
1606 2655 1631 2680 in
1653 2654 1741 2681 futuro
1762 2662 1812 2682 non
1834 2655 1956 2683 collocat.

2103 2281 2183 2300 Dubium
2195 2281 2212 2299 ὃ.

1237 2782 1296 2803 citur
1313 2781 1378 2803 Rom.
1401 2781 1421 2802 11
1437 2799 1441 2809 ‚
1460 2781 1496 2803 33.
1514 2793 1545 2797 —
1564 2781 1658 2804 lnserius
1683 2781 1736 2804 edd.
1760 2783 1764 2804 1
1780 2800 1784 2810 ,
1803 2783 1816 2804 8
1834 2782 1965 2805 mutatione
1981 2789 2024 2811 pro
2046 2783 2087 2807 im-

1236 2820 1375 2843 mutatione.

1298 2859 1308 2873 s
1326 2859 1381 2881 Eud.
1404 2860 1425 2887 1,
1445 2860 1469 2887 2,
1488 2859 1512 2887 3,
1530 2859 1557 2886 7,
1576 2860 1588 2880 8
1606 2858 1722 2882 habuerit.

1298 2897 1308 2912 ⁷
1326 2898 1379 2920 Dist.
1399 2898 1504 2920 XXXIV.
1518 2905 1536 2920 0.
1551 2897 1570 2920 4..
1584 2911 1614 2914 —
1627 2898 1696 2920 Paulo
1706 2900 1813 2926 superius
1826 2905 1868 2927 pro
1882 2899 2005 2922 conditore
2018 2900 2085 2922 codd.

1236 2936 1253 2957 Α
1264 2936 1281 2957 D
1301 2936 1427 2964 Crentore,
1448 2940 1469 2960 et
1487 2943 1529 2965 pro
1545 2938 1597 2966 post
1615 2937 1682 2959 codd.
1700 2937 1771 2959 ACD
1784 2939 1875 2966 postea.

1299 2975 1308 2989 S
1326 2975 1370 2998 Cfr.
1389 2976 1443 2998 Dist.
1462 2976 1494 2998 Ill.
1512 2983 1531 2999 c.
1550 2977 1571 2998 ⁴2.
