2243 3425
187 983 271 1008 Aliorum
280 981 319 1005 opi-

234 1011 265 1024 ΠΙΟ
270 1020 273 1023 .

201 1194 283 1212 Dubium
299 1194 316 1211 Ξ]

206 1452 317 1475 Oppouitur.

205 1498 316 1522 Responsio.

195 1759 237 1777 Aba
246 1757 333 1776 obiectio.

209 1968 321 1991 Responsm.

324 210 380 238 [276

324 285 448 313 manibus
468 292 516 311 nec
545 282 677 318 pedibus¹
708 284 855 308 uterentur.
883 280 949 307 Nam
974 283 1086 314 propter
1106 278 1175 305 uteri

324 328 511 355 necessitatem
540 327 607 353 forte
635 332 744 351 necesse
764 327 833 353 erat.
854 323 983 357 parvulos
1011 323 1102 354 nasci;
1127 322 1175 348 sed

325 371 449 406 quamvis
477 370 573 404 exigua
601 376 663 403 pars
689 367 812 401 corporis
837 367 871 393 sit
890 369 979 398 costa,
1006 373 1057 392 non
1088 369 1175 392 tamen

325 417 437 449 propter
456 413 508 439 hoe
529 411 669 446 parvulam
691 411 748 437 viro
778 410 919 442 coniugem
948 409 1021 440 secit;
1051 408 1121 434 unde
1151 411 1176 434 et

325 458 384 484 eius
404 456 472 482 filios
496 458 601 489 poterat
631 453 823 488 omnipotentia
850 452 984 479 Creatoris
1010 459 1072 478 mox
1101 454 1177 478 natos

325 499 440 534 grandes
459 499 582 525 facere».
607 497 681 523 «Sed
703 499 732 523 ut
753 496 804 522 boc
824 496 958 527 omittam,
978 498 1085 529 poterat
1104 497 1177 521 certe

326 542 365 568 eis
384 544 523 575 praestare
542 540 615 574 quod
642 539 733 566 multis
759 539 921 565 animalibus
939 538 1085 572 praestitit,
1114 544 1177 571 quo-

326 592 386 612 rum
406 585 487 619 pulli,
515 584 640 618 quamvis
659 583 711 609 sint
731 582 852 617 parvuli,
877 585 964 608 tamen
984 589 1061 614 mox,
1084 584 1112 607 ut
1133 587 1178 607 na-

326 632 450 659 scuntur,
470 630 582 654 currunt
602 630 627 653 et
646 629 746 653 matres
765 628 923 660 sequuntur.
939 625 1054 651 Econtra
1075 624 1175 650 bomini

327 674 389 698 nato
415 678 464 697 nec
492 670 525 697 ad
550 670 685 696 incessum
707 669 790 704 pedes
811 668 898 695 idonei
924 671 985 694 sunt
1006 675 1055 694 nee
1074 674 1177 699 manus,

327 714 421 741 saltem
452 714 484 740 ad
509 713 697 748 scalpendum,
727 712 842 745 habiles,
867 715 893 738 et
913 712 986 738 iuxta
1007 718 1035 738 se
1055 711 1178 737 mammis

328 756 437 790 positis⁷
456 759 596 783 nascentes
616 756 701 789 magis
718 758 829 789 possunt
843 755 992 781 esurientes
1014 753 1077 780 flere
1097 760 1177 788 quam

328 806 432 834 sugere,
453 799 636 834 propriaeque
650 799 797 825 infirmitati
813 798 908 824 mentis
922 797 1045 830 congruit
1059 797 1126 823 haee
1140 797 1179 822 in-

327 843 439 869 firmitas
452 843 542 869 caruis
552 843 561 856 ²
573 855 640 868 ».—
654 843 698 869 His
713 842 803 868 verbis
818 842 925 868 videtur
946 841 1085 872 insinuari,
1106 840 1178 874 quod

329 886 387 919 filii,
408 887 487 913 etiam
509 886 627 920 parvuli,
648 885 743 912 officiis
764 885 946 911 membrorum
968 884 1085 910 valerent
1108 884 1155 910 uti.

404 929 476 956 «Se-(t
497 937 558 956 cum
579 929 743 962 Augustinus
763 928 813 955 sub
832 928 978 954 assertione
999 927 1032 953 de
1053 927 1093 952 bis
1114 926 1179 952 nibil

329 973 428 1003 tradat,
449 980 500 999 non
522 972 741 998 irrationabiliter
760 971 923 1005 quibusdam
944 970 1058 1004 placuit,
1079 970 1182 1004 primo-

328 1024 388 1043 rum
409 1019 552 1050 parentum
573 1015 640 1041 tilios
665 1015 816 1041 nascituros
836 1021 943 1048 parvos⁷
964 1021 995 1040 ac
1015 1013 1113 1039 deinde
1133 1019 1181 1046 per

329 1059 469 1086 intervalla
491 1063 641 1092 temporum
661 1058 755 1084 eadem
783 1057 854 1091 lege,
875 1065 926 1091 qua
949 1060 974 1082 et
994 1064 1065 1082 nunc
1086 1056 1181 1081 nativi-

330 1106 410 1137 tatem
438 1102 582 1128 humanam
612 1101 762 1127 ordinatam
786 1101 936 1131 cernimus,
958 1102 1077 1125 staturae
1100 1099 1182 1125 incre-

331 1137 448 1172 mentum
478 1148 504 1171 et
533 1144 714 1170 membrorum
744 1151 821 1169 usum
842 1146 1015 1176 recepturos,
1036 1145 1064 1168 ut
1084 1142 1109 1168 in
1130 1142 1182 1168 illis

330 1191 534 1222 exspectaretur
547 1190 620 1213 aetas
634 1186 666 1213 ad
688 1186 881 1212 ambulandum
906 1189 932 1211 et
952 1185 1131 1219 loquendum,
1151 1184 1183 1210 si-

331 1234 377 1258 eut
396 1231 475 1257 modo
495 1231 521 1256 in
543 1230 634 1259 nobis;
663 1229 734 1263 quod
763 1229 855 1263 utique
882 1236 933 1254 non
955 1231 1026 1254 esset
1055 1228 1119 1254 vitio
1140 1227 1183 1254 de-

331 1274 495 1308 putaudum,
526 1265 746 1299 sed⁴conditioni
774 1275 903 1303 naturae,
924 1271 994 1297 sicut
1014 1278 1028 1297 a
1048 1270 1110 1296 cibo
1130 1277 1182 1296 non

331 1317 439 1351 penitus
467 1316 602 1342 abstinere
632 1315 770 1347 valebant,
791 1321 839 1340 nec
862 1317 948 1340 tamen
979 1313 1043 1339 illud
1073 1316 1130 1339 erat
1150 1320 1182 1339 ex

332 1360 414 1390 vitio,
434 1359 479 1385 sed
501 1366 534 1385 ex
555 1362 649 1385 natura
670 1356 887 1384 conditionis3».

407 1402 467 1428 «Ad
490 1402 540 1428 boc
561 1404 649 1428 autern
671 1401 817 1435 opponitur
838 1400 885 1426 ita:
905 1400 926 1426 si
957 1407 1008 1426 non
1030 1402 1183 1433 peccarent,

333 1454 382 1473 nec
403 1449 585 1473 morerentur:
605 1445 651 1471 sed
683 1452 733 1470 nou
764 1446 922 1478 peccarent.
947 1444 968 1469 si
990 1450 1041 1469 non
1062 1442 1185 1469 comede-

333 1492 403 1515 rent:
425 1491 548 1522 poterant
569 1495 631 1521 ergo
651 1488 709 1513 siue
729 1487 854 1513 alimonia
877 1486 976 1512 vivere.
995 1500 1030 1504 —
1044 1486 1184 1516 Ceterum⁷

334 1532 404 1558 sicut.
431 1531 533 1565 supra⁴
562 1530 693 1559 diximus.
724 1537 775 1556 non
804 1529 891 1555 solum
919 1532 1075 1563 peccarent,
1103 1529 1123 1554 si
1151 1528 1184 1554 de

333 1576 404 1608 ligno
424 1574 505 1601 vetito
525 1574 647 1605 ederent,
669 1573 714 1599 sed
739 1573 837 1601 etiam.
856 1573 879 1599 si
899 1573 1036 1598 concessis
1057 1579 1108 1598 non
1128 1575 1185 1598 ute-

334 1621 434 1649 rentur,
454 1618 529 1652 quia,
549 1618 619 1643 sicut
636 1620 693 1643 erat
712 1617 750 1643 eis
771 1620 955 1650 praeceptum,
976 1623 1026 1642 non
1048 1616 1092 1641 illo
1114 1615 1185 1648 ligno

335 1661 422 1691 vesci,
442 1661 478 1687 ita
497 1660 556 1686 aliis
577 1660 657 1686 vesci.
679 1660 837 1689 Praeterea,
858 1662 950 1685 contra
972 1658 1121 1685 naturalem
1146 1665 1186 1684 ra<

335 1704 434 1730 tionem
451 1704 575 1733 facerent,
590 1710 643 1736 qua
656 1702 845 1736 intelligebant,
859 1701 892 1728 de
908 1701 958 1727 illis
972 1708 1029 1727 esse
1045 1701 1187 1732 edendum,

336 1746 408 1781 quod
438 1749 463 1772 et
491 1746 648 1772 naturaliter
678 1745 849 1780 appetebant.
871 1760 907 1764 —
932 1745 996 1770 Item
1026 1745 1186 1778 opponitur:

337 1797 397 1815 cum
418 1790 501 1815 sames
515 1789 549 1814 sit
563 1789 782 1822 poenapeccati,
803 1788 823 1813 si
845 1795 896 1814 non
917 1791 1070 1821 peccarent,
1091 1788 1187 1813 samem

336 1840 388 1859 non
418 1832 559 1861 sentirent;
588 1831 634 1858 sed
662 1832 719 1857 siue
755 1831 822 1857 same
851 1830 1018 1865 superfluum
1050 1830 1188 1857 videretur

336 1874 511 1901 comedere».
544 1874 639 1900 «Unde
659 1877 754 1908 putant
774 1874 899 1908 quidam,
921 1881 966 1900 eos
990 1873 1058 1900 cibis
1080 1881 1130 1899 uon
1153 1874 1189 1899 in-

337 1918 454 1952 diguisse
478 1921 538 1943 ante
568 1920 724 1951 peccatum,
753 1917 815 1951 quia
841 1924 891 1943 non
922 1920 1043 1950 poterant
1071 1916 1188 1947 esurire,

338 1961 360 1987 si
376 1969 426 1987 uon
447 1964 612 1995 peccassent.
626 1976 661 1979 —
679 1972 688 1982 «
699 1960 737 1986 Ad
753 1960 824 1995 quod
839 1960 893 1986 dici
908 1963 1009 1994 potest,
1021 1960 1091 1994 qnod
1107 1960 1189 1986 sames

339 2011 402 2030 vere
422 2004 540 2030 desectus
566 2007 605 2030 est
629 2007 654 2030 et
680 2004 900 2037 poenapeccati.
928 2004 973 2029 Est
1001 2004 1070 2029 enim
1100 2003 1190 2029 immo-

339 2047 448 2073 deratus
468 2047 603 2080 appetitus
624 2046 732 2077 edendi.
761 2047 804 2073 cui
825 2054 876 2074 non
897 2046 1077 2073 subiacuisset
1098 2047 1189 2078 bomo,

340 2090 361 2116 si
383 2097 434 2116 non
455 2092 605 2123 peccasset;
625 2090 671 2116 sed
693 2090 787 2123 procul
802 2089 883 2116 dnbio
898 2093 1032 2123 peccaret,
1047 2090 1096 2115 nisi
1119 2090 1190 2115 bunc

339 2133 473 2160 desectum
501 2132 561 2158 cibo
591 2133 769 2166 praeveniret.
800 2132 921 2159 Habebat
941 2133 1011 2158 enim
1042 2132 1190 2158 naturalem

339 2176 490 2210 appetitum
510 2179 536 2202 et
556 2175 738 2205 moderatum,
759 2176 802 2201 cui
828 2176 862 2201 ita
883 2175 1101 2203 satisfaciendum
1122 2178 1190 2206 erat,

340 2226 372 2245 ne
393 2219 525 2245 delectum
548 2218 624 2245 laniis
643 2219 761 2245 sentiret.
781 2218 857 2244 Sicut
877 2218 957 2251 igitur
988 2225 1037 2243 non
1060 2225 1091 2243 ex
1113 2218 1191 2249 vitio,

340 2261 386 2288 sed
416 2269 448 2287 ex
477 2264 588 2288 naturae
617 2261 770 2287 conditione
791 2264 856 2291 erat,
876 2260 947 2294 quod
969 2264 1028 2287 ante
1050 2263 1190 2294 peccatum

340 2304 420 2330 homo
449 2303 516 2329 cibis
546 2303 694 2336 indigebat,
716 2303 749 2330 ita
772 2311 822 2329 nou
851 2310 884 2329 ex
905 2303 968 2329 vitio
990 2306 1071 2333 esset,
1091 2302 1136 2329 sed
1158 2302 1191 2329 de

342 2351 448 2379 natura,
469 2347 490 2373 si
507 2347 622 2374 bominis
643 2347 761 2373 conditio
783 2346 807 2372 in
828 2346 962 2380 principio
982 2354 1039 2374 suo.
1061 2345 1086 2371 id
1108 2349 1145 2371 est
1167 2346 1190 2371 in

342 2391 430 2424 primo
459 2394 587 2425 parente,
608 2398 621 2416 a
651 2390 769 2424 perlecto
800 2390 938 2419 inchoata,
970 2389 993 2415 in
1015 2389 1190 2422 subseqttenti

342 2434 536 2467 propagatione
565 2441 578 2459 a
600 2434 706 2459 modico
727 2433 759 2459 ad
788 2433 889 2459 maiora
912 2432 1066 2466 proliceret,
1088 2435 1115 2459 ut
1145 2432 1193 2458 sci-

343 2474 403 2502 licet
425 2484 473 2510 per
493 2476 631 2503 intervalla
652 2477 780 2511 temporis
800 2480 918 2502 staturae
943 2482 1089 2509 corporeae
1110 2475 1193 2501 incre-

344 2522 431 2545 menta
453 2527 585 2553 usumque
605 2519 786 2545 membrorum
807 2519 992 2553 susciperet».

1005 201 1260 230 SENTENTIARUM
1284 200 1343 228 LlB.
1366 200 1395 228 lt.

1601 276 1663 303 eff.
1683 277 1714 303 V.

1320 373 1414 399 Utrum
1434 371 1515 397 etiam
1534 370 1564 397 in
1583 378 1665 397 sensu
1681 370 1797 405 parvuli
1814 374 1999 398 nasceremur.

1310 466 1364 492 «Et
1383 473 1445 492 cum
1475 465 1508 491 (le
1528 472 1644 499 corpore
1664 465 1782 491 humano
1802 472 1854 491 non
1881 465 1916 491 sit
1935 465 2082 492 absurdum

1234 509 1275 536 vel
1297 509 1488 536 inconveniens
1512 509 1564 535 hoc
1583 508 1751 539 existimare,
1771 508 1865 542 quaeri
1885 508 1969 539 solet,
1994 512 2083 535 utrum

1233 553 1267 579 de
1287 560 1366 579 sensu
1388 552 1492 578 animae
1519 555 1545 578 et
1575 550 1727 585 cognitione
1748 551 1868 578 veritatis
1889 551 1983 578 eodem
2004 551 2083 578 modo

1233 595 1402 622 sentiendum
1423 596 1471 627 sit,
1491 599 1521 622 ut
1541 594 1645 621 seilicet
1664 594 1690 620 hi
1719 594 1765 629 qui
1785 594 1843 621 sine
1862 598 1975 628 peccato
1996 602 2086 622 nasce-

1234 642 1338 671 rentur,
1358 645 1437 664 sensu
1458 641 1484 664 et
1503 637 1677 670 intelligentia
1707 637 1803 663 mentis
1824 638 1972 671 imperfecti
1992 638 2085 664 existe-

1235 684 1293 708 rent
1313 684 1339 707 et
1358 688 1406 715 per
1425 688 1565 707 accessum
1588 681 1716 715 temporis
1730 681 1755 706 in
1771 680 1812 707 his
1824 681 1986 714 proficerent
2000 688 2085 715 usque

1235 724 1269 751 ad
1290 724 1495 758 pe1¹t'ectiouem;
1516 731 1549 750 an
1569 731 1632 750 mox
1653 723 1753 750 conditi
1779 724 1972 758 perfectionem
1992 731 2086 751 sensus

1234 770 1258 794 et
1273 767 1433 801 cognitionis
1456 767 1636 801 perciperent.
1647 782 1682 786 —
1696 767 1735 793 Illi
1751 767 1795 801 qui
1811 767 1940 798 sentiunt,
1959 767 2087 801 parvulos

1236 810 1312 836 natos
1333 810 1357 835 in
1379 813 1480 836 statura
1501 810 1624 843 corporis
1645 813 1670 836 et
1690 818 1740 836 usu
1771 810 1954 836 membrorum
1976 817 2024 844 per
2044 817 2088 837 ac-

1236 860 1342 879 cessum
1364 853 1492 886 temporis
1511 852 1695 886 profecturos,
1725 860 1776 878 non
1797 852 1957 885 diffitentur,
1978 851 2087 878 eosdem

1238 896 1262 922 in
1284 896 1395 922 exordio
1416 895 1562 922 nativitatis
1582 903 1660 921 seusu
1681 895 1852 929 impet-sectos
1866 896 1981 922 existere
2001 899 2026 922 et
2041 903 2089 930 per

1238 938 1408 965 intervallum
1428 939 1558 972 temporis
1578 939 1603 964 iu
1624 946 1704 965 sensu
1729 942 1754 965 et
1784 939 1936 973 cognitione
1955 939 2089 973 proficere

1238 989 1323 1016 usque
1343 981 1377 1008 ad
1397 982 1545 1016 perfectum
1558 981 1566 994 ⁵
1578 993 1602 1008 n.

1314 1024 1377 1050 «Ad
1405 1025 1477 1059 quod
1506 1024 1616 1058 quidam
1643 1028 1782 1059 opponunt
1811 1024 1944 1051 dieentes:
1974 1026 1995 1051 si
2025 1033 2089 1052 mox

1239 1068 1292 1094 nati
1320 1075 1371 1093 non
1397 1067 1527 1094 haberent
1550 1068 1742 1102 perlectionem
1769 1075 1863 1094 seusus
1890 1071 1916 1094 et
1945 1068 2090 1102 intelligen-

1241 1111 1301 1142 tiae,
1317 1111 1466 1144 ignorantia
1488 1111 1512 1137 in
1534 1111 1572 1138 eis
1593 1114 1680 1143 esset3
1701 1112 1851 1145 ignorantia
1873 1115 1963 1138 autem
1982 1112 2089 1146 peccati

1240 1158 1280 1181 est
1300 1162 1394 1189 poena.
1415 1170 1450 1174 -
1470 1154 1521 1181 Sed
1542 1155 1588 1189 qui
1611 1155 1663 1181 boe
1692 1155 1797 1186 dicunt,
1817 1162 1869 1181 non
1891 1155 1956 1181 satis
1982 1155 2091 1189 diligen-

1239 1201 1280 1224 ter
1299 1198 1484 1229 considerant,
1513 1199 1577 1232 quia
1607 1206 1658 1224 non
1688 1198 1788 1230 omnis,
1809 1198 1854 1232 qui
1884 1198 1986 1232 aliquid
2007 1198 2091 1225 nescit

1241 1240 1281 1266 vel
1303 1241 1390 1266 minus
1420 1240 1537 1274 perfecte
1565 1240 1668 1275 aliquid
1697 1241 1761 1271 scit,
1789 1241 1878 1266 statim
1914 1241 2091 1274 ignorantiam

1240 1283 1340 1309 babere
1355 1284 1411 1309 sive
1426 1283 1451 1309 in
1467 1284 1614 1316 ignorantia
1628 1283 1637 1296 ὓ
1658 1291 1716 1310 esse
1730 1284 1861 1310 dicendus
1875 1286 1923 1316 est,
1937 1284 2000 1318 quia
2021 1284 2092 1318 igno—

1240 1327 1326 1352 rantia
1356 1333 1407 1352 uon
1438 1326 1551 1358 dieitur,
1577 1327 1625 1353 nisi
1657 1334 1717 1353 cum
1745 1327 1771 1353 id
1800 1327 1872 1361 quod
1902 1327 1964 1353 sciri
1994 1330 2020 1353 et
2039 1334 2092 1353 non

1241 1369 1356 1403 ignorari
1389 1369 1487 1403 debet,
1517 1370 1644 1397 nescitur.
1675 1370 1799 1404 Talisque
1829 1370 1976 1402 ignorantia
2006 1377 2093 1404 poena

1242 1413 1345 1446 peccati
1366 1416 1413 1444 est,
1434 1421 1495 1440 cum
1517 1421 1590 1440 mens
1610 1413 1673 1440 vitio
1694 1413 1867 1445 obscuratur,
1882 1420 1915 1439 ne
1929 1420 2093 1446 cognoscere

1243 1455 1329 1482 valeat
1347 1463 1379 1483 ea
1399 1464 1468 1491 quae
1489 1457 1559 1483 seire
1579 1456 1728 1483 deberet».

1605 1550 1666 1577 Car.
1687 1550 1728 1577 Vl.

1262 1645 1299 1671 De
1319 1644 1423 1671 duobus
1444 1643 1538 1675 honis,
1563 1644 1647 1671 altero
1669 1644 1711 1671 hic
1734 1644 1807 1675 doto,
1827 1645 1912 1671 altero
1930 1644 2075 1680 promisso.

1320 1739 1413 1765 «Talis
1433 1742 1490 1765 erat
1510 1739 1625 1766 hominis
1646 1739 1775 1766 institutio
1803 1742 1864 1765 ante
1894 1742 2037 1773 peecatum
2056 1746 2094 1766 se-

1245 1782 1363 1808 cundum
1393 1783 1516 1816 eorporis
1545 1783 1735 1809 conditionem.
1764 1783 1801 1809 De
1831 1782 1882 1808 boc
1912 1786 2000 1818 autem
2025 1785 2095 1809 statu

1246 1825 1445 1851 transferendus
1474 1829 1531 1851 erat
1559 1833 1620 1852 cnm
1651 1826 1776 1852 universa
1804 1826 1961 1859 posteritate
1989 1833 2036 1852 sua
2062 1825 2096 1852 ad

1246 1867 1384 1894 meliorem
1414 1868 1619 1903 dignioremque
1648 1872 1759 1900 statum,
1780 1868 1825 1894 ubi
1838 1868 1846 1881 ⁷
1877 1868 1985 1895 caelesti
2004 1860 2037 1895 ¹et
2057 1876 2097 1898 ae,-

1247 1914 1322 1937 terno
1343 1911 1412 1937 bono
1435 1912 1458 1937 in
1480 1912 1562 1938 caelis
1582 1912 1633 1937 sibi
1654 1915 1748 1946 parato
1769 1911 1911 1938 frueretur.
1933 1911 2007 1937 Sicut
2027 1911 2096 1938 enim

1247 1962 1280 1980 ex
1300 1954 1402 1988 duplici
1429 1958 1524 1981 natura
1553 1958 1711 1989 compactus
1740 1958 1780 1981 est
1808 1955 1902 1986 homo,
1929 1955 1964 1981 ita
1986 1954 2022 1980 illi
2043 1954 2096 1981 duo

1248 1997 1317 2023 bona
1338 1997 1464 2029 Conditor
1485 2006 1500 2024 a
1519 1998 1654 2032 principio
1678 1998 1867 2032 praeparavit:
1892 2005 1973 2024 unum
1995 2001 2098 2032 tempo-

1247 2040 1311 2071 rale,
1332 2040 1444 2067 alterum
1466 2045 1619 2073 aeternum;
1641 2049 1722 2068 unum
1753 2041 1871 2073 visibile,
1893 2041 2006 2067 alterum
2031 2041 2099 2067 invi-

1247 2085 1338 2114 sibile:
1360 2093 1440 2111 unum
1462 2085 1551 2116 carni,
1572 2085 1685 2111 alterum
1700 2085 1863 2119 spiritui⁵».
1889 2085 1943 2111 «Et
1963 2085 2026 2119 quia
2047 2085 2099 2119 pri-

1248 2135 1320 2154 mum
1342 2132 1381 2154 est
1400 2128 1472 2162 quod
1493 2132 1531 2154 est
1545 2127 1679 2158 (rizz‘nmle,
1695 2127 1790 2154 zlel'mle
1805 2127 1877 2162 qewd
1891 2131 1930 2154 est
1943 2127 2098 2162 sparticum,

1248 2171 1396 2204 temporale
1426 2178 1457 2197 ac
1488 2171 1591 2197 visibile
1621 2171 1719 2197 bonum
1748 2171 1823 2205 prius
1854 2171 1935 2197 dedit.
1962 2170 2098 2196 Invisibile

1249 2217 1337 2239 autem
1365 2216 1390 2239 et
1417 2217 1555 2239 aeternum
1586 2214 1707 2247 promisit
1728 2217 1752 2239 et
1782 2214 1883 2239 meritis
1913 2213 2096 2247 quaerendum

1249 2257 1399 2290 proposuit.
1420 2257 1458 2283 Ad
1490 2257 1560 2283 illius
1579 2260 1668 2283 autem
1697 2257 1864 2286 custodiam,
1886 2256 1957 2291 quod
1978 2256 2099 2288 dederat,

1249 2304 1275 2327 et
1294 2301 1327 2327 ad
1348 2300 1419 2327 aliud
1452 2301 1659 2335 promeremlum
1672 2300 1695 2332 ⁹,
1725 2301 1796 2335 quod
1828 2301 2006 2335 promiserat,
2027 2303 2101 2326 natu-

1250 2344 1297 2370 rali
1319 2344 1413 2370 rationi
1436 2344 1461 2370 iu
1481 2345 1617 2370 creatione
1646 2344 1750 2370 animae
1775 2344 1890 2370 hominis
1912 2343 2026 2375 inditae,
2046 2350 2100 2378 qua

1250 2390 1353 2420 poterat
1375 2387 1443 2412 inter
1464 2387 1561 2413 bonum
1582 2391 1608 2413 et
1622 2387 1720 2413 malum
1736 2387 1903 2419 discernere,
1924 2390 2098 2421 praeceptum

1250 2430 1351 2456 addidit
1382 2430 1564 2463 obedientlae,
1594 2438 1642 2464 per
1672 2431 1749 2457 cuins
1777 2430 1977 2456 observantiam
2007 2429 2099 2456 datum

1251 2481 1302 2499 non
1322 2473 1448 2506 perderet
1467 2477 1492 2499 et
1513 2474 1674 2507 promissum
1695 2473 1839 2504 obtineret,
1860 2476 1888 2499 ut
1908 2480 1956 2507 per
1976 2473 2100 2499 meritum

1252 2518 1354 2543 veniret
1373 2515 1406 2542 ad
1427 2517 1612 2551 praemium».

412 2814 417 2826 ¹
437 2814 508 2835 (halal.
528 2815 621 2836 tltIDli
639 2818 660 2836 (ft
678 2815 730 2836 edd.
750 2816 774 2842 ⁵2,
794 2816 819 2842 3,
842 2815 866 2842 ἄν,
893 2815 918 2841 ὅ,
946 2816 970 2842 ⁴¹),

348 2858 390 2874 uec
406 2852 510 2880 pedibus.

411 2891 419 2904 ‘²
438 2892 516 2919 nugo,
535 2892 601 2918 itast..
620 2897 639 2914 et
659 2894 765 2920 angust,
785 2894 826 2914 to«.
845 2895 880 2915 rit.
900 2901 918 2914 r.
937 2894 972 2914 38.
993 2900 1013 2914 n.
1032 2894 1068 2914 ou.

412 2928 421 2941 ³
438 2930 515 2957 llngo,
535 2931 575 2951 lov.
594 2931 641 2957 cit..
660 2931 698 2952 ubi
717 2935 738 2952 et
756 2932 796 2952 lori
815 2938 879 2959 seqq.

997 2814 1023 2841 7,
1049 2816 1062 2835 ⁴)
1088 2815 1194 2836 omittunt

412 2968 420 2981 ⁴¹
440 2969 493 2990 lust.
512 2969 570 2990 XlX.
589 2977 608 2991 r.
628 2970 647 2991 i.
668 2983 696 2984 W
715 2970 783 2991 Paulo
801 2974 851 2997 post
869 2977 911 2997 pro
930 2969 1194 2999 liyaoz=esciVat.t-111=1

350 3007 398 3029 soto
416 3007 467 3028 cod.
487 3008 502 3028 A
521 3011 542 3029 rt
560 3009 672 3029 nonnata<
690 3010 738 3029 aliis
755 3009 807 3030 edd.
827 3008 889 3038 liquo
909 3010 948 3031 ull.

1316 2813 1325 2827 ὓ
1342 2814 1421 2841 Ilugo.
1440 2814 1454 2835 l.
1474 2813 1501 2834 ‹le
1519 2813 1621 2835 Sacram.
1640 2819 1661 2840 p.
1681 2813 1715 2834 Yl.
1734 2820 1752 2834 c.
1772 2813 1812 2836 26,
1832 2812 1870 2833 ubi
1889 2815 1909 2833 ‹11
1927 2818 1975 2840 seq.
1994 2812 2036 2833 loc.

1315 2852 1324 2866 ὓ
1343 2853 1384 2874 l‘ro
1402 2852 1423 2874 2'11
1443 2851 1581 2881 iynorantid
1600 2852 1652 2874 cdd⁴
1675 2852 1697 2879 l,
1716 2852 1740 2877 S,
1760 2852 1772 2873 ἱ)
1790 2857 1913 2880 lyuortms.

1314 2892 1322 2905 7
1342 2892 1381 2913 lid.
1404 2893 1408 2913 l
1433 2894 1464 2913 nt.

1315 2930 1324 2944 3
1342 2931 1396 2953 lbid.
1423 2937 1441 2952 c,
1468 2932 1496 2958 ὕ,
1522 2934 1543 2953 et
1568 2937 1615 2959 seq.
1642 2931 1683 2952 loc.
1709 2936 1727 2951 c.
1755 2929 1798 2958 27,
1828 2930 1998 2951 sententialiter.
2026 2928 2101 2950 Locus

1252 2969 1383 2996 Scripturue
1400 2973 1431 2991 rst
1453 2969 1466 2990 l.
1484 2969 1535 2991 Cor.
1559 2969 1595 2995 l53,
1615 2969 1650 2990 40.

1315 3009 1324 3018 ⁴*
1342 3008 1414 3030 Codd.
1433 3008 1502 3029 ΗΜ)
1520 3012 1541 3030 et
1558 3009 1594 3030 ed.
1618 3009 1622 3029 l
1646 3007 1791 3030 merendum.

2119 767 2216 786 Sententia
2226 757 2227 774 ¹
2241 779 2243 788 2

2103 791 2227 814 quorundam..

2102 900 2185 919 Dubium
2198 897 2227 919 6.
2241 914 2243 919 ,

2102 1026 2213 1050 cppouitur.

2103 1160 2218 1184 Replicatur.
2227 1150 2228 1153 Ἴ

2114 2391 2195 2409 Dubium
2211 2390 2229 2409 7.
