2243 3425
369 205 425 233 880

370 289 432 315 ergo
453 281 535 308 altera
549 283 588 306 est
602 279 724 305 voluntas
746 276 852 303 videndi
866 277 1008 306 fenestras,
1024 277 1051 301 ut
1065 281 1155 308 supra,
1173 274 1217 300 do-

370 327 445 351 cente
465 322 620 356 Augustino,
640 320 792 349 didicimus,
816 319 907 349 altera,
927 325 996 352 quae
1017 325 1048 344 ex
1069 317 1118 343 ista
1138 317 1219 343 neoti-

369 370 421 398 tur,
446 366 569 392 voluntas
590 363 690 390 seilicet
712 362 901 396 pcrssfenestras
916 360 1023 386 videndi
1040 363 1218 391 transeuntes,

370 410 404 435 ita
425 407 558 434 nonnuliis
587 406 637 432 alia
657 405 768 438 {videtur
794 411 851 430 esse
882 403 1005 429 voluntas
1033 402 1218 436 eleemosynas

369 451 450 478 dandi
476 449 598 484 pauperi,
612 448 663 474 alia
681 448 804 474 voluntas
817 446 934 473 habendi
948 446 1038 472 vitam.
1058 445 1108 472 Alii
1130 449 1218 472 aulem

368 497 479 529 putant,
498 492 570 527 quod
596 499 648 518 una
668 491 701 517 sit
724 490 846 516 voluntas
867 492 892 516 et
912 489 956 515 bie
976 492 1002 515 et
1021 489 1069 520 ibi,
1089 488 1136 515 sed
1158 496 1220 522 pro-

1048 197 1299 226 SENTENTIARUM
1321 197 1381 225 LIB.
1403 197 1431 224 ll.

1273 278 1332 308 pter
1351 274 1533 301 subiectorum
1554 274 1780 308 multiplicitatem
1795 274 1937 301 diversitas
1951 278 2115 301 memoratur

1274 317 1448 344 voluntatum.
1469 317 1592 344 Ceterum
1613 317 1753 351 quodlibet
1767 317 1862 344 horum
1884 324 1976 344 verum
1997 318 2038 349 sit,
2052 317 2116 344 illud

1274 359 1357 386 nulli¹
1380 360 1405 385 in
1425 360 1580 393 ambiguum
1602 360 1687 392 venit,
1708 360 1772 394 quin
1793 360 1917 386 voluntas
1936 367 1968 386 ex
1993 368 2042 387 suo
2070 361 2121 388 fine

1276 405 1416 436 pensetur,
1436 406 1526 429 utrum
1554 406 1628 429 recta
1656 403 1702 434 sit,
1731 410 1763 429 an
1794 410 1892 437 prava,
1911 406 2066 437 peecatum,
2087 411 2118 430 an

1276 445 1369 478 gratia,
1390 448 1416 471 et
1434 446 1498 479 quin
1518 445 1625 472 nomine
1642 445 1795 471 intentionis
1815 445 1960 479 aliquando
1978 445 2053 480 finis,
2073 445 2120 472 ali-

1277 488 1384 522 quando
1403 488 1530 514 voluntas
1550 488 1721 522 intelligatur.

599 589 1038 640 COMMENTARIUS
1072 589 1134 637 IN
1167 589 1607 638 DISTINCTIONEM
1641 589 1889 637 XXXVIII.

731 704 869 744 Qualiter
894 715 948 749 per
973 710 1130 749 peccatum
1157 704 1332 749 depravatio
1359 703 1410 736 fiat
1436 704 1466 736 in
1492 703 1559 748 ipsa
1585 703 1749 737 voluntate.

863 811 935 838 Post
952 810 1108 847 praedictet
1130 810 1163 838 (le
1184 809 1331 838 volumtate
1351 809 1469 847 eiusque
1489 809 1546 846 sine
1567 812 1617 838 etc.

1100 907 1222 936 DIVISIO
1244 907 1381 936 TEXTUS.

446 1008 536 1044 Supra
564 1007 685 1036 ostendit
707 1006 851 1043 Magister,
874 1006 940 1043 quid
972 1006 1006 1034 sit
1028 1006 1133 1034 malum
1158 1006 1216 1034 sive

368 1058 511 1093 peecatum
535 1054 561 1082 in
584 1054 723 1090 generali3
746 1054 773 1082 in
791 1054 841 1082 liae
863 1057 943 1091 parte
958 1053 1135 1087 determinat,
1151 1060 1217 1090 qua-

368 1102 430 1131 liter
451 1104 595 1138 peccatum
624 1109 675 1138 per
703 1104 796 1129 aetum
827 1100 977 1129 voluntatis
1008 1100 1108 1128 babeat
1134 1100 1217 1127 intro-

368 1148 440 1177 duci.
463 1148 602 1176 Dividitur
630 1151 724 1176 autem
756 1155 821 1184 pars
851 1147 901 1175 ista
931 1147 957 1175 in
984 1151 1079 1184 partes
1100 1150 1166 1175 tres.
1189 1146 1217 1174 In

368 1203 487 1232 quarum
510 1195 599 1232 prima
623 1194 791 1223 determinat
814 1194 952 1231 Magister,
974 1194 1095 1231 qualiter
1125 1201 1219 1231 pecca-

368 1246 426 1271 tum
442 1250 458 1270 a
472 1242 615 1270 voluntate
630 1241 732 1270 habeat
747 1244 840 1269 ortum
861 1241 887 1269 in
904 1241 1034 1277 generali.
1051 1241 1078 1268 ln
1094 1240 1216 1269 secunda

368 1297 434 1318 vero
457 1289 600 1318 descendit
623 1289 658 1317 ad
674 1288 808 1325 speciales
823 1288 994 1317 differentias
1016 1288 1130 1325 peccati,
1146 1288 1217 1316 infra

368 1336 542 1365 distinctione
564 1336 779 1373 quadragesima
802 1336 940 1364 secunda:
966 1335 1038 1363 Cum
1060 1339 1158 1363 autem
1172 1343 1219 1363 vo-

369 1383 467 1411 timeas
489 1382 570 1411 mala
591 1386 616 1411 ec
638 1383 768 1419 operatio
790 1383 849 1411 sim
870 1385 921 1411 etc.
941 1382 969 1410 In
996 1382 1076 1411 tertia
1099 1390 1166 1411 vero
1182 1381 1219 1410 in-

368 1430 461 1467 quirit,
484 1430 578 1458 unde¹
601 1433 694 1458 ortum
718 1429 819 1458 habeat
850 1430 876 1457 in
898 1430 958 1466 ipsa
980 1429 1122 1457 voluntate
1145 1432 1217 1465 pote-

368 1480 423 1506 stas
435 1477 577 1514 peccandi,
595 1476 665 1505 infra
681 1476 857 1505 distinctione
869 1476 1083 1513 quadragesima
1101 1479 1215 1513 quarta:

369 1525 439 1553 Post
452 1524 617 1561 praedicta,
632 1523 864 1552 consideratione
880 1523 1003 1560 thynum
1019 1523 1152 1551 occurrit
1166 1526 1216 1552 ete.

446 1571 538 1599 Prima
559 1579 625 1608 pars
647 1571 731 1600 babet
753 1571 833 1599 duas.
859 1571 886 1598 ln
916 1570 1007 1607 prima
1028 1570 1145 1607 inquirit
1168 1570 1219 1598 Ma-

368 1619 462 1655 gister,
484 1618 604 1655 qualiter
626 1618 685 1654 ipsa
713 1617 843 1646 voluntas
873 1618 974 1646 habeat
995 1617 1153 1654 depravari.
1176 1617 1219 1646 Se-

369 1665 460 1694 cundo
490 1673 573 1699 vero,
605 1665 725 1702 qualiter
760 1673 795 1693 ex
817 1664 961 1702 {pravitate
991 1664 1141 1693 voluntatis
1171 1664 1218 1692 fiat

369 1712 531 1750 depravatio
554 1713 580 1740 in
603 1715 667 1741 actu
690 1712 838 1746 exteriori,
862 1712 932 1740 infra
955 1711 1130 1740 distinctione
1152 1719 1217 1748 qua-

369 1759 539 1796 dragesima:
564 1760 634 1787 Post
656 1758 725 1787 haee
755 1759 788 1787 de
810 1758 924 1787 actibus
952 1758 1152 1787 acliiciendzmz
1183 1758 1220 1786 υί-

369 1807 461 1835 detur.
490 1807 582 1835 Prima
613 1814 679 1843 pars
710 1806 794 1835 habet
818 1806 896 1835 duas.
924 1806 950 1834 ln
974 1806 1065 1843 prima
1090 1805 1220 1834 determi-

368 1857 431 1889 nat,
453 1854 573 1891 qualiter
594 1853 724 1882 voluntas
746 1853 847 1882 babeat
862 1852 1020 1890 depravari.
1044 1853 1073 1880 In
1095 1852 1218 1881 secunda

369 1909 436 1929 vero
468 1901 597 1938 inquirit,
630 1908 718 1938 quare
754 1900 842 1937 magis
882 1900 1054 1937 depravetur
1092 1900 1222 1927 voluntas

369 1956 452 1985 quam
468 1948 522 1976 alia
537 1948 685 1985 potentia²,
702 1947 773 1976 infra
788 1947 963 1976 distinetione
978 1946 1121 1981 trigesima
1134 1954 1218 1974 nona:

369 1995 424 2023 Hie
446 1998 543 2023 [tutem
566 1995 663 2023 ortun-
686 1994 816 2032 quctestio
838 1994 912 2022 sacis
934 1993 1112 2022 necessaria.

448 2042 539 2070 Prima
561 2050 641 2078 pars,
671 2049 742 2078 quae
772 2042 893 2070 continet
922 2043 1096 2077 praesentem
1126 2040 1220 2069 distin-

370 2089 497 2119 ctionem..
518 2088 600 2117 habet
615 2088 686 2117 duas
708 2091 809 2125 partes.
832 2089 967 2124 Quoniam
991 2087 1063 2116 enim
1087 2088 1220 2123 deprava-

370 2136 407 2164 tio
429 2139 456 2164 et
478 2135 640 2164 rectificatio
661 2135 812 2163 voluntatis
834 2135 989 2163 attenditur
1011 2142 1095 2171 penes
1117 2134 1217 2168 finem,

370 2187 396 2211 et
418 2183 547 2211 voluntas
569 2182 653 2211 habet
674 2181 829 2219 comparari
852 2181 885 2210 ad
910 2181 993 2209 finem
1020 2181 1160 2209 mediante
1182 2181 1219 2208 in-

1274 1005 1410 1039 tentione;
1433 1005 1495 1034 ideo
1517 1013 1582 1042 pars
1605 1006 1656 1034 ista
1679 1006 1749 1035 duas
1780 1009 1876 1043 partes
1895 1007 1987 1035 habet.
2010 1006 2039 1035 In
2063 1015 2119 1044 qua

1276 1060 1338 1080 rum
1371 1053 1462 1089 prima
1493 1052 1660 1081 determinat
1695 1053 1823 1090 Magister
1859 1054 1893 1082 de
1929 1053 2124 1083 rectificatione

1276 1103 1302 1128 et
1324 1099 1522 1136 depravatione
1551 1100 1702 1129 voluntatis
1731 1108 1766 1129 ex
1797 1104 1875 1138 parte
1904 1101 1976 1129 finis.
1998 1101 2124 1130 Secundo

1275 1154 1341 1174 vero
1364 1146 1479 1183 inquirit
1501 1147 1684 1175 differentiam
1710 1147 1859 1176 voluntatis
1881 1151 1907 1176 et
1929 1148 2124 1183 intentionis³,

1276 1192 1328 1220 ibi:
1353 1192 1428 1221 Solet
1448 1193 1536 1221 eciam
1558 1193 1673 1230 quaeri,
1697 1193 1769 1231 quid
1789 1194 1873 1222 distet
1899 1194 1974 1222 iuter
1995 1193 2123 1222 volunla—

1277 1243 1330 1267 tem
1353 1243 1377 1267 et
1400 1240 1593 1268 intentionem.
1616 1240 1707 1268 Prima
1728 1248 1794 1277 pars
1815 1240 1899 1269 habet
1921 1244 2042 1278 quatuor
2064 1249 2125 1278 par-

1277 1290 1326 1315 tes.
1349 1287 1419 1324 Quia
1441 1287 1513 1315 enim
1537 1287 1690 1324 obliquatio
1721 1288 1847 1324 cognosci
1871 1288 1954 1317 babet
1976 1296 2026 1325 per
2048 1288 2126 1317 recti-

1277 1334 1402 1363 tudinem
1425 1351 1463 1355 ——
1490 1343 1577 1363 «nam
1608 1338 1731 1374 rectum&
1747 1335 1834 1364 iudex
1864 1338 1905 1364 est
1933 1336 1976 1364 sui
2005 1338 2032 1365 et
2059 1335 2125 1364 obli-

1276 1381 1371 1418 qui⁴»
1399 1382 1520 1410 —ideo
1549 1382 1575 1410 in
1606 1382 1696 1419 prima
1725 1386 1804 1419 parte
1832 1383 1952 1412 ostendit
1980 1382 2123 1420 Magister,

1276 1428 1351 1465 quod
1374 1436 1410 1456 ex
1432 1432 1510 1465 parte
1537 1428 1599 1457 finis
1622 1429 1695 1457 venit
1724 1429 1862 1458 rectitudo
1889 1429 2049 1458 voluntatis.
2077 1429 2124 1458 Se-

1277 1475 1368 1504 cundo
1390 1476 1572 1510 determinat,
1594 1477 1657 1513 quis
1679 1476 1713 1505 sit
1735 1476 1781 1505 ille
1802 1476 1880 1511 finis,
1902 1476 1954 1505 ibi:
1979 1476 2037 1512 Qui
2056 1484 2124 1514 erqo

1277 1522 1431 1551 caritatem
1453 1522 1512 1551 sibi
1528 1523 1613 1559 ponit
1632 1522 1727 1559 finem.
1750 1523 1778 1551 In
1801 1524 1882 1552 tertia
1908 1531 1975 1552 vero
1996 1523 2124 1552 determi-

1276 1573 1324 1598 nat
1345 1570 1380 1598 de
1402 1570 1507 1598 unitate
1536 1569 1598 1599 finis
1619 1574 1748 1607 respectu
1770 1570 1909 1599 bonarum
1931 1570 2124 1605 voluntatum,

1276 1616 1329 1645 ibi:
1352 1616 1408 1645 Sed
1428 1617 1602 1654 quaeritur,
1624 1621 1727 1645 utrum
1754 1625 1851 1645 omnes
1881 1617 1970 1645 bonae
1992 1617 2124 1646 volunta-

1278 1668 1316 1692 [es
1337 1667 1388 1693 etc.
1411 1665 1515 1700 Quarto
1537 1672 1603 1692 vero
1627 1668 1718 1693 movet
1734 1664 1875 1702 quoddam
1892 1664 2010 1693 dubium
2033 1668 2060 1694 et
2081 1664 2125 1693 de-

1278 1711 1423 1745 terminat,
1454 1711 1504 1739 ibi:
1534 1711 1739 1739 Verunztaimm
1769 1710 1837 1740 huic
1865 1711 2035 1746 sententiae,
2065 1720 2124 1749 qua

1277 1758 1387 1786 [lictum
1410 1762 1450 1786 esc
1471 1761 1521 1786 eto.
1544 1758 1671 1787 Secunda
1692 1766 1760 1787 vero
1782 1767 1855 1795 pars,
1878 1759 1904 1787 in
1920 1767 1975 1796 qua
1996 1759 2124 1788 determi-

1277 1808 1324 1833 nat
1339 1805 1373 1833 de
1389 1804 1544 1833 differentia
1559 1805 1709 1834 voluntatis
1724 1809 1750 1834 et
1766 1806 1931 1840 intentionis,
1946 1806 2029 1834 habet
2044 1806 2123 1834 duas.

1277 1852 1303 1880 ln
1327 1860 1448 1889 quarum
1470 1852 1561 1889 prima
1582 1853 1692 1889 quaerit
1709 1852 1893 1881 differentiam
1910 1853 2066 1882 secundum
2082 1861 2123 1881 ra-

1279 1899 1388 1933 tionem,
1412 1898 1462 1927 ibi:
1487 1898 1561 1927 Solet
1575 1899 1663 1927 etiam
1685 1899 1790 1937 quaeri
1804 1903 1854 1928 etc.
1871 1900 1998 1928 Secundo
2020 1900 2054 1928 de
2076 1899 2124 1928 dif-

1278 1946 1393 1975 ferentia
1415 1946 1570 1974 seoundum
1593 1954 1662 1981 rem,
1685 1946 1733 1974 ibi:
1757 1946 1813 1975 Sed
1833 1947 1998 1984 quaeritur,
2021 1950 2124 1975 utrum

1279 1993 1395 2021 intentio
1419 1993 1486 2021 talis
1507 1993 1546 2021 sit
1569 1993 1711 2021 voluntas.
1727 2010 1765 2014 ——
1783 1994 1813 2022 Et
1828 1994 1983 2022 seeundum
1999 1994 2051 2023 hoe
2066 1994 2122 2023 duo

1278 2040 1500 2068 determinantur
1522 2040 1548 2067 in
1572 2043 1650 2077 parte
1673 2040 1732 2074 ista,
1749 2040 1851 2069 scilicet
1867 2041 1901 2069 de
1917 2041 2123 2078 comparatione

1276 2086 1426 2115 voluntatis
1448 2087 1483 2115 ad
1505 2086 1598 2120 finem,
1620 2090 1647 2115 et
1668 2087 1703 2116 de
1726 2087 1883 2116 differentia
1909 2088 2068 2117 intentionis
2096 2091 2123 2116 et

1277 2134 1436 2162 voluntatis.

1022 2278 1207 2307 TRACTATIO
1230 2278 1472 2315 QUAESTIONUM.

450 2379 488 2407 Ad
511 2379 721 2415 intelligentiam
745 2379 829 2415 igitur
851 2378 936 2406 huius
953 2378 1039 2414 partis
1055 2377 1151 2406 incidit
1173 2377 1217 2406 hic

372 2427 496 2463 quaestio
517 2426 590 2455 circa
611 2426 675 2454 duo.

451 2474 481 2501 Et
502 2474 592 2510 primo
614 2473 760 2510 quaeritur
782 2472 816 2501 de
839 2472 1045 2509 comparatione
1068 2471 1219 2500 voluntatis

373 2520 407 2548 ad
430 2528 512 2548 suum
535 2520 627 2548 finem.

451 2567 576 2595 Secundo
598 2574 663 2595 vero
685 2567 831 2604 quaeritur
853 2567 887 2595 de
909 2566 1065 2595 differentia
1094 2566 1218 2594 intentio-

372 2613 415 2641 nis
436 2614 470 2641 ad
493 2613 672 2642 voluntatem.

451 2660 528 2689 Circa
549 2661 672 2697 primum
694 2665 870 2698 quaeruntur
892 2664 1020 2698 quatuor.

452 2708 542 2736 Primo
563 2709 720 2745 quaeritur,
742 2712 839 2737 utrum
862 2708 991 2737 voluntas
1020 2708 1126 2736 ratione
1155 2706 1218 2735 finis

1277 2377 1312 2406 sit
1333 2376 1570 2406 commendabilis.

1354 2423 1481 2452 Secundo
1503 2424 1661 2461 quaeritur,
1684 2424 1746 2460 quis
1768 2424 1803 2453 sit
1826 2424 1871 2453 ille
1892 2425 1963 2454 finis.

1355 2471 1447 2499 Tertio
1469 2471 1629 2508 quaeritur,
1662 2474 1758 2499 utrum
1789 2471 1875 2500 bonae
1898 2472 2055 2501 voluntates
2076 2473 2122 2501 ha-

1276 2519 1358 2547 beant
1381 2526 1468 2546 unum
1491 2518 1584 2552 finem,
1607 2518 1650 2547 vel
1672 2519 1806 2547 diversos.

1355 2566 1459 2601 Quarto
1480 2565 1634 2602 quaeritur,
1657 2568 1752 2593 utrum
1776 2565 1864 2593 malae
1879 2565 2036 2594 voluntates
2051 2574 2122 2595 eom-

1277 2613 1417 2642 municent
1441 2613 1467 2640 in
1490 2612 1557 2646 fine,
1579 2620 1614 2640 an
1636 2613 1805 2641 constituant
1834 2612 1885 2641 sibi
1915 2612 1983 2641 fines
2004 2613 2073 2642 alios
2094 2616 2119 2642 el

1275 2660 1351 2689 alios.

438 2837 444 2850 ¹
463 2837 534 2860 Codd.
553 2838 631 2861 nullis.

588 2876 682 2899 NOTAE
701 2877 738 2900 AD
756 2877 1000 2902 COMMENTARIUM.

439 2913 445 2927 ¹
465 2914 527 2941 Edd,
546 2919 636 2943 excepta
660 2916 676 2944 l,
697 2918 785 2940 ulrzwt.

439 2951 448 2965 2
466 2952 514 2974 Vol.
533 2959 585 2974 cum
603 2954 655 2976 cdd.
674 2955 694 2982 3,
714 2955 739 2977 l:
757 2955 867 2979 rolimlas
885 2957 908 2979 ln
926 2963 969 2980 suo
992 2959 1060 2986 (telio,
1080 2964 1152 2987 quum
1175 2958 1218 2981 alc·-

379 2996 426 3018 qua
443 2990 489 3012 ulia
507 2992 614 3019 polciitiu.

1339 2841 1348 2855 ³
1365 2842 1413 2863 Vnt.
1431 2845 1452 2863 ct
1475 2840 1527 2863 odd.
1552 2841 1577 2868 3,
1597 2840 1609 2862 4
1628 2841 1663 2862 liic
1686 2841 1815 2868 adiungunt
1836 2842 1857 2863 et
1877 2840 1944 2871 finis,
1965 2847 2024 2869 quae
2047 2839 2118 2862 verba

1275 2881 1342 2902 otiam
1361 2880 1424 2907 infru,
1444 2880 1481 2902 ubi
1500 2879 1581 2902 divisio
1600 2879 1714 2901 secundae
1733 2880 1802 2907 partis
1820 2879 1922 2907 liabetur,
1942 2879 2019 2901 verbis
2035 2878 2063 2902 de
2074 2878 2119 2907 dif-

1274 2918 1372 2946 ferrnlia
1392 2918 1519 2941 voluntatis
1537 2919 1558 2941 ct
1574 2918 1708 2941 intmitsom's
1725 2918 1819 2940 addunt.

1339 2958 1347 2972 ⁴
1364 2958 1496 2981 Secundum
1514 2959 1612 2986 Aristot,
1632 2958 1644 2980 l.
1662 2958 1691 2980 do
1709 2958 1802 2986 Anima,
1821 2961 1871 2980 text.
1890 2957 1926 2979 35.
1946 2960 1973 2985 (c.
1992 2957 2031 2984 5.).
