2243 3425
357 197 413 224 90⁹2

357 274 445 302 num¹
469 275 600 301 retractat
622 272 673 299 hoc
695 270 768 307 quod
791 270 918 303 dixerat,
945 280 958 294 α
972 269 1092 296 animam
1110 268 1198 296 creari

357 321 503 352 scientem,
525 318 573 347 sed
597 317 667 345 mole
689 317 814 352 corporis
835 323 997 352 oppressam
1013 314 1137 343 oblivisci
1158 322 1200 342 eo-

356 374 418 394 rum
442 373 513 401 quae
535 364 638 392 sciebat
652 373 683 395 »3
705 362 753 391 sed
776 370 829 389 non
846 365 1022 395 retractaret,
1045 361 1096 389 nisi
1118 361 1201 389 habe-

355 415 397 441 ret
419 412 470 440 hoc
491 419 542 447 pro
563 410 648 438 salso:
672 417 738 445 ergo
760 408 860 436 salsum
877 411 919 436 est
934 408 1088 436 secundum
1112 408 1201 444 Augu-

355 459 474 491 stinum,
496 457 570 494 quod
591 456 684 484 anima
706 455 806 483 habeat
828 455 993 483 naturaliter
1015 454 1199 491 cognitionem

354 505 534 541 agendorum.
557 504 583 531 Si
604 510 671 538 ergo
692 502 859 530 conscientia
880 505 921 530 est
943 501 1105 530 huiusmodi
1125 501 1201 530 habi-

354 554 399 580 tus
420 550 590 587 cognitivus,
613 550 739 583 videtur,
761 548 835 585 quod
860 556 913 576 non
935 549 969 576 sit
991 548 1122 582 innatus,
1150 548 1199 577 sed

353 598 514 634 acquisitus.

433 644 458 672 3.
481 644 563 677 ltem,
586 651 639 671 non
654 642 775 670 habetur
791 642 909 678 cognitio
925 642 959 671 de
975 642 1131 679 complexo,
1147 642 1199 671 nisi

354 691 490 719 habeatnr
512 690 546 718 de
568 689 745 726 incomplexe
760 705 798 709 —-
813 689 888 717 unde
903 697 958 717 non
974 689 1113 725 cognoscit
1128 689 1201 725 prin-

354 738 456 774 cipium
483 737 530 773 qui
558 744 611 764 non
634 736 773 772 cognoscit
802 736 950 769 terminos,
982 739 1096 772 propter
1124 736 1198 772 quod

354 785 419 814 dicit
440 783 659 820 Philosophus2,
674 783 749 819 quod
770 793 783 807 «
798 782 933 819 principia
955 782 1156 819 cognoscimus,
1173 782 1198 810 111

354 834 488 868 quantum
512 830 645 858 terminos
660 841 672 855 ³)
690 847 727 850 —
742 830 790 858 sed
806 830 990 866 cognitionem
1014 829 1200 866 incomplexo—

353 887 416 907 rum
439 886 491 906 non
514 878 651 906 habemus
672 878 722 905 nisi
739 877 927 905 mediantibus
949 877 1095 911 sensibus,
1119 885 1199 905 nemo

354 926 425 954 enim
442 924 581 961 cognoscit
596 924 716 952 colorem
734 924 784 952 nisi
802 932 851 961 per
874 924 981 957 visum,
1004 927 1030 952 et
1052 928 1199 960 propterea

358 973 542 1001 «amittentes
565 979 652 999 unum
676 979 788 1000 sensum
811 979 923 999 necesse
948 974 989 999 est
1008 979 1092 999 unam
1115 971 1199 999 scien-

353 1019 418 1048 tiam
440 1017 589 1047 amittere³
605 1029 632 1045 ».
654 1018 681 1046 Si
703 1026 769 1054 ergo
798 1017 887 1046 omnis
916 1017 1030 1046 scientia
1052 1017 1200 1054 incomple-

352 1074 453 1095 xorum
476 1069 517 1094 est
539 1065 678 1094 mediante
693 1073 792 1099 sensu,
808 1072 920 1093 necesse
935 1068 992 1098 est,
1014 1065 1089 1101 quod
1109 1065 1199 1093 omnis

352 1112 470 1149 cognitio
482 1112 694 1149 complexorum
710 1112 745 1141 sit
759 1112 894 1148 acquisita
909 1115 936 1140 et
950 1115 1062 1148 accepta
1074 1120 1090 1140 a
1101 1120 1198 1146 sensu,

352 1160 400 1189 sed
422 1159 598 1188 couscientia
624 1159 690 1187 dicit
712 1159 896 1195 cognitionem
925 1158 1080 1195 complexi,
1104 1162 1198 1195 utpote

351 1207 469 1235 alicuius
491 1206 604 1242 regulae
626 1206 695 1234 iuris
718 1205 870 1233 naturalis:
894 1213 960 1241 ergo
980 1205 1106 1239 videtur,
1122 1206 1196 1242 quod

351 1253 518 1281 conscientia
547 1261 599 1281 non
627 1252 700 1281 dicat
721 1252 847 1281 habitum
871 1252 1013 1286 innatum,
1036 1252 1083 1281 sed
1106 1253 1198 1289 acqui-

351 1300 443 1328 situm.

429 1347 561 1381 li.lte11i,
589 1347 714 1384 aequalis
743 1346 915 1375 difficultatis
944 1347 987 1375 vel
1015 1347 1127 1375 maioris
1156 1350 1197 1376 est

351 1394 421 1423 scire
442 1402 474 1423 ea
496 1402 566 1431 quae
590 1395 728 1431 pertinent
742 1394 776 1422 ad
794 1402 901 1428 mores,
917 1395 988 1422 sicut
1004 1402 1036 1423 ea
1051 1402 1122 1431 quae
1138 1402 1197 1431 per-

353 1442 438 1469 tinent
453 1441 487 1469 ad
503 1441 657 1478 simplicem
673 1441 906 1478 speculatiOiieni3
923 1441 969 1469 sed
987 1441 1109 1471 scientia.
1125 1449 1196 1478 quae

350 1491 392 1517 est
412 1488 525 1516 babitus
547 1488 702 1525 cognitivus
717 1487 969 1524 speculandorum,
992 1497 1044 1516 non
1061 1491 1102 1516 est
1117 1488 1196 1516 nobis

350 1535 459 1569 innata,
482 1536 529 1563 sed
552 1535 687 1572 acquisita
702 1535 724 1562 ⁴:
741 1543 807 1571 ergo
822 1535 882 1571 pari
898 1535 1003 1563 ratione
1019 1539 1043 1564 el
1060 1536 1197 1563 conscien-

350 1582 402 1616 tia,
424 1590 495 1619 quae
516 1585 557 1610 est
586 1582 698 1610 habitus
727 1582 849 1619 dii'igens
872 1582 898 1610 in
920 1582 1050 1619 agendis,
1072 1591 1125 1611 non
1156 1586 1197 1611 est

350 1630 458 1662 innata,
481 1629 529 1658 sed
551 1629 694 1666 acquisita.

430 1678 454 1704 ὃ.
479 1676 560 1710 ltem,
582 1676 671 1704 omnis
695 1676 806 1705 habitus
822 1676 958 1705 naturalis
974 1685 1084 1713 semper
1100 1680 1141 1705 est
1157 1685 1197 1706 re-

351 1723 452 1758 ctus⁵;
475 1723 642 1752 conscientia
663 1726 757 1752 autem
779 1723 930 1760 aliquando
958 1728 1000 1752 est
1028 1728 1121 1759 recta,
1150 1725 1197 1753 ali-

350 1770 462 1807 quando
490 1778 624 1799 erronea:
655 1778 721 1807 ergo
750 1771 916 1799 conscientia
939 1779 991 1799 non
1014 1774 1055 1799 est
1084 1771 1196 1799 habitus

350 1818 500 1852 naturalis,
523 1818 571 1846 sed
593 1818 754 1854 acquisitus.

429 1866 454 1893 6.
477 1865 559 1899 ltem,
582 1865 694 1893 habitus
715 1865 858 1893 naturales
880 1865 960 1893 omui
980 1865 1074 1894 insunt
1089 1869 1114 1893 ct
1128 1874 1197 1894 scm-

346 1921 417 1949 per,
439 1913 504 1949 quia
525 1912 664 1940 naturalia
685 1915 750 1940 sunt
766 1912 812 1940 illa
827 1920 898 1949 quae
920 1916 985 1941 sunt
1006 1913 1103 1941 eadem
1120 1913 1195 1950 apud

350 1967 461 1991 omnes,
483 1962 509 1987 et
531 1959 670 1987 naturalia
692 1959 860 1987 comitantur
881 1962 1011 1987 naturam
1028 1959 1196 1996 inseparabi-

351 2005 444 2039 liter⁶;
460 2006 506 2034 sed
524 2005 707 2033 conscientiae
721 2013 774 2033 non
790 2008 856 2034 sunt
870 2005 984 2033 caedem
999 2006 1073 2042 apud
1090 2014 1195 2041 omnes,

350 2053 435 2081 imino
457 2053 617 2089 frequenter
640 2056 704 2080 sunt
730 2052 901 2085 contrariae3
923 2052 1091 2081 conscientia
1112 2054 1194 2081 etiam

350 2107 404 2127 non
425 2107 537 2136 semper
559 2099 644 2133 inest,
667 2099 732 2135 quia
753 2099 913 2135 frequenter
935 2099 1018 2127 homo
1040 2099 1135 2136 incipit
1151 2100 1196 2127 ha-

350 2146 416 2174 bere
438 2146 650 2177 conscientiam,
682 2153 764 2182 quam
788 2146 867 2182 prius
889 2154 942 2173 non
966 2146 1101 2177 habebat,
1124 2147 1195 2174 sicut

350 2193 506 2230 religiosus,
528 2201 563 2221 ex
585 2201 640 2229 quo
662 2192 746 2220 intrat
773 2192 943 2229 religionem,
960 2193 1043 2221 habet
1058 2194 1195 2222 conscien-

350 2241 431 2275 tiam,
454 2240 528 2278 quod
550 2248 604 2268 non
626 2240 707 2268 liceat
728 2239 751 2268 ei
774 2240 864 2268 facere
886 2244 982 2268 contra
1007 2240 1139 2274 consilia,
1168 2244 1194 2269 et

350 2287 422 2317 hanc
442 2287 521 2324 prius
543 2295 597 2315 non
621 2286 757 2315 habebat:
780 2294 846 2323 ergo
867 2290 918 2315 etc.

416 2551 421 2565 ¹
440 2550 494 2579 Cap.
513 2552 532 2573 Β.
552 2558 572 2573 11.
591 2553 615 2577 2,
633 2551 672 2574 ubi
685 2553 776 2580 exponit
792 2553 924 2574 scatentium
938 2553 959 2574 in
974 2552 1031 2575 libro
1050 2553 1077 2575 dc
1096 2553 1193 2581 Quantit.

353 2590 441 2611 animae
459 2590 487 2617 (c.
507 2591 541 2612 20.
560 2597 581 2612 n.
600 2590 646 2619 34.)
665 2591 788 2618 prolatam:
813 2591 898 2613 Omnes
916 2594 975 2613 urtcs
992 2592 1093 2613 animam
1116 2598 1194 2615 sccuui

353 2629 451 2650 attulissc
469 2629 523 2650 inibi
541 2629 625 2657 vidcri,
644 2636 684 2651 111-(ὲ
697 2630 758 2651 aliud
775 2630 903 2658 quidquam
924 2637 974 2652 esse
992 2630 1015 2652 id
1032 2631 1095 2659 quod
1113 2631 1195 2653 dicitur

354 2666 452 2694 discere,
467 2674 536 2695 quam
554 2669 667 2690 reminisci
685 2672 707 2690 ct
724 2669 847 2691 recordari.

416 2706 424 2719 '²
443 2706 489 2728 Lib.
509 2707 521 2728 Ι,
541 2707 623 2729 Postcr.
642 2714 660 2729 c.
679 2708 703 2729 3:
721 2708 746 2730 Et
769 2709 906 2736 principium
925 2709 1031 2731 scientiae
1054 2715 1103 2731 esse
1122 2709 1195 2737 quod-

355 2744 407 2765 dam
424 2745 530 2772 dicimus,
549 2746 570 2767 in
591 2750 702 2774 quantum
721 2747 828 2769 tei-minos
854 2749 1021 2775 cognoscimus.
1034 2760 1066 2764 —-
1078 2748 1100 2770 ln
1120 2747 1196 2769 verbis

354 2788 380 2803 cx
402 2783 537 2811 philosopho
549 2784 620 2806 allatis
632 2784 681 2806 Vat.
695 2789 745 2812 post
763 2785 787 2807 iii
798 2787 913 2814 (sitantum
927 2785 1039 2809 terminos
1056 2787 1148 2814 supplet
1160 2792 1197 2809 co-

355 2821 496 2849 quoscz'iitus.

417 2859 426 2874 ³
443 2862 539 2887 aristot„
559 2862 572 2883 l.
591 2863 673 2884 hoster.
692 2869 710 2884 c.
733 2863 764 2885 14,
784 2865 815 2888 (ἰ).
838 2864 888 2892 ts).
907 2865 997 2886 —Mox
1015 2865 1083 2892 edd,
1102 2868 1194 2893 excepta

357 2897 377 2923 11,
396 2897 450 2919 salso
468 2902 489 2920 ct
506 2905 581 2921 contra
600 2900 666 2922 codd.
684 2900 889 2929 incomplearorum
906 2909 948 2930 pro
966 2902 1153 2932 complcoeorum.

419 2935 427 2949 ⁴
449 2937 579 2959 fiecundum
604 2940 704 2966 Aristot.y
732 2941 753 2961 ll.
780 2941 863 2963 Postcr.
890 2948 907 2963 c.
939 2942 971 2964 18.
999 2942 1030 2969 (c.
1061 2942 1108 2970 15.)
1134 2945 1156 2964 ct
1181 2942 1194 2964 Ι,

357 2973 451 3001 Metaph.
471 2981 488 2996 c.
511 2976 527 2997 1.

1034 191 1285 219 SENTENTIARUM
1306 191 1366 219 LIB.
1388 191 1416 218 11.

1577 277 1787 298 CONCLUSIO.

1259 362 1440 391 Conscientia
1462 363 1533 392 [licit
1555 363 1687 391 habitum
1702 364 1828 392 innatum
1849 364 1965 392 ratione
1987 368 2046 392 tum
2064 364 2103 392 lu-

1335 409 1424 437 minis
1440 410 1558 438 animae
1574 410 1669 444 inditi,
1687 414 1748 438 tum
1760 411 1931 447 primorum
1944 410 2103 447 principio-

1335 464 1405 484 rum
1426 457 1604 490 moralium,
1627 456 1698 485 dicit
1719 460 1815 485 autem
1839 456 1972 485 habitum
1987 457 2103 494 acquisi-

1336 506 1393 531 tum
1418 507 1479 531 tuin
1493 503 1608 532 ratione
1629 504 1793 540 specierum
1816 504 1910 540 ipsius
1929 504 2103 541 cognoscibi-

1336 549 1385 582 lis,
1409 553 1469 577 tum
1490 554 1620 587 respectu
1642 549 1815 586 specialium
1837 550 2049 587 operationum.

1336 643 1515 672 RnspoNnEo:
1538 644 1576 672 Ad
1599 644 1808 681 praedictorum
1830 643 2039 680 intelligentiam
2062 646 2103 673 est

1256 690 1426 724 notandum,
1449 691 1523 727 quod
1552 694 1663 727 praeter
1691 691 1765 718 illam
1798 691 1959 727 positionem
1989 683 2235 722 Platoni-Postumia]

1256 745 1333 771 cam,
1354 745 1426 774 quae
1447 737 1555 774 posuit,
1581 746 1677 766 omnes
1706 738 1818 766 habitus
1846 727 2123 774 cognoscendorumt

1256 792 1317 812 esse
1338 785 1446 812 animae
1469 784 1632 821 simpliciter
1662 785 1781 817 innatos,
1811 785 1859 813 sed
1888 784 2018 812 oblivioni
2042 784 2103 813 dari

1256 831 1291 859 ad
1314 835 1425 867 tempus
1446 835 1560 868 propter
1576 831 1701 868 corporis
1718 831 1834 865 molem,
1857 839 1940 867 quam
1964 830 2104 867 improbat

2124 726 2170 744 onis.

2234 750 2236 762 1

1256 881 1283 905 et
1305 878 1435 914 reprobat
1451 881 1505 905 tam
1522 878 1706 914 Philosophus
1721 886 1804 914 quam
1828 878 2031 914 Augustinus&
2047 881 2103 906 tres
2130 891 2234 920 opiniones¹

1255 925 1370 953 fuerunt
1392 924 1535 961 opiniones
1557 924 1702 953 doctorum
1726 924 1760 952 de
1776 925 1882 960 origine
1899 924 2045 952 habituum
2062 917 2123 952 co-t

1256 972 1435 1009 gnitivorum.
1460 972 1489 1000 Et
1510 980 1607 1000 omnes
1639 975 1695 1000 tres
1724 972 1787 1000 illae
1816 971 1966 1008 positiones
1994 971 2020 999 in
2052 972 2103 1000 boc

1256 1019 1440 1052 concordant,
1456 1018 1530 1055 quod
1547 1019 1618 1047 sicut
1644 1018 1764 1046 virtutes
1780 1018 2033 1046 consuetudinales
2053 1026 2103 1046 nec

1256 1071 1320 1094 sunt
1341 1065 1453 1094 omnino
1475 1074 1491 1093 a
1512 1069 1613 1093 natura
1642 1073 1691 1093 nec
1713 1066 1825 1093 omnino
1847 1065 1882 1093 ab
1902 1065 2101 1101 acquisitione,

1256 1113 1303 1141 sed
1320 1113 1441 1149 quodam
1458 1113 1541 1141 modo
1556 1116 1621 1141 sunt
1637 1113 1761 1144 innatae.
1777 1112 1897 1148 quodam
1914 1112 1997 1140 modo
2011 1112 2102 1149 acqui-

1255 1160 1340 1188 sitae:
1364 1160 1403 1188 sic
1424 1160 1506 1187 etiam
1536 1162 1563 1187 et
1591 1158 1708 1187 laubicus
1729 1159 1869 1196 coquitiui
1888 1167 1938 1187 nec
1960 1162 2025 1187 sunt
2046 1166 2233 1215 oni-csmfflglsjoi¹

2115 1201 2170 1219 gener
2189 1202 2209 1216 is.
2231 1203 2233 1223 ζ

1255 1207 1318 1234 nino
1341 1207 1424 1234 innati
1449 1214 1498 1235 nec
1520 1207 1632 1234 omnino
1653 1206 1797 1243 acquisiti,
1813 1206 1861 1235 sed
1877 1206 1999 1243 quodam
2021 1206 2102 1234 modo

1255 1254 1339 1282 innati
1363 1257 1388 1282 et
1410 1254 1532 1290 quodam
1555 1254 1638 1282 niodo
1659 1253 1796 1290 acquisiti.
1818 1270 1857 1274 -—-
1879 1254 1906 1281 ln
1935 1253 2102 1290 assignando

1254 1304 1347 1328 autem
1370 1300 1500 1333 modion,
1530 1300 1686 1329 secundum
1715 1308 1798 1337 quein
1828 1300 1872 1328 isti
1895 1300 2008 1328 habitus
2037 1303 2102 1328 sunt

1254 1347 1356 1377 innati.
1378 1351 1405 1375 et
1426 1348 1582 1375 secundum
1611 1355 1694 1384 quem
1717 1350 1782 1376 sunt
1803 1347 1946 1384 acquisiti,
1969 1346 2103 1375 diversifi-

1254 1399 1353 1423 cantur
1375 1394 1488 1423 diversi.

2125 920 2159 933 ΓΘΞ.

1332 1442 1449 1478 Quidam
1467 1442 1539 1470 enim
1556 1442 1649 1470 dicere
1664 1441 1823 1475 voluerunt,
1838 1442 1913 1479 quod
1928 1441 2026 1470 innati
2037 1444 2102 1470 sunt
2118 1454 2183 1480 opinio
2197 1455 2211 1472 1.
2230 1434 2232 1457 Q

2114 1483 2163 1496 [ῚΙὋΘ.
2179 1483 2213 1496 mo-

1253 1489 1405 1517 intellectui
1427 1489 1534 1526 seqenti,
1557 1489 1605 1517 sed
1621 1489 1762 1526 acquisiti
1777 1493 1843 1517 sunt
1862 1492 1997 1526 quantum
2014 1489 2049 1517 ad
2065 1489 2102 1517 in·
2114 1501 2163 1519 cium.

1253 1536 1394 1565 tellectum
1416 1536 1603 1573 possibilem,-
1624 1539 1650 1564 et
1673 1540 1810 1573 quantum
1832 1536 1866 1564 ad
1890 1536 1974 1565 istum
1998 1536 2100 1565 intelle-

1254 1586 1328 1612 ctum
1352 1584 1419 1612 dicit
1440 1583 1640 1620 Philosophus,
1670 1583 1791 1611 animam
1818 1583 1906 1612 creari
1932 1583 2003 1612 sicut
2024 1583 2102 1611 tabu-

1253 1628 1307 1656 lam
1333 1629 1453 1663 nudam,
1475 1632 1502 1658 et
1524 1629 1569 1657 ille
1591 1629 1749 1658 intellectus
1771 1634 1827 1664 est,
1842 1630 1889 1666 qui
1906 1629 1989 1658 babet
2005 1629 2099 1666 perfici

1253 1676 1441 1705 mediantibus
1474 1677 1602 1713 potentiis
1630 1677 1769 1705 sensitivis
1782 1677 1800 1704 ³.
1816 1693 1854 1697 —
1869 1677 1920 1705 Sed
1944 1677 2017 1705 istud
2047 1684 2099 1704 non
2112 1689 2151 1707 aon
2166 1684 2230 1712 prona‘

2162 1718 2166 1729 1

1253 1723 1364 1751 videtur
1386 1731 1447 1752 esse
1469 1731 1621 1752 consonum
1643 1732 1694 1752 nec
1710 1724 1803 1752 verbis
1819 1724 1976 1760 Philosophi
1994 1732 2043 1752 nec
2060 1731 2101 1752 ve-

1253 1771 1336 1799 ritati.
1359 1771 1384 1798 Si
1407 1771 1481 1799 enim
1504 1771 1661 1800 intellectus
1683 1780 1773 1808 affluis
1795 1772 1911 1800 haberet
1933 1771 2044 1799 habitus
2060 1779 2101 1799 co-

1254 1818 1494 1854 gnoscendorum,
1516 1826 1604 1855 qnare
1626 1827 1679 1846 non
1703 1822 1795 1855 posset
1816 1818 1877 1846 illos
1893 1818 2100 1847 communicare

1250 1864 1385 1901 possibili
1406 1865 1465 1893 sine
1486 1865 1625 1894 adiutorio
1647 1873 1780 1894 sensuum
1812 1866 1975 1894 inferiorum
1989 1868 2000 1893 ἲ
2028 1866 2102 1894 Rur-

1252 1921 1318 1946 sus,
1335 1912 1355 1940 si
1372 1912 1528 1941 intellectus
1543 1920 1627 1949 agens
1644 1913 1759 1941 haberet
1774 1913 1886 1940 habitus
1901 1912 2101 1949 cognoscendo-

1253 1968 1326 1991 rum.
1342 1960 1396 1988 iam
1411 1960 1503 1988 anima
1518 1968 1534 1988 a
1549 1968 1600 1988 sua
1614 1960 1770 1988 conditione
1792 1968 1846 1988 non
1868 1964 1938 1988 esset
1962 1960 2100 1997 ignorans,

1254 2007 1339 2035 immo
1361 2007 1453 2043 potius
1475 2010 1548 2034 esset
1576 2006 1673 2035 sciens.
1703 2006 1819 2035 Difficile
1841 2010 1923 2035 etiam
1946 2010 1987 2035 est
2016 2006 2099 2034 simul

1252 2061 1316 2082 cum
1340 2053 1390 2081 hoc
1414 2053 1583 2089 intelligere,
1605 2054 1745 2090 quomodo
1767 2053 1873 2090 species
1895 2053 2024 2081 dicantur
2039 2061 2099 2082 esse

1254 2101 1278 2128 in
1310 2100 1451 2128 intellectu
1479 2103 1595 2136 uocate,
1618 2108 1682 2128 cum
1710 2100 1856 2137 possibilis
1885 2101 1994 2129 dicatur
2018 2109 2101 2137 «quo

1252 2150 1294 2175 est
1312 2147 1405 2175 onmia
1420 2147 1480 2175 [ieri
1496 2158 1522 2180 »,
1538 2150 1565 2175 et
1579 2156 1668 2184 accus
1689 2159 1701 2172 «
1714 2155 1769 2184 quo
1785 2151 1826 2175 est
1841 2147 1934 2176 omnia
1949 2148 2039 2176 facere
2052 2147 2062 2161 ⁹
2074 2159 2100 2176 ».

1332 2193 1362 2221 Et
1384 2193 1445 2221 ideo
1468 2197 1509 2221 est
1530 2194 1671 2223 secundus
1693 2194 1794 2222 modus
1816 2194 1941 2227 dicendi,
1965 2195 2037 2231 quod
2056 2195 2207 2236 hammam.
2225 2204 2226 2207 ¹

1252 2240 1327 2269 bitus
1348 2241 1477 2277 cognitivi
1501 2241 1622 2277 quodam
1647 2241 1728 2269 modo
1758 2245 1822 2269 sunt
1851 2241 1956 2275 innati,
1978 2241 2098 2279 quodam

1253 2287 1334 2315 modo
1349 2288 1495 2325 acquisiti.
1518 2287 1604 2316 lnnati
1627 2287 1699 2316 enim
1723 2291 1788 2316 sunt
1803 2288 1894 2325 quoad
1917 2288 2098 2325 cognitionem

1316 2553 1326 2568 ⁵
1343 2553 1387 2575 Gn».
1411 2560 1479 2581 supra
1503 2553 1524 2575 d.
1544 2552 1579 2574 24.
1604 2559 1625 2581 p.
1649 2553 1670 2574 ll.
1693 2560 1712 2574 a.
1740 2553 1756 2574 l.
1775 2560 1796 2581 q.
1823 2553 1839 2574 1.
1858 2559 1906 2580 arg.
1929 2553 1949 2574 2.
1971 2553 1999 2575 ad
2018 2560 2098 2581 oppos.

1254 2596 1275 2614 et
1292 2593 1358 2615 solut.

1315 2631 1324 2645 ⁶
1344 2631 1400 2654 Vide
1418 2637 1487 2659 supra
1506 2637 1558 2658 pag.
1577 2630 1628 2657 397,
1653 2634 1703 2652 notu
1726 2631 1742 2652 1.
1762 2633 1783 2652 ct
1804 2637 1857 2658 pag.
1880 2631 1936 2655 458,
1961 2634 2011 2653 nota
2031 2632 2051 2653 3.
2070 2645 2099 2647 —

1254 2670 1302 2691 Mox
1322 2676 1363 2697 pro
1381 2669 1521 2692 conscicntia
1538 2669 1608 2691 etium
1625 2669 1677 2691 cdd.
1700 2670 1716 2697 l,
1736 2669 1756 2696 2,
1776 2669 1796 2695 3,
1816 2668 1826 2690 l
1846 2675 1899 2691 cum
1912 2669 2017 2697 plurimis
2032 2670 2098 2692 codd.

1254 2707 1396 2731 couscientia
1415 2707 1483 2730 euim.

1316 2747 1325 2761 ⁷
1348 2748 1436 2769 l'raetcr
1459 2747 1585 2769 testimonia
1610 2747 1645 2768 hic
1668 2747 1689 2768 in
1713 2753 1778 2774 argg.
1802 2747 1866 2768 allata
1888 2747 1928 2768 cfr.
1952 2747 2019 2768 ctiam
2042 2747 2098 2769 loce.

1253 2793 1322 2814 supra
1347 2793 1399 2814 pag.
1418 2787 1474 2813 206,
1499 2790 1549 2808 nota
1573 2787 1594 2807 2.
1616 2788 1637 2807 et
1654 2792 1707 2813 pag.
1731 2785 1782 2811 450,
1802 2788 1851 2807 notu
1875 2786 1895 2807 3.
1914 2792 1940 2807 ex
1963 2787 2052 2807 Α1115101.
2077 2789 2097 2808 01

1253 2826 1348 2853 August.
1367 2826 1412 2848 citt.

1315 2863 1324 2878 8
1342 2864 1385 2886 (ἸΓΓ,
1404 2870 1473 2891 supra
1492 2864 1513 2886 d.
1532 2863 1568 2885 24.
1585 2870 1606 2891 p.
1626 2864 1638 2886 Ι,
1652 2870 1671 2885 a.
1690 2864 1745 2892 2.(1.
1769 2864 1784 2885 Ι.
1803 2864 1823 2885 in
1842 2870 1913 2891 corp„
1927 2863 1965 2885 ubi
1984 2864 2039 2886 hacc
2051 2864 2096 2891 opi-

1253 2904 1289 2924 nio
1307 2903 1438 2930 explicatur.

1314 2941 1323 2955 ⁹
1341 2943 1438 2969 :xi-istor.⁷
1458 2942 1488 2963 m.
1507 2942 1535 2963 de
1553 2942 1644 2969 Anima,
1663 2944 1713 2963 text.
1736 2942 1768 2963 18.
1787 2942 1815 2967 (c.
1833 2941 1872 2968 5.).
