2243 3425
709 172 792 200 DIST.
814 172 855 200 lli.
877 172 903 200 P.
926 172 955 200 ll.
976 172 1050 200 ΛΒΤ.
1073 172 1101 199 il.
1123 171 1259 208 QUAEST.
1282 172 1298 200 l.
1829 172 1879 199 121

125 252 231 289 gnoscit
259 259 356 280 omnes
388 259 445 286 res,
473 259 546 289 quae
577 254 642 280 sunt
664 251 690 279 in
714 251 786 285 loco,
808 250 974 287 applicando

125 299 231 336 species
252 298 427 327 universales
458 298 493 327 ad
526 298 680 335 singularia
708 301 735 326 et
765 297 974 334 componendo3

125 350 151 375 et
174 346 236 374 illae
259 345 364 382 species
386 345 439 374 sub
462 345 508 373 tali
525 345 711 382 applicatione
732 348 760 373 et
775 343 974 380 compositione

125 396 270 421 remanent
286 393 311 420 in
327 392 452 429 angelico
467 392 619 426 intellectu,
642 394 668 420 et
684 391 721 419 ita
742 390 911 428 relinquunt
933 398 975 418 co-

124 440 274 477 gnitionem
297 447 398 467 novam
421 439 479 467 sine
501 438 659 475 receptione
681 437 811 475 speciei1.
832 453 872 457 —
894 436 976 465 Pona-

124 490 171 515 tur
192 487 291 520 etiam,
314 486 388 523 quod
421 486 528 514 nnllam
550 485 667 514 haberet
688 484 902 521 copititt‘oimiit,
925 483 973 512 sed

125 533 214 562 solum
235 533 358 569 speeiem
381 532 558 560 universalis
574 532 602 560 in
624 531 768 560 intellectu
789 539 859 565 suo;
880 530 974 559 adhuc

124 580 225 617 poterit
245 580 386 617 applicare
408 583 435 608 et
455 578 639 616 appropriare
660 586 714 606 non
737 577 903 611 casualiter,
925 577 974 606 sed

124 623 365 656 certitudinaliter.
388 626 468 663 Quod
490 629 565 663 patet
598 626 644 654 sic.
677 625 761 654 Homo
793 626 884 660 enim,
907 633 972 653 cum

124 675 263 708 nascitur,
286 682 340 702 non
361 673 446 702 habet
467 673 650 710 cognitionem
667 680 717 701 nec
738 672 859 709 speciem
883 672 975 708 singu-

1033 249 1150 281 larium.
1174 257 1222 278 nec
1245 257 1422 279 communem
1445 257 1494 278 nec
1527 250 1687 287 proprianu
1710 250 1768 279 sola
1790 253 1883 280 tamen

1032 296 1184 325 directione
1206 300 1336 333 aspectus
1364 305 1450 333 super
1478 305 1523 325 res
1545 298 1685 334 cognoscit
1706 297 1799 325 omnia
1822 297 1884 326 visi-

1033 343 1099 371 bilia
1114 347 1141 372 et
1157 344 1255 381 recipit
1270 344 1354 373 simul
1370 344 1562 381 monitionem
1577 348 1682 373 certam
1701 348 1728 373 et
1748 345 1882 381 speciem,

1032 390 1099 427 quia
1120 390 1279 419 denudatus
1301 394 1361 419 erat
1387 398 1403 418 a
1435 391 1524 419 forma
1555 392 1657 428 recepti
1670 391 1688 419 ².
1711 392 1815 428 Quodsi
1838 392 1884 420 ha-

1032 437 1111 466 beret
1132 437 1254 474 species,
1276 438 1365 466 multo
1388 438 1488 467 melius
1510 442 1618 475 posset,
1640 439 1786 476 dirigendo
1807 447 1884 476 aspe-

1032 487 1108 512 ctum
1131 484 1164 512 ad
1188 492 1233 512 res
1256 484 1430 517 mundanas,
1452 493 1499 514 eas
1521 493 1697 522 cognoscere,
1719 494 1773 514 non
1800 487 1884 515 susci-

1032 530 1133 568 piendo
1156 531 1276 567 species,
1299 539 1363 560 cum
1386 532 1441 560 iam
1463 532 1580 567 habeat,
1602 533 1650 561 sed
1666 541 1701 561 ex
1718 533 1883 568 directione,

1032 582 1059 607 et
1080 578 1221 615 applicare
1243 581 1269 606 et
1290 579 1474 615 appropriare
1495 583 1522 607 et
1551 587 1719 616 componere
1740 583 1767 609 et
1788 581 1882 609 distin-

1032 628 1075 653 cte
1096 632 1178 653 nosse
1188 624 1205 652 ³.

872 855 1135 892 SCHOLION.

186 1032 200 1054 1.
219 1031 295 1054 Verba
314 1031 395 1054 onmia
412 1032 493 1054 creata
510 1031 532 1053 in
556 1030 620 1053 titulo
647 1030 788 1059 quaestionis
814 1028 975 1056 restringenda

123 1074 175 1093 sunt
192 1071 221 1093 ad
239 1071 315 1093 omnia
334 1073 408 1093 creata
426 1071 497 1093 κείνα
515 1069 593 1099 ipsum
610 1068 736 1099 Ampelum.
751 1068 807 1090 Nam
821 1068 922 1095 Angelus
940 1073 975 1090 co-

123 1111 214 1138 gnoscit
245 1116 305 1138 rem,
329 1118 339 1130 <1
360 1115 420 1138 quae
442 1109 592 1132 essentialiter
610 1117 619 1129 1³
640 1112 675 1131 est
692 1109 713 1131 in
732 1109 782 1137 ipso
807 1109 837 1135 (in
864 1114 935 1136 corp,
953 1108 975 1129 111

124 1150 248 1178 princip),
267 1150 280 1171 i.
299 1155 318 1171 e.
337 1155 361 1171 se
382 1149 472 1177 ipsum,
496 1151 518 1171 et
542 1149 610 1171 etiam
629 1148 702 1170 Deum
722 1147 767 1175 (hic
794 1154 815 1176 q.
843 1148 863 1169 2.
890 1146 919 1169 ad
945 1145 976 1175 4.)

124 1195 169 1211 non
187 1195 229 1216 per
246 1189 301 1211 tales
318 1189 421 1216 species,
440 1187 482 1210 sed
500 1189 576 1216 potius
593 1193 635 1215 per
653 1193 719 1210 suam
737 1186 976 1213 essentiam.—Sup⁴

124 1229 217 1256 ponitur
229 1230 338 1256 tanquam
354 1226 455 1249 doctrina
468 1227 606 1254 communis,
619 1232 656 1248 res
670 1225 699 1248 ab
712 1226 800 1254 Angelo
816 1228 879 1248 extra
900 1225 977 1253 ipsum

125 1267 232 1295 cognosci
248 1272 290 1294 pei·
302 1271 395 1295 species.
412 1266 516 1288 Attamen
528 1271 572 1287 non
587 1265 711 1287 defuerunt
725 1265 764 1293 qui
781 1265 824 1287 1100
834 1265 977 1292 negaverint.

124 1306 181 1328 Nam
198 1305 321 1328 Durandus
339 1305 384 1333 (1110
402 1311 423 1333 q.
442 1305 474 1334 6.)
493 1310 546 1327 011111
559 1304 665 1332 pluribus
686 1303 844 1326 Nominalibus
856 1304 935 1331 voluit,
948 1303 977 1325 ab

125 1345 212 1368 eisdem
230 1346 286 1367 haec
305 1345 397 1372 intelligi
411 1352 421 1364 α
431 1350 476 1366 non
489 1350 531 1372 per
544 1343 605 1366 aliud
618 1344 839 1371 repraesentativum
853 1349 922 1372 qnam
937 1349 978 1370 per

125 1386 248 1413 ipsammet
265 1384 419 1412 praesentiam
431 1389 509 1405 rerum
524 1384 545 1405 in
562 1389 585 1405 se
604 1383 640 1405 vel
658 1383 679 1404 in
699 1384 746 1405 suis
764 1384 851 1410 causis,
866 1383 902 1404 vel
916 1387 978 1405 utro-

125 1432 170 1454 que
183 1425 253 1447 modo
264 1433 286 1447 »,
301 1425 342 1446 Alii
357 1430 411 1446 cum
427 1423 619 1445 Antissiodorensi
638 1425 785 1451 putaverunt,
799 1422 879 1445 omnia
899 1422 927 1444 ab
945 1423 978 1444 eis

126 1466 219 1494 intelligi
236 1472 278 1494 per
295 1471 376 1487 eorum
394 1464 526 1492 essentiam,
540 1464 637 1491 analogo
650 1463 721 1485 modo
743 1466 768 1485 ut
786 1463 806 1484 in
826 1462 873 1484 Deo
894 1466 934 1484 est.
947 1474 979 1478 —

126 1506 168 1527 Pro
186 1504 343 1527 confirmanda
362 1504 480 1526 communi
498 1504 621 1531 sententia,
640 1502 703 1532 quod
721 1503 810 1530 species
823 1501 978 1529 intelligibiles

126 1548 172 1567 tam
191 1546 211 1566 in
230 1545 323 1566 homine
342 1549 411 1572 quam
430 1544 451 1565 in
470 1543 563 1571 Angelis
589 1542 618 1564 ad
644 1541 818 1570 intelligendum
845 1541 881 1563 vel
900 1541 976 1562 omnia

126 1585 161 1607 vel
181 1585 260 1607 saltem
279 1584 349 1606 multa
376 1584 533 1612 requirantur,
557 1582 661 1604 serviunt
687 1587 747 1610 (piae
773 1587 785 1603 a
804 1581 929 1608 Serapbico
947 1580 978 1602 di-

127 1626 209 1646 cuntur
227 1623 251 1650 (l.
271 1623 331 1645 Sent.
350 1622 372 1645 d.
391 1622 428 1644 35.
447 1628 468 1651 q.
491 1622 518 1650 l.)
537 1621 566 1643 de
582 1620 750 1648 similitudine,
771 1624 794 1642 nt
812 1624 844 1642 cst
868 1620 925 1641 ratio
943 1626 978 1641 co-

127 1663 253 1692 gnoscendi
271 1663 339 1685 etiam
357 1663 378 1684 in
397 1661 445 1684 Deo
463 1661 537 1688 (aliter
554 1664 629 1683 tamen
648 1666 675 1682 ac
692 1661 713 1682 in
732 1659 819 1687 nobis);
838 1660 891 1681 item
912 1658 977 1686 (ibid.

127 1703 149 1725 d.
168 1703 189 1725 3.
208 1709 230 1730 p.
249 1702 263 1724 1.
282 1708 304 1730 q.
327 1701 353 1729 l.)
372 1700 401 1723 de
419 1701 524 1730 quatuor
549 1698 669 1729 requisitis
687 1699 716 1721 ad
734 1700 905 1727 cognitionein3
924 1699 977 1720 item

128 1743 210 1770 (itiner.
228 1741 311 1763 mentis
328 1741 350 1762 in
368 1740 449 1766 Deum,
467 1745 485 1762 c.
505 1739 535 1766 ²2.)
554 1738 583 1761 de
600 1738 678 1767 modo,
699 1744 746 1767 quo
764 1738 867 1760 mundus
884 1737 978 1760 sensibi-

128 1781 154 1803 lis
172 1782 239 1803 intrat
257 1781 278 1802 in
295 1780 395 1801 animam
414 1785 455 1807 per
473 1777 646 1805 similitudines,
665 1781 687 1799 et
713 1777 837 1805 praecipue
855 1776 977 1801 (lchaem.

128 1815 264 1842 Serm.'11.
291 1825 302 1841 a
328 1818 398 1847 med.)
425 1817 454 1840 de
477 1816 627 1847 qeneratione
650 1815 734 1846 spectet*
758 1815 787 1838 ab
810 1815 910 1843 obiecto,
938 1815 978 1837 ubi

127 1859 256 1882 admirabili
275 1858 377 1880 doctrina
396 1857 537 1883 declaratur,
559 1855 622 1885 quod
651 1856 747 1877 «omnis
773 1858 877 1877 creatura
896 1855 979 1877 clamat

129 1899 301 1927 generationem
327 1899 455 1923 aeternam,
481 1898 504 1918 et
529 1896 587 1918 banc
609 1895 741 1923 exprimunt
766 1898 788 1916 et
806 1897 980 1921 repraesentant

128 1938 252 1961 duodecim
271 1937 430 1965 generationes
439 1944 460 1957 ι».

192 1977 214 1998 11.
233 1974 376 2004 Principalis
398 1975 555 1997 controversia
569 1977 603 1996 est
620 1973 648 1995 de
672 1973 805 1995 difficillimo
823 1972 979 2001 problemate,

128 2016 247 2046 quomodo
265 2015 294 2037 al)
312 2015 404 2042 Angelis
422 2017 591 2041 cognoscantur
608 2011 743 2042 stimularit]
757 2016 818 2034 extra
832 2012 901 2039 ipsos.
922 2012 978 2034 Petr.

129 2062 140 2078 a
160 2056 211 2077 Tar.
230 2055 333 2083 quinque
351 2053 379 2075 de
398 2053 440 2075 boc
458 2053 579 2080 opiniones
604 2055 714 2079 recenset,
736 2051 789 2073 nibil
817 2051 978 2073 determinans.

130 2096 152 2117 S.
166 2095 249 2116 Thom.
266 2092 376 2121 reprobat
393 2092 470 2120 plures
486 2092 606 2119 opiniones
622 2094 643 2113 et
655 2091 723 2113 etiam
740 2096 804 2118 eam,
825 2096 895 2119 quam
916 2091 981 2118 ponit

128 2150 150 2156 c.
168 2135 267 2161 Bonav.;
286 2134 335 2161 ipse
358 2135 434 2154 autem
459 2134 532 2159 tenet,
558 2131 683 2159 singularia
708 2129 738 2152 ab
764 2130 852 2158 Angelo
870 2131 979 2158 cognosci

128 2180 170 2202 per
186 2172 272 2202 species
291 2170 436 2194 atainei-sales
454 2171 497 2198 ipsi
515 2170 685 2198 connaturales,
705 2176 764 2198 quae
782 2170 849 2191 etiam
873 2170 978 2191 inferiora

128 2213 253 2240 singularia
272 2211 377 2233 distincte
395 2212 573 2238 repraesentent.
592 2209 652 2232 Seot.
667 2212 755 2236 autem,
769 2209 804 2230 cui
823 2208 869 2230 sere
888 2215 980 2230 concor-

130 2251 168 2274 dat
185 2250 292 2273 Ricbard.
316 2257 327 2271 a
354 2249 427 2277 Med.y
455 2249 579 2276 singularia
603 2249 659 2270 haec
682 2247 711 2270 ab
737 2248 787 2276 ipso
810 2248 919 2275 cognosci
939 2254 980 2275 per

131 2290 219 2318 species
244 2296 255 2311 a
278 2288 348 2311 rebus
370 2289 505 2317 acquisitas,
532 2293 577 2310 non
601 2290 677 2309 tamen
695 2293 706 2308 a
726 2286 925 2315 phantasmatibus
943 2286 981 2308 ab·

130 2332 231 2352 stractas.
248 2329 270 2350 S.
288 2328 383 2355 Bonav.‚
401 2327 477 2349 media
499 2327 536 2349 via
562 2326 683 2353 incedens,
706 2326 743 2348 1110
770 2325 847 2353 docet,
866 2326 980 2353 Angelum

131 2368 160 2390 ad
178 2369 221 2390 lioc
238 2373 282 2389 non
306 2367 409 2394 indigere
426 2371 546 2389 novarum
563 2366 694 2393 specierum
720 2365 927 2394 acquirendarum3
949 2368 981 2387 ta-

131 2414 183 2429 men
202 2407 292 2434 speeies
311 2404 456 2428 zmirersales
473 2405 612 2428 concreatus
629 2410 673 2427 non
693 2405 806 2432 sufficere,
819 2409 844 2427 ut
856 2405 980 2432 singularia

132 2448 313 2474 cognoscantur,
343 2445 404 2466 «nisi
430 2444 532 2472 Angelus
557 2443 641 2472 dirigat
666 2446 787 2471 aspectum
810 2450 880 2471 supra
904 2444 981 2471 ipsum

132 2484 299 2513 cognoscibile,
317 2488 339 2506 et
356 2483 485 2506 secundum
502 2483 557 2505 illud
576 2482 639 2512 quod
657 2485 690 2505 est
703 2484 723 2504 in
738 2489 772 2510 re,
791 2483 840 2510 ipse
858 2486 982 2510 componat

132 2524 220 2551 species
237 2524 258 2545 in
277 2529 300 2545 se
312 2531 332 2544 n.
350 2534 381 2538 —
398 2522 467 2544 Addit
483 2525 559 2544 autem
579 2521 651 2548 idem,
670 2521 734 2550 quod
746 2521 854 2548 Angelus,
874 2521 924 2543 licet
937 2527 980 2542 non

132 2561 236 2591 incltyeat
253 2567 366 2584 novarum
384 2561 528 2589 specierum,
548 2564 644 2583 «tamen
656 2559 729 2588 possit
740 2561 844 2588 recipere
862 2561 981 2588 species».

132 2601 177 2624 Sed
194 2601 222 2623 de
239 2601 281 2623 bac.
296 2600 399 2630 potentia
417 2601 500 2622 iterum
518 2599 636 2622 dissensus
653 2601 699 2626 est,
718 2601 742 2621 ut
759 2599 867 2620 continuo
886 2598 982 2621 dicetur.

196 2640 227 2661 111.
241 2638 528 2664 Secundacontroversia,
542 2644 601 2666 quae
622 2643 675 2660 cum
694 2638 767 2665 prima
786 2637 864 2659 intime
880 2639 915 2658 est
932 2642 983 2658 con-

133 2685 198 2706 nexa,
211 2679 267 2701 baec
279 2681 320 2705 est,
334 2682 410 2700 utrum
423 2678 445 2699 in
463 2677 550 2704 Angelo
563 2677 590 2698 sit
602 2682 644 2698 suo
657 2676 727 2698 modo
740 2676 866 2698 intellectus
877 2681 950 2704 aperis
963 2676 985 2697 et

132 2716 261 2746 possibilis,
277 2717 305 2738 de
317 2722 362 2744 qua
375 2716 518 2738 distinctione
529 2715 583 2737 vide
595 2715 653 2737 infra
666 2714 688 2736 d.
702 2714 738 2736 24.
751 2721 774 2742 p.
788 2714 801 2736 l.
814 2721 833 2736 a.
847 2715 867 2736 2.
882 2721 903 2743 q.
917 2713 937 2736 4.
953 2726 985 2730 —

134 2756 156 2778 S.
175 2756 258 2778 Τ110111.
277 2755 308 2782 (S.
322 2761 340 2777 c.
357 2755 421 2777 Gent.
435 2755 457 2776 tl.
470 2760 489 2776 0.
502 2754 552 2782 96.)
566 2754 643 2776 docet:
663 2761 673 2773 «
684 2753 706 2775 ln
725 2753 857 2776 substantiis
874 2753 984 2780 separatis

130 2111 142 2117 r

130 2135 141 2141 J

200 2939 207 2953 ¹
226 2938 298 2961 Codd.
317 2939 336 2961 V
354 2944 380 2961 cc
396 2942 419 2961 et
435 2938 471 2960 ed.
494 2939 498 2959 1
522 2937 648 2960 distinctius
665 2943 740 2961 norae
757 2937 845 2967 speciei.

199 2977 208 2991 ἵ
226 2978 270 3000 Cir.
289 2984 358 3006 supra
377 2983 430 3006 pag.
453 2977 501 3004 lle,
519 2980 570 2999 nota
589 2977 610 2999 6.

264 3029 288 3052 S.
308 3029 394 3052 Bomio.
412 3040 443 3044 —-
462 3028 527 3050 Tom.
547 3028 569 3051 ll.

1033 1034 1078 1050 non
1096 1031 1131 1050 est
1148 1028 1274 1051 intellectus
1287 1034 1359 1056 agens
1375 1030 1398 1051 et
1414 1028 1537 1058 possibilis,
1550 1030 1592 1052 nisi
1606 1030 1661 1052 sorte
1673 1030 1798 1060 tteqttt‘noce
1809 1040 1819 1051 ι»
1836 1031 1886 1060 (cir.

1033 1068 1055 1089 S.
1069 1067 1082 1090 1.
1096 1074 1117 1096 q.
1137 1067 1174 1089 54.
1186 1074 1206 1090 a.
1220 1067 1258 1096 4.).
1277 1068 1342 1090 Ratio
1359 1070 1403 1096 est,
1422 1069 1475 1097 quia
1494 1069 1623 1091 secundum
1641 1070 1718 1097 ipsum
1737 1070 1799 1092 nullo
1816 1070 1887 1093 modo

1034 1107 1136 1135 Angelus
1152 1108 1235 1135 accipit
1258 1108 1413 1135 cognitionem
1434 1114 1446 1129 a
1464 1107 1618 1130 sensibilibus.
1636 1109 1697 1131 Haec
1714 1109 1771 1131 ratio
1789 1112 1886 1137 negatur

1034 1148 1084 1168 tum
1101 1152 1113 1168 a
1131 1147 1210 1175 Scoto,
1228 1147 1268 1175 qui
1285 1146 1345 1175 vult,
1363 1146 1393 1169 de
1408 1146 1472 1176 facto
1484 1153 1534 1169 esse
1547 1147 1608 1170 illam
1625 1149 1788 1177 receptionem,
1807 1152 1856 1171 tum
1873 1155 1886 1171 a

1035 1186 1057 1208 S.
1074 1186 1172 1214 Bonav.,
1191 1187 1230 1215 qui
1247 1192 1299 1208 eam
1316 1187 1473 1215 receptionem
1491 1188 1596 1209 aestimat
1613 1194 1663 1210 esse
1672 1187 1812 1217 possibilem.
1831 1189 1888 1212 ilinc

1035 1227 1132 1253 uterque
1150 1230 1203 1247 eum
1221 1225 1283 1247 Alex.
1301 1225 1357 1252 Hal.y
1376 1226 1398 1248 S.
1416 1231 1439 1253 p.
1457 1225 1480 1247 11.
1499 1232 1520 1254 q.
1539 1226 1575 1248 22.
1594 1232 1624 1248 in.
1643 1227 1668 1255 3,
1687 1227 1710 1249 B.
1736 1227 1828 1250 Alberto
1853 1229 1884 1256 (S.

1035 1270 1057 1291 p.
1077 1263 1100 1286 ll.
1119 1268 1145 1286 tr.
1164 1263 1185 1286 4.
1204 1270 1225 1292 q.
1249 1263 1282 1286 14.
1300 1270 1331 1286 111.
1350 1264 1371 1286 3.
1389 1270 1409 1286 a.
1432 1265 1448 1286 1.
1467 1268 1524 1292 part.
1544 1265 1587 1293 =l.),
1607 1265 1671 1288 Petro
1688 1273 1701 1288 a
1720 1266 1772 1289 Tar.
1790 1267 1886 1296 aliisque

1035 1302 1112 1325 multis
1124 1303 1252 1332 contendit,
1265 1304 1379 1332 Angelum
1392 1303 1477 1326 habere
1489 1310 1532 1326 suo
1544 1304 1615 1327 modo
1628 1305 1766 1328 intellectum
1778 1307 1887 1335 aperilem

1036 1342 1058 1364 et
1077 1341 1225 1371 possibilem,
1255 1349 1330 1365 «eum
1356 1349 1401 1365 non
1428 1344 1456 1365 sit
1480 1346 1544 1366 actus
1571 1350 1666 1372 purus»
1691 1345 1741 1369 (liic
1759 1346 1780 1367 in
1799 1348 1886 1374 corp).

1035 1381 1099 1403 IIanc
1120 1380 1317 1410 pntentialitatem
1343 1382 1482 1410 Serapbicus
1507 1383 1610 1411 intelligit
1635 1386 1683 1405 tuin
1710 1384 1731 1406 in
1759 1384 1839 1406 ordine
1858 1384 1887 1407 ad

1035 1422 1117 1444 actum
1134 1420 1309 1449 iiztellect‘z'om's,
1329 1424 1377 1443 tum
1396 1422 1417 1443 in
1436 1422 1516 1444 ordine
1534 1422 1563 1444 ad
1575 1422 1662 1451 species
1675 1424 1789 1451 potentiae
1801 1424 1887 1452 angeli-

1036 1466 1076 1482 cae
1088 1459 1117 1482 ob
1130 1460 1221 1489 oriqz'ne
1239 1460 1349 1483 divinitus
1362 1464 1507 1489 concreatos,
1521 1464 1569 1483 tum
1582 1462 1603 1483 in
1617 1462 1697 1484 ordine
1710 1462 1739 1485 ad
1750 1469 1825 1486 novas
1837 1469 1886 1491 spe-

1036 1500 1088 1525 cies,
1102 1506 1160 1528 quas
1173 1499 1249 1529 possit
1260 1500 1297 1522 vel
1312 1500 1443 1522 naturaliter
1456 1501 1491 1523 vel
1505 1507 1516 1522 a
1530 1501 1577 1523 Deo
1594 1502 1741 1529 imprimente
1758 1503 1886 1531 acquirere.

1035 1551 1067 1555 —
1076 1538 1143 1567 Quod
1156 1542 1232 1561 autem
1246 1539 1372 1561 intellectus
1384 1539 1541 1568 aliquomodo
1551 1540 1579 1562 sit
1591 1540 1615 1562 in
1627 1540 1731 1569 potentia
1741 1541 1819 1570 quoad
1831 1542 1887 1564 haec

1036 1579 1090 1606 tria,
1110 1584 1154 1600 non
1173 1582 1207 1601 est
1224 1578 1337 1607 alienum,
1356 1579 1377 1601 ni
1396 1578 1506 1607 fallimur,
1519 1585 1530 1600 a
1546 1580 1654 1601 sententia
1674 1580 1695 1602 S.
1714 1580 1824 1608 Tbomae,
1838 1580 1888 1603 licet

1036 1618 1105 1646 aliqui
1125 1618 1175 1639 eius
1200 1618 1342 1645 expositores
1368 1620 1460 1646 putent,
1488 1618 1577 1646 species
1600 1618 1648 1640 illas
1666 1619 1687 1640 in
1706 1625 1733 1641 eo
1751 1625 1819 1641 sensu
1838 1625 1888 1641 esse

1036 1656 1219 1685 connaturales,
1245 1657 1309 1686 quod
1327 1656 1357 1679 ab
1374 1656 1426 1686 ipsa
1443 1657 1523 1685 Angeli
1541 1660 1620 1679 natura
1640 1661 1664 1680 ut
1682 1658 1794 1686 principio
1812 1659 1887 1681 activo

1036 1697 1102 1724 quasi
1120 1697 1271 1724 proprietates
1290 1697 1368 1718 [luant.
1386 1696 1427 1718 Alii
1450 1699 1527 1718 autem
1545 1697 1567 1718 S.
1590 1697 1694 1719 Thomae
1712 1696 1819 1725 discipuli
1838 1697 1887 1725 (cfr.

1036 1736 1102 1763 (jotti,
1116 1736 1144 1757 de
1157 1736 1204 1757 Deo
1222 1735 1336 1764 Creatore,
1350 1739 1376 1758 tr.
1389 1736 1410 1758 9.
1429 1742 1451 1764 q.
1465 1735 1485 1758 4.
1499 1735 1512 1764 {3
1530 1736 1560 1764 G.)
1575 1735 1719 1763 probabilius
1731 1743 1781 1758 esse
1800 1740 1887 1765 putant,

1037 1776 1090 1797 istas
1108 1776 1197 1803 species
1215 1776 1292 1803 potius
1308 1781 1359 1798 esse
1377 1775 1487 1797 divinitus
1510 1776 1635 1804 impressas
1659 1776 1719 1798 iuxta
1739 1776 1887 1804 indigentiam

1037 1818 1058 1837 et
1076 1814 1245 1837 inclinationem
1263 1816 1358 1836 naturae
1375 1815 1499 1842 angelicae.

1101 1854 1137 1876 iv.
1157 1853 1236 1876 Tertia
1259 1850 1416 1876 controversia
1439 1857 1474 1876 est
1499 1855 1558 1876 circa
1585 1854 1712 1876 doctrinam
1739 1855 1760 1876 S.
1785 1855 1889 1877 Thomae

1038 1893 1083 1918 (bic
1103 1899 1124 1921 q.
1144 1893 1164 1914 3.
1183 1899 1202 1914 a.
1221 1893 1247 1921 23
1265 1892 1287 1914 S.
1306 1893 1319 1914 l.
1338 1899 1360 1921 q.
1383 1892 1419 1914 55.
1438 1899 1458 1915 a.
1486 1893 1524 1921 3.)‚
1543 1893 1606 1921 quod
1623 1894 1703 1921 Angeli
1724 1896 1803 1915 natura
1821 1899 1889 1921 supe-

1037 1933 1110 1954 riores
1127 1932 1252 1959 intelligant
1269 1938 1311 1960 per
1328 1932 1506 1954 universaliores
1524 1935 1545 1954 et
1570 1933 1692 1960 pauciores
1709 1933 1805 1960 species.
1829 1933 1888 1955 Scot.

1038 1973 1084 1997 (liic
1102 1978 1124 2000 q.
1148 1972 1179 1993 10.
1198 1978 1219 1993 11.
1238 1971 1258 1993 6.
1278 1975 1353 2000 seqq.)
1372 1972 1415 1993 hoc
1433 1974 1508 2000 negat.
1526 1972 1655 1994 Sententiae
1673 1973 1794 2000 negativae
1812 1973 1888 1995 favent

1038 2011 1103 2039 plura
1121 2017 1133 2033 a
1157 2011 1179 2032 S.
1198 2010 1283 2033 Bonav.
1309 2010 1436 2033 incidenter
1453 2010 1511 2033 dicta
1536 2012 1572 2034 liic
1597 2014 1617 2033 ct
1646 2013 1771 2040 praecipue
1794 2013 1808 2034 1.
1828 2013 1888 2035 Sent.

1037 2050 1060 2072 d.
1079 2050 1115 2072 35.
1133 2057 1156 2079 q.
1175 2049 1194 2072 4.
1214 2050 1234 2071 111
1253 2056 1317 2078 corp.
1336 2052 1358 2072 et
1374 2049 1404 2072 ad
1422 2050 1442 2072 2.
1460 2062 1492 2066 —
1509 2050 1589 2073 Notata
1617 2050 1714 2078 dignum
1733 2055 1766 2073 est
1785 2051 1848 2080 quod
1866 2052 1888 2073 111

1038 2090 1104 2112 solut.
1130 2089 1159 2111 ad
1177 2088 1198 2111 4.
1216 2090 1237 2111 111
1256 2088 1300 2111 fine
1319 2089 1347 2111 de
1365 2089 1466 2111 humano
1485 2090 1598 2111 intellectu
1617 2090 1723 2118 docetur,
1750 2091 1797 2113 scil.
1816 2091 1889 2113 1101111-

1038 2135 1090 2151 nem
1109 2135 1120 2150 a
1139 2129 1255 2151 nativitate
1281 2134 1326 2150 non
1350 2127 1435 2150 habere
1461 2127 1617 2157 coqnitionem
1636 2135 1677 2151 nec
1695 2129 1794 2158 speciem
1810 2129 1890 2159 sinqu-

1039 2167 1142 2196 larimn,
1162 2174 1204 2190 nec
1221 2173 1372 2191 communem
1390 2173 1431 2189 nec
1447 2167 1573 2196 propriam
1591 2168 1640 2196 (cfr.
1661 2168 1673 2190 Ι.
1693 2168 1753 2190 Sent.
1772 2168 1793 2190 d.
1816 2168 1848 2190 17.
1866 2174 1888 2196 p.

1039 2207 1062 2229 11.
1081 2214 1102 2236 q.
1122 2206 1143 2229 li.
1162 2207 1255 2234 Senot).

1104 2246 1129 2268 V.
1143 2246 1175 2268 De
1187 2246 1316 2274 cognitione
1334 2246 1476 2274 Angelorum
1489 2245 1566 2274 quoad
1579 2247 1716 2274 praesentia,
1735 2247 1855 2274 praeterita
1868 2249 1890 2269 et

1039 2286 1113 2308 sutura
1140 2285 1294 2312 contingentia
1321 2284 1361 2306 cir.
1387 2284 1444 2306 infra
1462 2284 1484 2306 d.
1502 2284 1523 2306 7.
1542 2290 1564 2312 p.
1583 2285 1604 2306 ll.
1624 2291 1643 2306 a.
1666 2285 1683 2306 1.
1703 2291 1724 2313 q.
1748 2285 1793 2312 l-3;
1811 2285 1889 2314 quoad

1039 2328 1124 2348 secreta
1143 2324 1248 2347 cordium
1262 2324 1283 2346 d.
1297 2324 1318 2346 8.
1337 2330 1359 2352 p.
1378 2324 1401 2346 ll.
1419 2330 1441 2352 q.
1460 2324 1484 2351 63
1498 2323 1574 2352 quoru]
1588 2323 1640 2345 fidei
1653 2325 1763 2351 mysteria
1778 2324 1809 2346 111.
1828 2324 1889 2346 Sent.

1040 2365 1061 2387 d.
1080 2364 1116 2386 23.
1135 2370 1155 2386 a.
1174 2364 1194 2385 2,
1213 2370 1235 2392 q.
1254 2363 1275 2385 3.

1101 2403 1134 2424 De
1152 2403 1194 2424 liac
1211 2406 1233 2424 et
1250 2402 1357 2424 connexis
1375 2401 1561 2430 quaestionibus:
1578 2401 1640 2423 Alex.
1660 2401 1720 2430 Hah,
1740 2402 1762 2423 S.
1786 2408 1807 2429 p.
1826 2401 1848 2423 11.
1867 2408 1889 2430 q.

1040 2442 1076 2464 24.
1095 2448 1125 2464 m.
1144 2442 1165 2463 2.
1184 2441 1204 2463 3.
1222 2453 1253 2457 -
1270 2441 1337 2468 Seot„
1356 2441 1392 2463 1110
1409 2446 1430 2469 q.
1454 2440 1486 2462 lO.
1509 2441 1542 2469 ll,
1554 2442 1576 2462 et
1594 2440 1614 2462 d.
1634 2441 1654 2462 9.
1673 2447 1695 2469 q.
1709 2440 1839 2469 2;Rep01·t.
1854 2441 1890 2463 1110

1039 2488 1061 2510 (1.
1080 2482 1100 2503 2.
1119 2481 1140 2503 3.
1157 2492 1188 2496 —
1205 2480 1226 2502 S.
1246 2480 1337 2507 Tuom,
1357 2480 1393 2502 bic
1413 2486 1435 2508 q.
1454 2480 1474 2502 3.
1492 2486 1512 2501 a.
1535 2480 1552 2502 1.
1571 2480 1591 2501 2.
1611 2480 1637 2507 33
1660 2480 1682 2502 S.
1702 2480 1715 2502 i.
1733 2486 1755 2508 q.
1774 2480 1811 2502 55.
1830 2486 1850 2502 a.
1872 2481 1889 2503 1.

1040 2521 1060 2542 2.
1080 2520 1099 2548 3,
1119 2522 1140 2542 et
1157 2526 1178 2548 q.
1197 2519 1234 2541 56.
1252 2526 1272 2541 a.
1296 2520 1313 2541 1.
1337 2519 1364 2547 2;
1390 2519 1412 2541 S.
1435 2525 1454 2541 c.
1481 2519 1544 2541 Gent.
1571 2519 1594 2540 11.
1613 2525 1631 2541 0.
1651 2519 1748 2546 96-100;
1767 2519 1796 2542 de
1820 2519 1888 2542 Verit.

1040 2565 1061 2587 q.
1075 2559 1096 2580 S.
1109 2565 1128 2580 a.
1142 2558 1162 2580 8.
1177 2559 1198 2580 9.
1215 2570 1247 2574 —-
1264 2558 1287 2579 B.
1306 2557 1398 2585 Albert.,
1417 2558 1453 2579 bic
1471 2564 1493 2586 q.
1516 2557 1548 2579 15.
1571 2558 1608 2585 16;
1628 2559 1649 2580 S.
1664 2564 1686 2586 p.
1701 2558 1723 2580 il.
1737 2562 1763 2581 tr.
1778 2559 1798 2580 2.
1812 2565 1833 2587 q.
1857 2558 1889 2581 ii.

1039 2603 1070 2619 m.
1084 2598 1104 2619 3.
1118 2603 1137 2619 a.
1160 2597 1176 2618 l.
1196 2597 1216 2618 2.
1233 2608 1265 2612 ——
1282 2596 1339 2618 Petr.
1358 2603 1370 2618 a
1388 2596 1449 2624 Tar.⁷
1468 2597 1504 2619 1110
1522 2603 1543 2625 q.
1564 2596 1584 2618 4.
1602 2603 1621 2618 a.
1645 2597 1660 2618 1.
1676 2598 1696 2618 2.
1709 2608 1740 2613 -—
1753 2597 1859 2619 Ricliard.
1877 2603 1890 2619 a

1041 2636 1105 2663 Med„
1124 2637 1160 2658 bic
1177 2642 1196 2658 a.
1216 2636 1236 2658 6.
1256 2642 1277 2664 q.
1305 2636 1322 2658 1.
1341 2636 1361 2657 -2,
1379 2648 1411 2652 -
1428 2636 1502 2664 :EgitL
1521 2636 1553 2664 R„
1573 2637 1609 2658 liic
1627 2642 1649 2664 p.
1668 2637 1690 2658 ll.
1710 2643 1731 2665 q.
1751 2637 1771 2658 2.
1789 2643 1810 2659 a.
1833 2637 1849 2659 1.
1868 2637 1889 2659 2.

1039 2687 1071 2691 —
1088 2675 1155 2697 lieni.
1173 2675 1253 2703 Gand„
1272 2674 1354 2703 Quodl.
1373 2674 1393 2696 5.
1412 2681 1434 2704 q.
1457 2674 1489 2697 14.
1507 2687 1539 2691 -
1564 2675 1674 2703 Durand.,
1694 2676 1730 2698 1110
1748 2682 1769 2704 ([.
1788 2675 1808 2698 5.
1828 2676 1848 2698 6.
1867 2676 1888 2698 7.

1040 2726 1071 2730 —
1088 2714 1180 2741 Dionys.
1199 2712 1282 2740 Cartli.,
1301 2714 1337 2736 1110
1354 2720 1376 2742 q.
1395 2713 1415 2736 5.
1433 2726 1463 2730 —
1482 2714 1540 2742 Biel‚
1559 2714 1595 2736 hic
1613 2721 1634 2743 q.
1655 2715 1674 2736 2.

1107 2936 1116 2951 ³
1133 2936 1188 2960 Cod.
1206 2944 1232 2959 aa
1250 2937 1342 2965 supplet
1358 2938 1448 2967 posset,
1468 2937 1531 2966 quod
1549 2937 1615 2960 codd.
1641 2938 1659 2966 Q
1686 2937 1717 2960 bb
1743 2938 1763 2962 (a
1791 2938 1890 2960 secunda

1043 2979 1122 3004 manu)
1141 2977 1278 2999 interserunt
1295 2979 1347 3004 post
1363 2977 1384 2999 et
1400 2976 1527 3006 applicare.

1739 3028 1763 3050 16
