2243 3425
16 1645 119 1665 Conclusio.

54 1975 116 1994 Ratio.

726 150 810 178 DIST.
831 150 871 179 111.
894 151 920 179 P.
944 151 972 179 ll.
994 151 1066 179 ART.
1089 152 1118 180 ΙΙ.
1141 152 1276 189 QUAEST.
1300 153 1328 181 11.

227 226 252 254 [1.
276 226 352 260 Item,
374 226 424 254 lux
447 227 557 256 divinae
577 228 713 257 essentiae
728 231 770 257 est
784 236 871 265 supra
885 236 997 257 omnem

147 273 319 302 intellectum
335 278 471 308 creatum,
494 278 756 312 quantumcumque
771 275 818 304 ille
840 275 998 304 intellectus

147 320 181 349 sit
202 320 345 349 excellens
367 320 393 348 in
416 321 608 350 naturalibus:
631 329 698 358 ergo
727 330 870 358 nunquam
894 322 998 351 intelle-

146 371 207 396 ctus
229 370 340 396 creatus
367 367 392 395 iu
426 368 502 396 illam
536 368 699 397 intuendam
732 368 864 397 ascendet
892 369 996 398 virtute

146 422 212 448 sua,
235 414 286 442 nisi
308 414 383 442 Deus
405 415 609 443 condescendat
630 422 680 451 per
702 415 836 452 gratiam:
859 423 926 452 ergo
948 415 997 443 im-

145 461 277 498 possibile
298 465 356 495 est,
378 462 453 499 quod
476 462 596 498 Angelus
622 462 743 490 naturali
776 462 932 499 cognitione
954 470 995 491 co-

145 512 259 546 gnoscat
280 509 404 538 divinam
427 510 561 538 esentiam
585 509 610 537 in
635 517 664 538 se
687 509 776 546 ipsa¹.

225 557 249 584 5.
274 556 349 590 ltem,
371 556 459 584 multo
475 556 539 593 plus
560 559 601 585 est
624 556 698 584 Deus
720 564 806 593 supra
822 556 994 585 intellectum

143 603 314 640 angelicum,
336 611 420 640 quam
444 603 478 631 sit
500 603 620 639 Angelus
641 611 727 640 supra
750 603 922 632 intellectum
946 604 995 632 hu-

143 658 275 684 manum3
297 650 346 679 sed
369 650 453 679 homo
475 658 528 678 non
552 654 642 686 potest
664 658 745 679 nosse
767 651 918 687 Angelum,
941 651 992 679 nisi

142 697 262 734 Angelus
290 697 494 726 condescendat
526 698 565 726 ei:
589 705 655 734 ergo
688 705 738 726 uec
760 697 880 734 Angelus
904 698 992 734 ipsam

142 745 265 774 divinam
289 744 379 773 lucem
403 745 430 772 in
452 752 482 773 se
503 744 572 782 ipsa.

222 793 246 820 6.
270 791 352 826 ltem,
384 791 556 829 impossibile
577 796 635 826 est,
657 792 732 829 quod
764 792 867 829 aliquis
892 792 992 822 oculus

140 839 285 877 perveniat
313 840 348 868 ad
381 839 565 876 cognitionem
599 839 713 868 luminis
745 840 845 868 solaris
867 840 919 869 nisi
942 848 991 877 per

140 886 341 915 immissionem
370 886 515 915 radiorum
549 886 630 921 solis,
662 890 924 924 quantumcumque
946 887 992 915 ha-

139 933 203 961 beat
225 932 279 961 alia
301 932 419 961 lumina:
443 940 510 970 ergo
531 932 704 970 impossibile
720 936 776 967 est,
792 933 868 970 quod
890 933 991 971 aliquis

139 979 175 1008 ad
197 980 353 1009 contuitum
376 987 516 1017 supernae
545 979 615 1008 lucis
647 980 792 1017 perveniat
814 989 864 1017 per
886 981 991 1009 illumi-

138 1027 278 1055 nationem
311 1027 434 1064 aliquam
466 1026 643 1061 naturalem,
665 1027 709 1056 vel
731 1027 915 1065 acquisitam,
937 1028 989 1057 nisi

138 1073 213 1102 Deus
234 1081 302 1102 suae
329 1074 527 1103 luminositatis
548 1074 660 1102 radium
682 1074 849 1109 immittat&
872 1075 920 1104 sed
943 1075 991 1103 im-

139 1121 234 1150 missio
256 1121 325 1150 haec
348 1129 401 1149 non
423 1124 465 1150 est
486 1121 538 1149 nisi
561 1129 611 1158 per
643 1121 777 1158 gratiam:
801 1129 867 1158 ergo
890 1123 990 1159 impos-

138 1168 219 1197 sihile
240 1172 297 1203 est,
327 1169 402 1206 quod
431 1168 526 1206 aliqua
559 1172 704 1200 creatura.
727 1172 989 1206 quantumcumque

137 1215 253 1250 nobilis,
276 1215 399 1244 divinam
423 1216 514 1244 lucem
538 1216 564 1244 in
587 1224 615 1245 se
640 1216 698 1253 ipsa
723 1224 773 1253 per
795 1219 924 1245 naturam
948 1225 990 1245 co-

137 1265 258 1299 gnoscat.

453 1364 668 1385 CONCLUSIO.

136 1450 265 1489 1409θί118
286 1450 424 1479 rnaturali
444 1450 606 1487 coyut'tz'oue
627 1450 762 1479 diuinam
783 1450 939 1479 essentiam
957 1451 987 1478 111

332 1506 362 1526 se
385 1498 449 1534 ipsa
472 1497 568 1526 videre
588 1506 647 1525 11011
665 1501 789 1534 poterat.

215 1593 395 1621 RespoNnEo:
432 1592 607 1626 Dicendum,
629 1592 703 1629 quod
727 1592 847 1628 Angelus
863 1592 983 1620 naturali

135 1640 289 1676 cognitione
311 1639 433 1667 divinam
456 1639 605 1667 essentiam
634 1639 729 1667 videre
751 1647 805 1667 non
827 1642 936 1675 poterat
958 1639 984 1667 in

134 1687 274 1716 essentia³
294 1687 352 1716 sive
374 1686 499 1715 claritate
521 1695 580 1715 sua.
605 1687 634 1715 Et
656 1686 708 1715 hoc
724 1690 814 1723 patet.
836 1686 902 1723 quia
918 1687 985 1715 llaec

134 1734 253 1771 cognitio
274 1737 315 1763 est
336 1734 459 1771 primum
483 1734 655 1771 praemium,
682 1742 737 1770 quo
770 1733 880 1768 habito,
906 1741 985 1762 mens

133 1785 227 1810 creata
261 1781 378 1818 quiescit
414 1784 547 1818 tanquam
587 1781 666 1809 beata
698 1784 725 1809 et
756 1780 901 1818 perfecta,
934 1781 985 1809 hoc

132 1831 227 1857 autem
250 1828 406 1865 praemium
429 1836 511 1857 nemo
533 1828 638 1857 obtinet
659 1828 710 1856 nisi
733 1828 855 1865 gratuita
877 1827 924 1856 Dei
947 1828 985 1856 in-

132 1874 256 1904 fluentia.

212 1922 237 1950 Si
260 1925 353 1950 autem
377 1924 531 1958 quaeratur
554 1921 624 1949 ratio
646 1921 741 1956 huius,
768 1930 833 1950 sane
856 1922 909 1951 dici
939 1931 984 1959 po-

131 1972 199 2000 test.
232 1968 306 2006 quod
339 1968 433 1997 divina
464 1968 515 1996 lux
538 1971 653 2005 propter
675 1969 717 1997 sui
740 1969 919 1997 eminentiam
942 1972 983 1998 est

131 2015 330 2044 inaccessibilis
352 2015 460 2044 viribus
482 2015 572 2044 omnis
594 2019 711 2044 naturae
734 2019 856 2049 creatae3
878 2019 904 2045 et
920 2016 982 2045 ideo

130 2070 181 2099 per
203 2062 344 2099 quandam
368 2062 545 2098 benignitatis
577 2062 844 2090 condescensionem
866 2062 931 2091 facit
952 2071 981 2091 se

130 2109 273 2145 cognosci,
306 2109 343 2137 ita
375 2109 448 2146 quod
488 2109 513 2137 in
546 2108 594 2137 illa
625 2109 780 2145 cognitione
812 2117 981 2146 cognosceus

130 2156 219 2184 multo
241 2156 305 2193 plus
327 2161 455 2193 agatur,
478 2164 562 2193 quam
595 2161 674 2193 (19111.
698 2156 745 2184 itta
767 2160 860 2185 autem
884 2157 981 2185 coude-

128 2203 239 2231 scensio
262 2203 392 2232 honitatis
414 2203 481 2240 quid
504 2203 657 2240 gratuitum
688 2203 770 2233 dicit:
793 2204 841 2232 sed
864 2207 980 2239 constat,

129 2250 204 2287 quod
236 2258 290 2278 non
322 2250 388 2279 dicit
424 2250 534 2279 divinae
569 2251 705 2279 essentiae
738 2251 979 2286 humiliationem⁷

129 2297 194 2334 quia
215 2305 268 2325 non
291 2300 382 2334 potest
405 2297 555 2331 minorari,
578 2298 626 2326 sed
657 2297 723 2326 dicit
755 2297 875 2326 alicuius
908 2298 978 2326 radii

129 2345 278 2381 gratuitam
302 2344 518 2379 immissionem,
541 2353 591 2382 per
612 2353 696 2382 quam
726 2345 820 2373 anima
841 2345 915 2373 clare
938 2353 979 2374 co-

128 2392 247 2428 gnoscit,
269 2399 333 2420 cum
356 2395 397 2420 est
419 2391 554 2420 immissio
576 2392 602 2419 in
625 2392 814 2424 abundantia,
838 2392 910 2421 sicut
925 2393 978 2421 erit

128 2438 155 2466 in
178 2438 273 2475 gloria.
298 2439 328 2466 Et
349 2438 387 2467 ita
409 2439 529 2475 Angelus
551 2439 675 2467 divinam
691 2439 839 2467 essentiam
863 2447 916 2467 0011
933 2447 978 2476 po-

128 2488 181 2513 test
202 2493 251 2522 per
273 2489 401 2514 naturam
425 2493 592 2522 cognoscere
614 2485 640 2513 in
664 2494 691 2514 se
708 2486 780 2522 ipsa.
796 2486 868 2514 sicut
889 2489 978 2514 osten-

190 2605 197 2620 1
215 2606 269 2628 Fide
287 2606 354 2628 codd.
373 2607 390 2628 A
400 2606 418 2628 11
428 2606 559 2634 MNsz
577 2613 602 2629 aa
620 2606 652 2629 bl]
672 2613 697 2629 cc
722 2610 744 2629 et
764 2607 800 2629 ed.
829 2608 833 2629 1
861 2608 977 2635 supplevi-

127 2651 179 2667 mus
196 2644 222 2667 iu
238 2651 262 2667 se
279 2644 339 2674 ipsa.

189 2683 197 2697 2
216 2683 260 2705 Csr.
278 2683 346 2705 Liber
363 2683 392 2705 dc
418 2684 502 2711 Spiritu
525 2687 547 2706 et
569 2685 644 2706 anima
670 2685 737 2709 (inter
763 2691 833 2712 opera
855 2685 976 2714 August),

126 2728 145 2744 c.
169 2723 200 2744 12.
219 2734 250 2738 —
267 2723 335 2744 Paulo
353 2724 461 2750 superius
478 2723 579 2745 nonnulli
597 2723 664 2745 codd.
683 2730 735 2745 cum
755 2724 790 2746 ed.
814 2725 818 2746 1
840 2728 862 2747 et
879 2725 929 2746 Vat.
946 2723 977 2746 ad

126 2761 283 2791 coquitfonem
301 2767 343 2789 pro
360 2761 392 2783 ad
408 2761 549 2784 contuitum.

188 2800 198 2815 3
215 2800 270 2822 Cod.
290 2800 304 2821 F
322 2800 347 2822 111
363 2806 387 2822 se
404 2800 462 2829 ipsu.
481 2801 602 2828 Aliquanto
620 2801 714 2823 inferius
731 2801 782 2823 cod.
808 2807 834 2823 cc
856 2804 877 2823 et
900 2801 936 2824 ed.
967 2803 971 2823 1

121 2840 221 2868 propter
238 2838 277 2861 sut
293 2838 457 2861 ezcelleult'um
474 2845 517 2866 pro
533 2840 630 2868 propter
646 2839 685 2861 sui
701 2839 859 2863 eminentiam.

188 2878 196 2893 ⁴¹
215 2878 270 2906 Cap.
292 2879 309 2900 t.
327 2878 340 2906 (ξ,
358 2878 387 2903 3,
406 2877 445 2900 ubi
463 2878 541 2905 docet,
560 2878 622 2907 quod
648 2878 687 2900 Dei
712 2885 786 2907 neque
815 2879 883 2902 dictio
901 2886 976 2909 neque

125 2918 271 2946 intelligentia
285 2918 319 2944 sit,
338 2918 391 2946 quia
410 2918 497 2939 cunctis
515 2918 597 2939 creatis
617 2919 837 2946 superessentialiter
854 2920 939 2942 eminet
955 2924 977 2942 et

125 2957 216 2984 penitus
241 2961 275 2979 est
292 2956 482 2985 incognoscibilis.

1854 158 1907 186 123

1056 229 1127 258 dunt
1149 230 1270 259 rationes
1286 231 1432 266 inductae,
1447 236 1474 261 et
1490 233 1562 261 sicut
1577 233 1718 270 colligitur
1740 242 1756 262 a
1777 234 1908 272 Dionysio

1056 276 1082 303 in
1105 277 1242 313 principio
1264 278 1396 314 mysticae
1419 279 1613 316 Theologiae‘.

1139 324 1160 350 1.
1183 323 1222 351 Ad
1244 324 1313 352 illud
1336 332 1403 362 ergo
1425 326 1499 362 quod
1522 326 1669 362 obiicitur,
1691 328 1766 364 quod
1789 331 1831 357 est
1853 329 2040 363 dei-Solutioow

1054 370 1152 398 formis
1172 378 1223 407 per
1245 374 1391 406 naturam3
1424 373 1591 407 dicendum,
1618 374 1693 411 quod
1717 375 1769 404 lioc
1792 384 1845 404 non
1869 376 1908 404 di-
1929 363 2039 383 ‘mmmm'

1054 417 1142 452 citur,
1174 418 1240 454 quia
1271 418 1372 447 haheat
1404 419 1633 455 deiformitatem,
1655 429 1739 458 quam
1763 422 1847 451 habet
1870 423 1907 452 10-

1054 464 1182 493 tellectus
1203 465 1342 501 gloriosus
1371 474 1421 502 per
1453 467 1698 502 assimilationem,
1720 477 1792 505 quae
1815 473 1857 498 est
1878 470 1905 499 in

1053 515 1126 540 statu
1149 512 1280 548 perfecto,
1302 513 1351 541 sed
1373 512 1527 550 deiformis
1555 515 1671 550 dicitur,
1693 517 1759 553 quia
1780 517 1840 546 sine
1862 526 1907 546 su-

1053 557 1193 594 sceptione
1215 559 1383 595 specierum,
1405 567 1455 596 per
1477 560 1504 588 id
1521 561 1596 597 quod
1619 561 1703 590 habet
1725 563 1751 591 in
1775 571 1819 598 se,
1841 568 1906 593 actu

1053 605 1201 641 cognoscit.

1133 653 1158 680 2.
1181 652 1219 680 Ad
1242 651 1311 680 illud
1334 653 1409 689 quod
1431 653 1575 688 obiicitur,
1596 655 1671 691 quod
1694 659 1735 684 est
1757 657 1905 693 speculum

1052 698 1179 731 clarum;
1211 699 1378 733 dicendum,
1411 700 1486 736 quod
1519 701 1594 729 Deus
1626 702 1746 739 refulget
1778 704 2033 732 11101110111011111111ηῃ4

1051 748 1181 773 creatura
1220 748 1353 782 tanquam
1386 754 1470 775 causa
1507 748 1532 775 in
1563 746 1666 785 effecta
1696 757 1767 782 suo,
1802 754 1828 778 et
1867 759 1902 779 ex

1050 792 1181 821 omnibus
1212 796 1302 830 potest
1334 794 1478 830 cognosci,
1511 798 1537 823 et
1559 795 1683 824 maxime
1705 796 1732 824 10
1755 801 1901 833 creatura,

1049 847 1122 876 quae
1144 839 1233 876 ipsius
1254 839 1301 868 Dei
1329 843 1371 869 est
1403 840 1534 877 insignita
1565 841 1694 879 imagine.
1717 843 1771 872 Sed
1794 843 1842 872 illa
1864 852 1904 873 re-

1049 886 1184 923 fulgentIa
1206 886 1338 921 luminis,
1360 895 1411 924 per
1432 896 1517 925 quam
1539 888 1652 917 videtur
1674 889 1750 918 Deus
1770 888 1850 926 facie
1864 891 1905 919 ad

1047 931 1189 970 faciem&
1212 942 1266 962 000
1298 938 1340 963 est
1369 938 1502 970 naturae,
1535 935 1584 964 sed
1611 936 1854 966 condescensionis
1876 941 1903 967 et

1048 981 1162 1017 gratiae.
1184 981 1238 1010 Nec
1259 984 1301 1010 est
1323 981 1413 1011 simile
1435 982 1470 1011 de
1492 982 1553 1011 luce
1586 983 1741 1020 corporali,
1763 992 1835 1021 quae
1858 993 1904 1014 na-

1048 1027 1177 1057 turaliter
1204 1028 1295 1057 influit
1328 1028 1422 1058 lumen
1457 1030 1484 1058 in
1518 1030 1586 1059 haec
1615 1030 1762 1066 inferiora3
1785 1039 1839 1060 0011
1863 1032 1903 1061 sic

1048 1074 1131 1104 dehet
1151 1075 1266 1112 intelligi
1289 1076 1324 1105 de
1347 1076 1408 1105 luce
1430 1080 1552 1105 aeterna.

1127 1122 1152 1151 3.
1175 1123 1214 1151 Ad
1236 1122 1307 1151 illud
1330 1123 1405 1160 quod
1420 1123 1560 1159 obiicitur,
1576 1124 1651 1162 quod
1675 1125 1751 1154 Deus
1772 1133 1903 1162 praesen-

1047 1169 1149 1198 tialiter
1182 1174 1223 1198 est
1255 1171 1281 1198 in
1314 1170 1407 1199 anima
1439 1174 1490 1200 etc.
1500 1182 1507 1205 ;
1539 1171 1704 1206 dicendum,
1738 1173 1813 1210 quod
1840 1181 1901 1202 esse

1046 1217 1270 1253 praesentialiter
1292 1217 1344 1246 hoc
1366 1222 1407 1246 est
1422 1217 1587 1255 dupliciter:
1605 1219 1648 1247 vel
1664 1222 1695 1247 ut
1712 1220 1899 1257 principium
1929 1227 2032 1249 nanneno

1045 1271 1224 1292 conservans
1245 1267 1272 1293 et
1294 1265 1450 1299 continens,
1473 1265 1517 1293 vel
1533 1268 1564 1294 111
1580 1265 1721 1295 οΜεσῐ11111
1736 1267 1899 1296 immutans
1912 1253 2002 1272 ”manda

1045 1314 1072 1338 et
1094 1318 1218 1339 movens.
1241 1311 1333 1339 Primo
1355 1312 1438 1340 modo
1460 1316 1501 1341 est
1523 1312 1597 1341 Deus
1625 1321 1759 1349 praesens
1782 1315 1898 1351 Auge10,

1045 1361 1072 1386 ct
1094 1358 1145 1386 lux
1168 1358 1282 1393 caeco&
1304 1359 1428 1387 secundo
1450 1360 1534 1388 modo
1556 1368 1618 1388 non.
1642 1361 1673 1389 Et
1695 1361 1757 1389 ideo
1778 1369 1832 1389 non
1856 1365 1898 1391 est

1045 1404 1135 1432 simile
1157 1405 1192 1433 de
1213 1405 1306 1433 anima
1328 1409 1355 1434 et
1386 1407 1447 1435 eius
1480 1406 1638 1441 habitibus,
1665 1408 1796 1444 quoniam
1819 1417 1897 1445 prae-

1044 1455 1136 1480 sentes
1159 1456 1224 1480 sunt
1255 1452 1364 1481 animae
1396 1457 1517 1490 utroque
1551 1454 1641 1482 modo.
1666 1455 1696 1483 Et
1718 1455 1790 1483 ratio
1811 1456 1897 1485 huius

1044 1502 1093 1533 est,
1116 1500 1248 1536 quoniam
1272 1500 1340 1528 haec
1371 1501 1568 1537 cognoscibilia
1589 1510 1643 1529 non
1667 1503 1897 1539 superexcedunt

1044 1547 1236 1584 cognoscentis
1258 1548 1410 1584 potentiam
1433 1552 1459 1576 et
1482 1552 1621 1577 naturam.

1124 1595 1149 1622 [ι.
1174 1595 1211 1622 Ad
1234 1594 1303 1623 illud
1326 1595 1401 1631 quod
1423 1595 1569 1629 obiicitur,
1591 1596 1665 1633 quod
1696 1600 1746 1625 aut
1767 1605 1817 1634 per
1838 1605 1896 1634 spe-

1044 1642 1131 1670 ciem.
1153 1645 1202 1670 aut
1223 1649 1274 1678 per
1295 1642 1443 1670 essentiam
1466 1646 1534 1676 etc.;
1556 1642 1724 1675 dicendum,
1747 1644 1821 1681 quod
1851 1645 1897 1673 ad-

1044 1688 1100 1716 huc
1132 1692 1173 1716 est
1206 1688 1304 1717 tertius
1338 1688 1438 1717 modus
1471 1690 1675 1726 cognoscendi,
1709 1690 1813 1719 scilicet
1845 1699 1895 1728 per

1885 1738 1888 1741 .
1910 1722 1975 1740 modus
1985 1730 2014 1742 co-

1044 1732 1167 1771 esfeetus.
1190 1734 1372 1771 Cognoscitur
1400 1739 1494 1764 autem
1525 1736 1600 1764 Deus
1622 1745 1672 1773 per
1694 1736 1809 1774 effectus
1831 1738 1897 1765 vz'st-
1910 1748 2015 1789 fflffienmt

1973 1785 1977 1792 ‚
1996 1777 2006 1789 e

1044 1780 1111 1809 biles
1134 1785 1160 1809 et
1182 1789 1232 1818 per
1253 1781 1437 1810 substautias
1458 1783 1630 1819 spirituales
1656 1787 1683 1812 et
1705 1792 1755 1821 per
1777 1784 1897 1821 iuflueu-
1910 1798 1944 1816 per
1971 1795 2015 1813 eiu.

1043 1827 1116 1856 tiam
1148 1828 1269 1856 [1111111113
1302 1829 1508 1857 connaturalis
1540 1831 1680 1867 potentiae
1702 1832 1894 1869 cognoscenti,
1910 1818 2014 1863 f›¹1¹1¹tfi'10r¹.r¹‘

1041 1874 1117 1911 quod
1145 1879 1210 1903 «est
1232 1875 1386 1904 similitudo
1419 1877 1556 1913 quaedam
1587 1877 1634 1905 Dei
1658 1886 1712 1906 non
1738 1879 1894 1909 abstracta.

1041 1922 1090 1951 sed
1112 1922 1219 1957 infusa,
1242 1923 1354 1951 inferior
1377 1923 1448 1958 Deo,
1470 1924 1537 1960 quia
1558 1925 1584 1952 in
1608 1925 1730 1953 inferiori
1753 1929 1894 1959 natura»,

1041 1969 1113 1998 sicut
1134 1970 1201 1998 dicit
1222 1971 1394 2007 Augustinus
1416 1971 1441 1999 111
1465 1979 1537 1999 0000
1569 1972 1603 2000 de
1627 1972 1776 2007 Trinitate,
1799 1976 1825 2001 et
1848 1973 1894 2001 ha-

1041 2016 1129 2045 bitum
1152 2020 1193 2046 est
1215 2017 1241 2045 in
1264 2017 1382 2054 primo⁷.
1406 2018 1436 2046 Et
1457 2018 1494 2047 ita
1518 2019 1703 2056 respondetur
1720 2020 1757 2048 illi
1775 2020 1892 2055 rationi,

1039 2064 1114 2100 quod
1136 2064 1263 2101 procedit
1284 2072 1320 2093 ex
1343 2065 1485 2093 divisione
1507 2066 1703 2104 insufficienti.

1119 2112 1144 2139 ὃ
1167 2112 1205 2140 Ad
1229 2111 1296 2140 illud
1321 2112 1396 2149 quod
1419 2112 1549 2141 obiicimr
1571 2113 1606 2141 de
1629 2114 1778 2148 velatione,
1801 2114 1892 2142 dicen-

1038 2157 1123 2189 dum,
1145 2158 1220 2195 quod
1244 2167 1300 2186 11011
1329 2167 1414 2195 posse
1441 2160 1608 2197 pertingere
1629 2160 1670 2188 acl
1691 2160 1822 2189 (tlicuz'us
1849 2169 1891 2189 co-

1035 2205 1212 2241 ym'tz'ouem,
1240 2205 1292 2234 hoc
1324 2209 1366 2234 est
1398 2206 1560 2243 dupliciter:
1591 2207 1633 2235 vel
1656 2211 1771 2244 propter
1797 2208 1890 2236 cordis
1912 2223 2019 2242 Distinetm.

1037 2251 1261 2286 obscuritatem,
1286 2253 1328 2281 vel
1350 2258 1465 2290 propter
1487 2254 1681 2290 cognoscibilis
1700 2253 1889 2291 profundita-

1037 2302 1100 2326 tem.
1123 2299 1148 2326 Si
1172 2299 1262 2335 primo
1285 2299 1380 2334 modo,
1403 2300 1441 2328 sic
1463 2300 1566 2328 dicitur
1589 2301 1718 2337 impediri
1736 2301 1888 2335 velatioue3

1036 2345 1058 2373 si
1086 2346 1209 2373 secundo
1232 2346 1329 2377 modo,
1352 2346 1391 2374 sic
1413 2346 1565 2383 impeditur
1594 2355 1648 2375 non
1671 2351 1786 2384 propter
1807 2348 1888 2376 inter-

1035 2393 1199 2428 positionem
1223 2393 1383 2421 velaminis.
1406 2394 1453 2421 sed
1477 2397 1591 2430 propter
1623 2394 1823 2423 sublimitatem
1846 2403 1888 2423 co-

1034 2439 1203 2475 gnoscibilis.
1227 2439 1318 2467 Primo
1345 2440 1428 2468 modo
1459 2440 1612 2477 impeditur
1634 2441 1718 2469 110100
1739 2445 1884 2478 peccator,

1035 2485 1158 2514 secundo
1180 2485 1262 2514 modo
1284 2486 1412 2523 Angelus.
1436 2487 1511 2515 Unde
1534 2495 1582 2516 nec
1604 2488 1718 2517 videbat
1739 2488 1792 2517 sul)
1813 2488 1887 2516 vela-

1940 1699 2014 1722 Triplex

1096 2607 1106 2621 5
1123 2608 1191 2635 Epist.
1210 2608 1224 2629 1.
1242 2606 1293 2629 Cor.
1315 2608 1353 2635 13,
1377 2608 1408 2630 12.

1096 2646 1105 2660 ⁶
1123 2647 1232 2674 August,
1251 2647 1273 2668 in
1292 2647 1351 2668 loau.
1370 2650 1432 2669 tract.
1455 2648 1472 2669 1.
1491 2653 1512 2669 n.
1535 2648 1573 2669 19:
1592 2647 1715 2675 Quomodo
1734 2648 1803 2670 110100
1826 2649 1884 2676 posi-

1034 2689 1070 2707 tus
1088 2686 1109 2707 in
1127 2686 1174 2707 sole
1191 2692 1285 2713 caecus,
1305 2692 1414 2713 praesens
1434 2690 1468 2709 est
1486 2687 1515 2708 1111
1533 2687 1582 2714 sol,
1601 2686 1641 2709 scd
1660 2687 1708 2715 ipse
1734 2687 1775 2709 soli
1801 2687 1884 2709 absens

1033 2728 1079 2751 esu
1103 2726 1135 2747 sie
1155 2726 1230 2747 omnis
1253 2725 1347 2753 stultus,
1371 2726 1445 2747 omnis
1469 2726 1572 2754 iniquus,
1594 2727 1669 2748 onmis
1691 2727 1776 2754 impius
1801 2732 1884 2749 caecus

1033 2767 1068 2786 est
1084 2763 1154 2786 corde
1171 2766 1212 2786 etc.
1230 2776 1261 2780 —
1279 2763 1333 2786 Cod.
1352 2770 1377 2786 aa
1397 2765 1423 2786 ut
1440 2763 1485 2787 tuse
1502 2771 1577 2788 caeco.

1096 2802 1105 2817 ⁷
1122 2802 1177 2825 Dist.
1196 2803 1216 2824 3.
1235 2809 1256 2830 p.
1281 2803 1294 2825 1.
1318 2810 1340 2832 q.
1370 2804 1387 2825 1.
1416 2804 1445 2832 nd
1470 2804 1499 2832 5,
1518 2804 1557 2826 ubi
1581 2804 1651 2827 verba
1677 2806 1813 2834 Augustini,
1840 2806 1881 2828 loc.

1033 2843 1068 2864 cit.
1095 2848 1114 2864 c.
1145 2842 1177 2863 11.
1204 2848 1224 2864 n.
1256 2842 1288 2864 16.
1316 2843 1457 2871 allegantur,
1485 2847 1506 2866 et
1532 2850 1553 2872 q.
1581 2845 1601 2866 2.
1628 2844 1657 2866 ad
1684 2844 1712 2873 4,
1739 2844 1777 2867 ubi
1801 2846 1882 2873 triplex

1034 2880 1121 2908 gradus
1138 2887 1247 2903 ascensus
1264 2882 1286 2903 in
1304 2881 1377 2903 Deum
1396 2885 1535 2904 recensetur.
1553 2895 1584 2899 —
1601 2883 1670 2905 Paulo
1689 2884 1797 2911 superius
1813 2884 1880 2906 codd.

1033 2920 1076 2942 LO
1090 2920 1209 2949 potentiae
1227 2921 1383 2950 coynoscendi
1399 2928 1441 2949 pro
1458 2922 1574 2951 potentiae
1592 2923 1747 2952 coqnoscentt.
