2243 3425
14 2410 27 2428 Α
34 2411 104 2435 opposi-

35 2439 71 2452 um.

712 227 795 255 DIST.
817 226 904 255 xxxi.
928 226 998 254 ART.
1022 226 1050 254 ΙΙ.
1072 225 1206 262 ΟΠΑΕΞΤ.
1230 226 1257 254 ΙΙ.
1802 225 1817 252 7

1822 225 1837 252 ΟΕ

1843 225 1853 252 ,ἡ

855 355 1115 391 SGHOLION.

174 456 187 478 l.
206 456 338 478 Secundum
358 450 484 478 doctrinam
503 455 525 477 S.
543 455 654 483 Anselmi,
674 456 710 477 liic
727 456 748 477 in
767 461 830 483 corp.
849 456 954 484 relatam,

109 500 214 525 persona
224 496 254 523 (in
265 495 337 517 Adam
348 495 465 523 peccante)
475 494 551 517 infecit
562 496 674 521 naturam,
687 495 778 517 natura
790 498 866 517 autom
879 496 955 517 vitiata

112 534 180 557 inficit
192 540 314 563 personam
327 535 348 556 in
361 535 457 562 posteris
469 535 525 556 eius.
539 534 630 556 Infectio
642 536 719 555 autem
731 536 826 556 naturae
838 540 891 556 cum
906 535 955 562 ipsa

111 576 190 595 natura
212 578 255 595 uon
278 573 357 595 transit
369 572 397 594 ad
410 573 510 594 animam
522 574 544 594 et
555 577 679 600 personam
695 574 842 600 posterorum
860 573 901 594 nisi
915 578 955 600 per

111 614 186 634 actum
204 612 356 640 generationis
369 611 400 638 (S.
416 611 505 639 Τ110111.,
524 610 552 633 (10
564 611 632 639 Malo,
646 617 666 639 q.
686 610 706 632 4.
723 617 742 633 a.
755 611 776 632 (3.
789 610 818 633 ad
835 611 885 639 10.).
900 611 956 634 Hinc

110 651 225 680 sequitur,
244 650 306 679 quod
327 658 337 670 <z
354 652 475 678 peccatum
492 650 602 678 originale
620 649 687 672 habet
704 656 840 678 processum
857 656 870 671 a
888 656 955 672 carne

111 689 140 712 ad
157 690 277 712 animam»
294 688 371 717 (idem,
389 689 411 711 S.
429 689 443 711 l.
462 688 484 710 ll.
503 695 525 717 q.
544 689 580 711 83.
599 695 617 711 a.
637 688 657 711 3.
675 688 705 711 ad
718 689 756 717 2.).
769 689 867 711 -Huic
879 692 955 711 autem

111 728 200 751 obstare
214 728 320 750 videntur
333 728 410 756 plures
422 727 566 750 difficultates
578 728 742 756 gravissimae,
760 734 859 756 quarum
876 727 956 757 prima

111 769 155 795 est,
174 767 237 796 quod
254 773 307 789 caro
325 767 418 795 proprie
435 772 506 796 acere
522 766 548 789 iu
559 766 666 789 antinum
684 772 728 788 non
747 768 828 794 potest.
846 766 880 788 Ad
897 767 956 789 lianc

111 807 266 830 difficultatem
277 806 413 829 solvendam
424 806 445 828 S.
459 806 544 828 Bonav.
557 807 627 828 utitur
639 805 726 834 triplice
740 805 883 829 distinctIOne
896 801 964 828 circa

112 846 208 869 modum
225 845 308 874 agendi
327 847 348 868 in
366 846 469 874 alterum,
488 849 512 868 et
526 846 616 873 asserit,
635 845 678 867 1100
696 845 743 868 fieri
759 853 769 865 «
780 848 874 873 propter
891 843 956 868 coili—

112 884 219 914 gnmtium
231 892 241 904 u
263 883 295 911 (in
313 883 356 906 fine
374 890 437 912 corp.
455 887 478 906 et
494 883 551 906 infra
569 890 590 912 q.
610 883 648 911 2.).
662 882 778 906 Consentit
789 884 810 905 S.
825 883 907 905 Thom.
920 882 954 911 (11.

111 924 170 946 Sent.
189 923 211 945 d.
230 923 266 945 30.
279 929 300 951 q.
319 923 334 944 1,
348 929 367 944 a.
381 923 401 944 2.
415 922 444 945 ad
462 922 492 950 5.)
512 922 604 945 dicens:
624 930 634 943 «
648 923 728 944 Anima
747 928 791 945 non
804 922 902 945 inficitur
914 928 956 950 per

111 962 255 984 infectionem
273 962 387 989 corporis,
406 962 471 990 quasi
489 967 585 989 corpore
603 965 685 989 agente
697 962 718 983 in
732 962 843 988 animam,
861 960 902 983 sed
915 966 956 988 per

111 1001 227 1030 quandam
245 1000 446 1024 collimitationem
464 1001 532 1023 unIus
549 1000 578 1023 ad
596 1001 692 1023 alterum
706 1007 725 1022 ».
744 1013 774 1016 —
791 1000 845 1023 Alia
861 1000 956 1023 difficul·

111 1042 144 1062 tas
162 1042 207 1067 est,
226 1040 289 1068 quod
307 1045 360 1062 cum
377 1046 419 1062 nec
437 1045 493 1063 caro
511 1045 553 1062 nec
569 1045 648 1062 semen
665 1039 793 1062 subiectum
817 1045 867 1062 esse
885 1039 956 1067 possit

110 1079 209 1107 peccati,
222 1085 267 1101 non
279 1082 385 1108 apparet,
397 1078 515 1108 quomodo
528 1077 617 1108 efficere
628 1080 727 1107 possint,
740 1081 765 1101 ut
776 1082 896 1107 peccatum
907 1077 956 1107 for-

110 1117 205 1141 maliter
222 1118 250 1140 sit
267 1118 288 1139 in
306 1118 389 1140 anima.
408 1117 433 1139 Et
448 1118 572 1146 peccatum
583 1117 716 1145 intelligitur
733 1118 769 1139 1110
787 1123 831 1139 11011
849 1120 895 1139 tam
912 1116 956 1139 sub

111 1158 197 1180 ratione
214 1156 296 1186 culpae
314 1157 384 1186 (quae
401 1163 413 1179 a
431 1157 505 1184 stipite
531 1157 624 1179 humani
647 1157 738 1184 generis
755 1156 872 1179 actualiter
894 1162 957 1178 com-

111 1197 187 1224 missa,
200 1195 324 1219 moraliter
341 1199 428 1219 tantum
446 1196 525 1218 transit
536 1195 565 1218 ad
577 1195 681 1218 eiusdem
693 1195 816 1224 membra),
830 1201 900 1224 quam
912 1194 956 1217 sub

112 1236 199 1258 ratione
216 1235 376 1265 corruptionis
393 1236 415 1258 et
430 1234 563 1258 vitiositatis
582 1235 631 1257 sive
649 1241 735 1263 pravae
752 1235 956 1263 concupiscentiae,

111 1280 182 1303 quam
207 1273 313 1297 Richard.
331 1281 343 1296 a
361 1274 418 1296 Med.
437 1274 483 1302 <hic
501 1280 520 1296 a.
539 1274 559 1295 2.
579 1280 600 1302 q.
623 1274 649 1302 1.)
669 1273 769 1296 declarat
785 1280 836 1296 esse
857 1282 866 1293 a
880 1279 957 1296 neces-

111 1313 200 1335 sitatem
226 1312 326 1335 habendi
352 1312 468 1335 interdum
486 1313 623 1341 pronitatem
641 1312 669 1334 ad
688 1312 788 1341 aliquam
806 1312 957 1334 inordinatam

111 1352 250 1379 motionem,
273 1351 366 1380 quando
392 1352 475 1379 poterit
500 1352 561 1374 exire
579 1352 601 1373 in
620 1353 695 1373 actum
709 1359 729 1372 ».
748 1351 782 1373 Ad
800 1351 858 1373 lianc
880 1354 956 1373 autem

112 1390 268 1413 difficultatem
279 1389 425 1412 enodandam
434 1389 455 1411 S.
467 1389 552 1412 Bonav.
562 1395 616 1412 cum
628 1390 676 1412 aliis
689 1389 833 1412 Scholasticis
845 1389 956 1418 concedit,

112 1432 232 1458 peccatum
254 1436 297 1452 non
315 1435 365 1451 esse
389 1430 410 1451 in
431 1435 499 1451 carne
520 1428 656 1457 sorumtiter
674 1429 719 1456 (1110
736 1432 788 1451 ante
806 1429 875 1451 tinem
893 1435 956 1457 corp.

111 1472 133 1491 et
149 1469 178 1491 ad
201 1469 235 1497 1.),
251 1468 292 1491 sed
305 1470 392 1491 tantuin
409 1468 564 1491 materialiter
581 1472 603 1490 et
621 1467 753 1491 virtualiter
766 1468 797 1495 (S.
811 1469 901 1496 Thom.,
915 1469 956 1491 loc.

112 1510 147 1531 cit.
173 1508 201 1531 ad
221 1508 248 1536 4;
267 1507 296 1530 de
317 1508 386 1535 Malo,
405 1514 426 1537 q.
446 1507 465 1529 4.
484 1514 503 1530 a.
522 1508 542 1534 3,
561 1514 580 1529 a.
607 1507 628 1529 ὅ.
646 1507 675 1529 ad
706 1508 741 1535 1.),
766 1511 788 1530 01
813 1507 908 1536 quidem
930 1514 957 1530 eo

112 1553 191 1575 sensu,
210 1547 273 1575 quod
285 1550 307 1569 et
318 1553 371 1569 caro
383 1549 404 1569 et
421 1550 485 1569 actus
502 1547 655 1574 generationis
673 1552 717 1568 non
736 1545 834 1568 habeant
846 1547 957 1568 rationem

114 1592 196 1609 causae
221 1585 376 1615 principalis,
404 1585 445 1608 sed
471 1587 559 1608 tantum
580 1584 756 1608 «instrumenti
771 1586 793 1607 et
808 1584 932 1613 deferentis
944 1593 954 1605 n

113 1625 159 1655 (liic
175 1625 204 1648 ad
222 1625 247 1653 53
265 1625 304 1647 cfr.
323 1625 344 1647 S.
363 1625 454 1653 Tliom.‚
472 1624 501 1647 de
518 1624 582 1652 Malo,
600 1630 622 1653 q.
642 1623 662 1646 4.
681 1630 700 1646 a.
719 1623 747 1651 3,
766 1624 787 1645 S.
806 1624 819 1645 l.
839 1624 861 1646 ll.
880 1630 902 1652 q.
920 1624 957 1646 83.

112 1672 132 1688 a.
147 1664 184 1693 1.).
197 1665 269 1687 11111110
285 1665 397 1687 vitiositas
414 1664 450 1686 illa
467 1665 597 1692 generantis
616 1669 657 1691 per
676 1669 701 1685 50
717 1663 788 1685 solam
807 1669 851 1685 non
869 1663 958 1686 vitiaret

113 1705 212 1727 animam
223 1705 331 1732 generati,
342 1704 383 1726 nisi
394 1709 447 1726 cum
459 1705 539 1726 natura
551 1702 653 1732 deferret
661 1706 780 1731 peccatum
790 1706 812 1725 et
821 1703 958 1730 pravitatem

114 1745 186 1772 ipsius
203 1743 277 1771 Adae,
296 1744 361 1766 cuius
372 1746 425 1766 sunt
443 1743 508 1772 quasi
520 1743 670 1765 instrumenta
683 1743 768 1770 posteri
780 1742 829 1764 eius
842 1742 863 1764 in
877 1747 958 1770 propa·

114 1783 189 1812 ganda
201 1786 288 1805 natura.
301 1782 365 1805 Unde
378 1788 438 1804 nunc
450 1781 532 1805 accidit
543 1782 682 1804 contrarium
695 1782 744 1803 eius
756 1780 819 1809 quod
837 1781 958 1809 evenisset,

113 1824 131 1845 si
143 1821 215 1844 Adam
226 1822 328 1844 stetisset.
343 1821 408 1844 Tunc
417 1821 478 1843 enim
488 1823 624 1849 generantes
635 1826 677 1848 per
689 1822 765 1842 actum
778 1819 801 1841 in
813 1825 837 1842 se
848 1820 958 1842 sanctum

114 1864 135 1884 et
151 1861 238 1884 virtute
255 1860 361 1890 Spiritus
379 1859 402 1883 S.
419 1859 573 1888 fecundatum
596 1860 722 1888 potuissent
740 1859 761 1881 in
783 1862 904 1887 generatos
922 1857 959 1881 de-

113 1900 177 1930 ferre
194 1900 223 1922 ab
240 1901 290 1928 ipso
316 1900 390 1928 capite
407 1903 429 1922 et
446 1899 520 1927 stipite
538 1899 629 1927 generis
647 1899 741 1921 humani
759 1904 813 1921 cum
831 1900 911 1921 natura
929 1900 958 1920 to-

114 1943 159 1962 tam
177 1940 284 1962 iustitiam
301 1939 443 1967 originalem.

1077 455 1199 483 Quomodo
1217 458 1294 478 autem
1312 455 1334 478 id
1352 455 1415 484 quod
1438 458 1524 478 tantum
1541 454 1698 478 materialiter
1715 458 1736 478 et
1752 454 1858 478 virtuali-

1013 495 1048 517 ter
1065 497 1099 516 est
1115 495 1137 516 in
1155 500 1233 522 carne,
1260 495 1332 522 possit
1354 494 1449 516 transire
1467 493 1495 516 ad
1513 495 1626 521 animam,
1644 496 1669 516 ut
1685 494 1713 517 sit
1730 495 1751 516 in
1769 500 1796 516 ea
1812 492 1859 522 for·

1012 532 1122 561 vitaliter,
1151 532 1223 555 tribus
1248 533 1358 561 exemplis
1384 533 1442 561 aptis
1468 533 1606 561 Serapliicus
1629 533 1730 556 illustrat.
1749 545 1779 548 —
1796 533 1859 555 Hanc

1014 571 1118 593 eiusdem
1136 570 1263 593 doctrinam
1281 571 1381 594 dilucide
1398 571 1455 594 Petr.
1473 577 1485 593 a
1504 571 1556 594 Tar.
1574 572 1607 594 sic
1619 572 1730 594 contrahit
1743 572 1789 600 (1110
1801 578 1822 600 q.
1836 572 1856 593 2.

1013 615 1033 631 a.
1056 610 1082 637 1.)
1094 615 1098 631 ;
1120 618 1129 629 1(
1143 610 1220 637 Qualis
1237 616 1290 632 caro
1309 610 1366 632 sacta
1384 614 1417 633 est
1429 611 1451 632 in
1464 610 1537 633 Adam
1548 628 1553 638 ,
1566 611 1615 632 talis
1627 610 1656 633 ab
1668 617 1696 633 eo
1708 610 1858 633 traducitur...

1014 648 1067 670 Ideo
1084 649 1159 670 anima
1173 649 1242 676 prolis
1254 649 1326 671 infusa
1339 649 1472 671 huiusmodi
1485 651 1545 671 carni
1558 649 1674 677 duplicem
1687 651 1859 678 corruptionem

1014 687 1139 709 contrahit:
1167 693 1235 709 unam
1262 686 1410 716 vitiositatis,
1430 688 1523 710 alteram
1539 687 1708 717 passibilitatis.
1727 689 1784 717 Quia
1802 695 1858 712 vero

1013 726 1198 755 unumquodque
1215 729 1249 749 est
1267 727 1289 748 111
1307 727 1431 754 recipiente
1448 733 1490 755 per
1507 727 1604 750 modum
1622 729 1752 756 recipientis
1772 732 1794 751 et
1814 735 1858 751 non

1013 771 1054 793 per
1080 765 1176 787 modum
1194 766 1294 793 agentis,
1312 765 1364 788 ideo
1382 768 1479 794 utraque
1497 768 1613 794 corruptio
1631 767 1694 789 aliter
1712 768 1820 795 recipitur
1837 769 1859 790 in

1013 803 1096 827 anima
1104 823 1110 832 ,
1122 807 1202 833 'quam
1221 805 1249 826 511
1266 805 1288 826 111
1307 809 1379 827 carne
1388 823 1395 832 ,
1410 805 1468 827 510111
1480 805 1542 827 00101
1554 805 1618 827 aliter
1629 806 1738 834 recipitur
1750 807 1772 828 in
1785 806 1859 835 oculo,

1013 848 1084 871 quam
1102 844 1129 864 sit
1146 843 1168 864 in
1187 843 1280 870 pariete.
1298 842 1420 870 Corruptio
1437 843 1498 865 enim
1518 843 1680 872 passibilitatis
1697 845 1719 866 in
1737 850 1809 867 carne
1826 848 1860 867 est

1013 882 1062 904 51110
1079 887 1147 903 5011511
1165 880 1262 909 doloris,
1281 882 1303 903 in
1320 881 1402 904 anima
1419 887 1476 904 vero
1493 887 1546 904 cum
1558 888 1627 904 sensu
1641 882 1740 910 doloris,
1758 883 1860 906 similiter

1013 921 1132 948 corruptio
1147 919 1280 943 vitiositatis
1298 921 1320 943 in
1338 926 1410 944 carne
1427 923 1462 943 est
1478 921 1526 943 sine
1544 923 1607 943 reatu
1625 921 1721 949 culpae,
1739 923 1761 944 in
1778 921 1861 945 anima

1012 965 1068 982 vero
1087 965 1140 982 cum
1158 963 1220 982 reatu
1233 960 1314 988 culpae
1326 968 1337 980 >>
1354 959 1403 987 (cfr.
1416 960 1438 982 S.
1457 960 1547 987 Tuom„
1560 960 1596 982 liic
1608 967 1630 989 q.
1644 961 1664 982 sl.
1678 966 1698 983 a.
1714 961 1732 982 1.
1745 960 1774 983 ad
1787 961 1808 983 2.
1821 960 1860 990 4.).

1013 999 1083 1021 —Ex
1097 1002 1158 1021 textu
1175 999 1196 1020 S.
1215 998 1388 1021 Bonaventurae
1406 1001 1428 1021 et
1444 998 1493 1021 aliis
1511 999 1565 1021 locis
1582 999 1775 1022 Scholasticorum
1792 1003 1860 1029 patet,

1014 1037 1076 1067 quod
1105 1037 1133 1059 illi
1159 1038 1245 1066 antiqui
1272 1038 1463 1066 propagationem
1488 1038 1560 1065 ipsius
1585 1037 1760 1067 corruptionis,
1789 1045 1859 1067 quam

1014 1080 1098 1099 vocant
1110 1077 1329 1104 concupiscentiam,
1348 1075 1491 1104 accipiebant
1507 1076 1636 1099 secundum
1653 1076 1799 1107 analoyfflm,
1815 1084 1860 1107 qua

1012 1116 1127 1145 quaedam
1139 1116 1198 1138 mala
1211 1122 1269 1143 pure
1282 1116 1377 1144 physica
1389 1122 1401 1138 a
1414 1115 1547 1144 parentibus
1562 1116 1752 1139 transfunduntur
1764 1117 1786 1139 in
1803 1116 1861 1140 filios

1015 1156 1064 1183 (cfr.
1078 1155 1099 1176 S.
1113 1155 1203 1182 Thom,
1222 1155 1245 1177 ll.
1264 1155 1324 1177 Sent.
1343 1154 1365 1177 d.
1384 1154 1420 1177 30.
1439 1160 1460 1183 q.
1480 1155 1500 1176 fl.
1519 1161 1538 1176 a.
1557 1155 1578 1177 2.
1591 1154 1621 1177 ad
1634 1155 1654 1177 3.
1667 1158 1689 1177 et
1701 1154 1739 1182 4.).
1753 1168 1783 1170 -
1794 1155 1861 1178 Plura

1015 1194 1050 1216 hic
1068 1193 1127 1216 dicta
1144 1194 1286 1221 explicantur
1303 1192 1396 1216 duabus
1414 1192 1597 1222 quaestionibus
1616 1200 1675 1222 quae
1692 1196 1828 1223 sequuntur.

1077 1233 1098 1254 S.
1118 1233 1208 1260 Tuom.y
1224 1238 1277 1255 cum
1291 1232 1377 1260 doceat,
1391 1238 1418 1255 ex
1431 1232 1520 1255 defectu
1533 1233 1619 1260 gratiae
1631 1232 1790 1256 sanctificantis
1807 1233 1861 1255 oriri

1012 1273 1229 1300 concupiscentiam,
1242 1276 1264 1294 et
1278 1271 1342 1294 illum
1354 1271 1470 1294 desectum
1482 1272 1573 1294 natio-a
1585 1272 1638 1294 huic
1651 1271 1796 1300 praecedere,
1815 1271 1861 1295 fere

1015 1312 1122 1334 convenit
1134 1316 1186 1333 cum
1200 1311 1308 1338 opinione
1325 1310 1434 1338 secunda,
1452 1305 1481 1332 in
1492 1313 1553 1333 textu
1571 1311 1689 1338 recensita,
1703 1316 1762 1339 quae
1779 1316 1860 1333 revera

1014 1349 1143 1373 secundum
1161 1351 1222 1372 viam
1240 1350 1262 1371 S.
1280 1350 1454 1372 Bonaventurae
1472 1355 1516 1371 non
1535 1349 1634 1377 perfecte
1646 1350 1760 1372 satisfacit.
1774 1349 1861 1372 Tamen

1015 1390 1036 1411 S.
1055 1390 1138 1412 Tliom.
1156 1390 1177 1411 in
1195 1390 1243 1412 suis
1260 1389 1352 1417 scriptis
1368 1389 1415 1411 sere
1432 1389 1508 1411 omnia
1531 1389 1552 1410 in
1571 1389 1614 1411 1100
1631 1389 1725 1411 articulo
1743 1388 1801 1411 dicta
1822 1394 1862 1417 ap-

1017 1428 1106 1456 probat.
1124 1428 1172 1450 Non
1190 1434 1241 1450 raro
1255 1431 1332 1451 autem
1344 1427 1405 1450 idem
1419 1427 1462 1450 alio
1475 1428 1542 1450 etiam
1556 1428 1625 1450 utitur
1636 1428 1742 1456 exemplo
1754 1427 1783 1450 ad
1796 1428 1862 1451 istam

1016 1467 1182 1490 traductionem
1199 1467 1370 1495 explicandam,
1388 1466 1473 1489 scilicet
1492 1475 1502 1486 α
1515 1467 1574 1489 510111
1585 1473 1597 1488 a
1610 1467 1727 1489 voluntate
1739 1467 1809 1489 animi
1821 1473 1862 1495 per

1016 1508 1142 1529 motionem
1159 1506 1319 1529 mcmbrorum
1336 1505 1463 1529 traducitur
1485 1508 1605 1534 peccatum
1623 1505 1716 1529 actuale
1734 1505 1765 1534 [v.
1784 1512 1806 1534 g.
1825 1506 1862 1528 ho-

1015 1545 1143 1574 micidium]
1162 1545 1192 1568 ad
1209 1545 1313 1567 membra
1332 1545 1458 1572 corporis...
1476 1551 1535 1573 quae
1553 1547 1603 1567 nata
1621 1548 1674 1567 sunt
1691 1545 1779 1567 moveri
1800 1551 1813 1567 a
1825 1550 1863 1567 vo·

1016 1585 1100 1607 luntatc
1114 1593 1124 1605 1)
1139 1584 1171 1611 (S.
1184 1584 1197 1606 1.
1212 1584 1234 1606 ΙΙ.
1253 1590 1274 1612 q.
1288 1584 1324 1606 81.
1337 1590 1356 1606 a.
1376 1584 1396 1606 3.
1420 1584 1425 1605 1
1439 1591 1444 1611 ;
1462 1584 1501 1606 cfr.
1519 1583 1548 1606 dc
1560 1583 1627 1611 Malo,
1646 1590 1668 1612 q.
1681 1583 1702 1606 4.
1722 1590 1741 1606 a.
1762 1584 1799 1611 1.).
1816 1584 1864 1607 Hoc

1016 1626 1094 1645 autem
1111 1623 1243 1651 exemplum
1260 1623 1405 1650 aptissimum
1417 1625 1457 1651 est,
1473 1620 1650 1650 praesertim'ut
1662 1623 1794 1651 explicetur,
1806 1629 1864 1651 quo-

1015 1662 1086 1685 modo
1098 1662 1169 1691 culpa
1182 1668 1235 1684 cum
1248 1662 1376 1690 privatione
1387 1662 1474 1690 gratiae
1485 1660 1655 1691 sanctificantis
1667 1662 1739 1690 possit
1750 1662 1772 1684 in
1782 1667 1864 1685 omnes

1015 1701 1150 1724 transfundi.

1079 1740 1101 1762 ll.
1120 1740 1210 1763 Praeter
1228 1741 1321 1762 citatos:
1348 1739 1409 1762 Alex.
1427 1739 1491 1767 Hal.,
1511 1740 1532 1761 S.
1552 1746 1573 1767 p.
1593 1739 1614 1762 ll.
1634 1746 1655 1768 q.
1679 1739 1727 1762 106.
1745 1745 1775 1762 m.
1795 1739 1814 1761 4.
1834 1752 1864 1755 —

1016 1780 1090 1807 Scot.‚
1109 1780 1145 1802 1110
1162 1786 1183 1808 q.
1203 1780 1276 1802 unica.
1296 1792 1326 1795 -
1342 1779 1366 1801 Β.
1384 1779 1485 1807 Albert.‚
1508 1779 1545 1801 1110
1569 1785 1588 1801 a.
1611 1780 1636 1806 l;
1655 1779 1676 1801 S.
1695 1785 1717 1807 p.
1736 1779 1758 1801 ll.
1776 1782 1803 1801 tr.
1828 1778 1863 1800 17.

1016 1826 1038 1848 q.
1060 1819 1108 1841 107.
1128 1825 1158 1841 m.
1177 1818 1196 1840 4.
1215 1825 1234 1841 a.
1255 1819 1275 1841 3.
1294 1819 1372 1847 partic.
1393 1819 1413 1841 l.
1430 1831 1461 1835 —
1478 1818 1552 1846 AEgid.
1571 1819 1612 1846 R.‚
1631 1819 1667 1841 1110
1685 1825 1706 1848 q.
1726 1819 1746 1841 11,
1764 1825 1784 1841 a.
1798 1819 1818 1840 1.
1836 1831 1865 1834 -

1016 1857 1130 1885 Durand.,
1149 1858 1184 1880 liic
1202 1864 1223 1886 q.
1247 1858 1262 1879 1.
1282 1870 1312 1873 -
1329 1857 1422 1885 Dionys.
1440 1857 1531 1885 Carta,
1555 1858 1591 1880 1110
1613 1864 1634 1886 q.
1662 1858 1678 1879 1.
1696 1870 1728 1874 -
1744 1857 1805 1885 Biel,
1830 1858 1865 1880 1110

1016 1904 1038 1927 q.
1057 1899 1130 1920 unica.

881 2026 1044 2064 QUAESTIO
1066 2026 1094 2055 lt.

143 2114 247 2143 Utrum
265 2118 419 2152 peccatum
441 2113 585 2152 oriyiaale
607 2112 802 2142 contrahatur
824 2112 854 2140 iu
875 2112 980 2141 anima
1000 2120 1035 2140 cx
1057 2120 1147 2140 carue
1167 2120 1202 2140 ex
1223 2111 1322 2150 atiquo
1344 2111 1475 2149 appetitu
1495 2115 1521 2140 et
1540 2111 1687 2140 voluntate
1707 2112 1834 2140 (mimae.

194 2213 320 2241 Secundo
335 2212 490 2250 quaeritur,
511 2214 608 2240 utrum
624 2210 757 2248 originale
779 2210 962 2239 contrahatur

116 2259 143 2287 in
164 2259 257 2287 anima
278 2267 313 2288 ex
333 2266 416 2288 carne
441 2266 477 2288 ex
498 2258 591 2295 aliquo
616 2257 741 2295 appetitu
762 2261 789 2286 01.
820 2257 962 2285 voluntate

116 2306 232 2335 animae.
256 2306 286 2335 Et
307 2306 382 2343 quod
403 2306 455 2340 510,
477 2305 606 2334 videtur:

197 2355 220 2381 1.
237 2353 327 2382 Primo
349 2361 398 2390 per
420 2353 555 2381 rationem
577 2352 734 2389 Augustini,
757 2359 841 2389 quam
857 2351 921 2380 facit
935 2351 962 2379 in

119 2399 189 2429 libro
204 2400 349 2437 Octoginta
363 2400 450 2428 trium
466 2399 666 2436 Quaestionum
677 2399 695 2433 ¹,
710 2398 871 2432 ostendens,
888 2397 963 2435 quod

118 2447 212 2476 nullus
233 2450 324 2484 potest
344 2447 380 2475 ab
401 2446 455 2475 alio
476 2445 538 2474 fieri
559 2445 696 2479 deterior,
719 2444 767 2473 sed
794 2445 816 2473 si
838 2443 868 2472 fit
890 2444 963 2472 dete-

119 2493 188 2526 rior,
210 2494 262 2522 hoc
284 2493 337 2522 erit
358 2502 374 2522 a
395 2500 425 2522 se
445 2492 513 2530 ipso.
536 2492 577 2520 Ait
602 2492 675 2521 euim
697 2491 753 2520 sic:
780 2491 807 2519 Si
833 2490 864 2519 fit
892 2490 964 2519 dete-

120 2539 194 2574 rior,
220 2543 269 2569 aut
297 2548 364 2577 ergo
385 2548 401 2568 a
430 2539 599 2576 superiori,
620 2541 669 2567 aut
695 2546 711 2566 a
736 2537 827 2575 pari,
856 2540 904 2565 aut
928 2536 964 2565 ab

122 2585 266 2623 infcriori.
281 2587 320 2615 Ab
344 2585 481 2623 inferiori
494 2594 549 2615 non
567 2588 657 2623 potest
663 2596 670 2620 3
691 2593 710 2613 a
724 2584 795 2622 pari
816 2592 882 2618 non,
898 2583 964 2620 quia

121 2633 144 2662 ei
166 2642 220 2662 non
242 2634 397 2671 praevalet;
419 2641 435 2662 a
457 2633 606 2671 superiori
620 2640 686 2667 non,
709 2631 774 2669 quia
796 2631 841 2659 ille
863 2633 911 2659 aut
925 2637 965 2659 es-

121 2683 161 2709 set
183 2680 286 2714 bouus,
308 2685 357 2710 aut
377 2680 482 2709 malus.
506 2680 532 2708 Si
555 2679 659 2708 bonus.-
682 2686 748 2715 ergo
769 2685 913 2715 nunquam
928 2676 964 2705 fa-

121 2730 195 2756 ceret
215 2727 308 2765 ipsum
324 2728 500 2757 deteriorem.
516 2727 542 2755 Si
564 2726 678 2755 matus:
694 2733 760 2762 ergo
776 2725 829 2753 iam
852 2723 964 2752 inferior

121 2775 162 2801 est
182 2777 209 2801 et
223 2773 352 2803 deterior.
367 2774 498 2803 Similiter
519 2773 648 2811 arguitur
663 2773 690 2801 in
712 2771 865 2809 proposito;
887 2774 914 2799 et
928 2777 964 2798 ex

186 2905 193 2919 ¹
211 2905 301 2934 Quaest.
320 2906 341 2928 3,
358 2912 405 2935 seq.
425 2905 515 2928 Verba:
533 2904 561 2929 Si
576 2904 603 2934 fit
619 2903 720 2927 [teter-ior
737 2906 779 2925 etc.
805 2903 966 2925 sententialiter

125 2946 210 2966 tantum
236 2945 342 2967 exhibent
366 2946 521 2968 testimonium
544 2944 671 2972 Augustini.
689 2942 733 2965 Csr.
751 2943 819 2965 etiam
838 2943 852 2964 l.
871 2941 899 2964 de
916 2941 964 2964 Lib.

124 2983 177 3005 Arb.
196 2989 213 3006 c.
237 2984 269 3006 10.
288 2990 309 3006 n.
326 2985 362 3006 20.
380 2991 459 3013 seqq.;
479 2984 510 3006 111.
529 2990 548 3006 0.
571 2984 588 3006 1.
606 2989 626 3005 n.
646 2983 667 3005 2.
685 2986 706 3004 01
723 2988 741 3004 0.
765 2981 797 3003 14.
816 2987 836 3003 11.
856 2981 891 3003 39.
909 2987 965 3009 seq„

126 3014 165 3044 ubi
181 3026 202 3045 et
218 3023 296 3046 maior
313 3024 369 3046 tertii
389 3030 438 3051 arg.
456 3024 588 3046 insinuatur.

1019 2210 1071 2238 1100
1086 2210 1225 2248 sequitur,
1241 2209 1316 2247 quod
1338 2209 1431 2238 anima
1446 2217 1499 2238 non
1522 2210 1608 2246 possit
1630 2208 1689 2238 fieri
1706 2208 1791 2243 mala,
1812 2208 1865 2237 nisi

1020 2260 1185 2294 cooperante
1206 2256 1349 2285 voluntate
1370 2256 1492 2293 propria.

1099 2305 1124 2331 9..
1144 2303 1223 2337 Item,
1239 2310 1320 2331 omne
1335 2305 1481 2339 peccatum
1496 2302 1532 2330 ab
1546 2302 1639 2339 aliqua
1654 2302 1795 2330 voluntate
1810 2304 1865 2336 est3

1020 2350 1078 2378 sola
1097 2349 1171 2378 enim
1187 2349 1315 2377 voluntas
1337 2352 1378 2378 051
1393 2349 1497 2386 peccati
1512 2349 1682 2386 principium
1696 2347 1716 2376 ²:
1733 2355 1799 2385 ergo
1814 2348 1866 2376 ori-

1020 2395 1111 2433 ginale
1131 2399 1292 2433 peccatum,
1314 2395 1389 2432 quod
1411 2398 1452 2424 est
1470 2395 1497 2423 in
1519 2395 1651 2432 parvulo,
1665 2398 1714 2424 aut
1734 2398 1776 2424 est
1790 2402 1806 2423 a
1821 2403 1866 2423 vo-

1021 2442 1126 2471 luntate
1145 2442 1282 2480 propria,
1303 2446 1352 2471 aut
1371 2450 1387 2470 a
1409 2441 1551 2470 voluntate
1566 2441 1672 2470 alicua.
1692 2442 1717 2470 Si
1739 2450 1755 2470 a
1770 2441 1866 2470 volun-

1020 2491 1076 2517 tate
1091 2488 1199 2522 atiena,
1214 2491 1310 2526 utpote
1330 2488 1416 2523 Adae,
1432 2496 1496 2517 cum
1512 2488 1539 2517 in
1554 2488 1638 2517 Adam
1658 2496 1713 2517 non
1728 2488 1865 2517 fuerimus

1020 2536 1073 2564 nisi
1087 2536 1248 2564 secundum
1269 2535 1353 2574 quid,
1369 2543 1423 2564 non
1439 2538 1511 2564 esset
1525 2535 1659 2572 originale
1677 2538 1822 2572 peccatum
1837 2536 1865 2564 in

1022 2582 1133 2611 homine
1148 2581 1199 2611 nisi
1214 2582 1374 2610 secuudum
1389 2582 1472 2620 quid:
1488 2589 1555 2619 ergo
1570 2585 1684 2619 propter
1703 2582 1796 2619 ipsum
1810 2590 1865 2611 non

1021 2628 1189 2657 deberemus
1213 2628 1390 2657 aeternaliter
1416 2628 1521 2657 visione
1546 2628 1594 2657 Dei
1620 2628 1734 2665 privari.
1761 2628 1865 2666 Quodsi

1021 2676 1073 2705 hoc
1095 2675 1197 2704 falsum
1225 2678 1284 2710 est,
1313 2683 1367 2704 non
1396 2683 1462 2712 ergo
1489 2675 1580 2704 solum
1610 2675 1661 2704 fuit
1681 2683 1697 2704 a
1723 2675 1865 2705 voluntate

1022 2722 1126 2751 atiena„
1150 2722 1241 2751 Restat
1265 2722 1363 2759 igitur,
1384 2722 1459 2759 quod
1481 2722 1661 2751 contrahatur
1686 2731 1703 2751 a
1723 2722 1866 2752 voluntate

1022 2777 1143 2807 propria.

1084 2901 1094 2916 2
1113 2901 1138 2923 Ut
1155 2901 1253 2924 ostendit
1268 2901 1380 2929 August,
1398 2901 1429 2924 111.
1448 2901 1476 2924 de
1493 2900 1541 2924 Lib.
1559 2901 1614 2925 Arb.
1632 2908 1650 2924 0.
1670 2903 1690 2924 1.
1709 2908 1730 2924 n.
1748 2903 1769 2925 2.
1787 2902 1866 2932 011Αο-

1023 2941 1102 2968 selm.y
1120 2940 1149 2962 de
1166 2940 1282 2969 Conceptu
1308 2941 1390 2969 virgin.
1408 2943 1429 2963 et
1454 2941 1512 2969 orig.
1529 2947 1592 2970 pecc.
1618 2947 1638 2964 0.
1657 2942 1685 2971 3.,
1712 2943 1750 2971 qui
1772 2943 1817 2965 iam
1843 2943 1865 2965 in

1023 2979 1167 3008 praecedenti
1187 2982 1274 3008 quaest.
1292 2985 1340 3008 arg.
1359 2979 1380 3001 5.
1398 2979 1427 3002 ad
1445 2981 1543 3009 opposit.
1561 2981 1671 3009 allegatus
1688 2984 1728 3004 est.
