2243 3425
232 661 293 683 Agere
306 660 325 678 in
334 660 360 678 al-

244 686 304 702 terum
313 683 359 702 dici-

244 709 273 725 tur
281 707 359 730 triplici-

245 988 360 1007 Notandum.

243 1362 313 1388 Solutio
326 1367 358 1385 op-

249 1387 358 1409 positorum.

376 205 432 232 750

374 281 402 310 in
417 287 534 317 corpore
548 283 611 308 ante
632 279 785 307 adventum
800 277 910 306 animae
932 284 986 305 non
1001 280 1043 305 est
1063 275 1220 303 actualiter

373 327 490 356 morbus
504 326 615 363 culpae;
631 325 680 354 sed
699 325 792 353 iuncta
815 323 921 358 anima,
943 330 1015 360 quae
1030 322 1112 351 debet
1126 322 1218 359 ipsum

373 382 475 411 corpus
503 380 616 410 regere,
644 375 758 410 propter
787 371 879 400 carnis
903 370 1116 407 ineptitudinem
1145 371 1220 397 caret

372 421 465 449 anima
486 419 653 449 rectitudine
678 418 790 447 virtutis
812 417 959 455 regitivae,
985 419 1012 445 et
1037 416 1085 445 illa
1106 423 1219 450 carens,

374 467 525 496 tremulosa
544 465 663 495 efficitur
685 473 736 502 per
750 463 1114 501 actumconcupiscentiae.
1136 479 1174 483 -—
1190 462 1220 491 Et

372 514 411 543 sic
438 517 527 551 patet,
549 513 624 550 quod
647 512 728 541 valde
743 515 785 540 est
806 510 970 544 verisimile,
989 510 1064 547 quod
1086 508 1219 546 originale

370 561 457 598 possit
478 560 604 589 contrahi
626 559 653 587 in
674 558 767 587 anima
789 565 824 587 ex
846 564 937 586 carne.

453 607 492 636 Ad
514 606 723 635 dissolutionem
746 608 840 633 autem
866 603 1038 633 obiectorum
1058 606 1220 641 praenotan-

373 655 442 684 dum
464 657 521 688 est,
543 653 618 691 quod
640 652 785 690 tripliciter
814 651 917 680 dicitur
946 650 1052 688 aliquid
1081 658 1163 687 agere
1191 650 1218 678 in

371 701 504 731 alterum:
520 708 576 729 uno
591 700 674 729 modo
688 707 738 736 per
749 698 1057 736 praedom‘t'nctntictm,
1073 698 1145 726 sicut
1159 705 1220 726 con-

372 749 493 778 trarium
514 748 571 785 agit
591 748 619 776 in
634 754 718 776 suum
740 746 913 775 eontrarium
920 757 926 780 3
941 745 996 774 alio
1017 745 1100 774 modo
1114 752 1165 782 per
1180 744 1221 772 111-

372 795 539 832 fluentiam,
562 794 634 823 sicut
652 801 755 832 corpus
770 793 902 830 superius
915 793 922 805 ¹
946 793 1002 829 agit
1024 792 1049 820 in
1067 792 1135 820 haec
1156 791 1221 819 infe-

373 842 448 872 riora
460 854 467 876 3
489 841 570 871 tertio
592 841 675 869 modo
697 848 746 877 per
772 839 988 877 001ἰ19α1111α111,
1010 838 1082 867 sicut
1108 837 1220 875 quando

373 890 430 919 duo
444 889 482 918 ita
496 892 562 918 sunt
582 888 675 921 unita,
697 886 772 924 quod
788 893 876 915 unum
898 886 984 914 trabit
998 885 1033 914 ad
1049 893 1077 913 se
1099 885 1220 913 alterum

373 940 400 966 et
411 935 598 966 communicat
610 935 690 963 alteri
705 933 890 971 proprietates
906 940 979 961 suas.
991 932 1060 960 Cum
1076 939 1142 968 ergo
1158 931 1221 959 dici-

373 991 446 1018 mus,
461 990 581 1011 carnem
597 980 714 1017 inficere
729 980 874 1013 (111111111111,
889 979 941 1008 1100
957 978 1121 1015 intelligitur
1136 985 1222 1014 quan-

371 1034 433 1059 tum
454 1030 489 1059 ad
512 1029 624 1058 tertium
648 1028 763 1056 modum
784 1026 898 1063 agendi,
913 1025 1017 1055 scilicet
1038 1027 1154 1062 propter
1168 1023 1221 1052 cob-

373 1077 539 1115 hyematum,
561 1083 646 1113 quam
668 1074 753 1103 habet
774 1073 809 1102 ad
828 1073 964 1107 animam,
985 1076 1100 1109 propter
1122 1079 1220 1108 quam,

374 1125 441 1154 dum
464 1123 595 1152 deorsum
626 1121 726 1155 tendit,
751 1128 812 1149 eam
842 1127 936 1148 secum
968 1119 1069 1153 trahit,
1094 1121 1126 1147 ut
1146 1118 1220 1146 enim

372 1171 439 1201 dicit
460 1170 611 1207 Gregorius
627 1168 650 1203 ἲ,
672 1167 747 1205 quod
774 1166 850 1204 «qui
876 1166 978 1195 labenti
1005 1165 1148 1199 innititur,
1177 1172 1221 1193 ne-

372 1226 448 1247 cesse
463 1220 517 1251 est,
537 1220 569 1245 ut
584 1223 648 1244 cum
664 1214 774 1243 labente
796 1213 944 1242 labatur».
968 1212 1012 1241 His
1032 1212 1110 1246 visis,
1127 1214 1221 1249 patent

371 1273 403 1295 ea
425 1272 496 1302 quae
518 1264 625 1292 obiecta
646 1265 719 1291 sunt.

453 1312 476 1339 ¹1.
499 1310 538 1339 Ad
564 1309 634 1338 illud
662 1308 735 1337 enim
758 1307 832 1344 quod
862 1306 928 1336 dicit
956 1305 1122 1339 Anselmus,
1144 1305 1220 1342 quod

371 1363 517 1397 peccatum
539 1365 593 1386 non
619 1359 660 1385 est
682 1355 709 1383 in
731 1355 851 1388 semine3
877 1353 1045 1387 dicendum,
1071 1353 1147 1390 quod
1169 1353 1221 1382 hoc

372 1406 438 1436 dicit
459 1407 596 1442 quantum
622 1403 657 1432 ad
679 1401 858 1431 existentiam
884 1399 1030 1429 actualem
1052 1400 1140 1437 ipsius
1161 1407 1222 1437 pec-

372 1453 441 1487 cati,
466 1451 541 1490 quod
570 1450 684 1488 quidem
709 1452 751 1478 est
782 1447 944 1477 deformitas
969 1447 1107 1485 aspiciens
1132 1447 1220 1484 ipsam

371 1500 544 1529 voluntatem
577 1497 648 1527 sicut
680 1496 837 1526 subiectum
863 1495 1025 1532 proprium3
1050 1502 1105 1523 non
1126 1497 1220 1522 autem

372 1548 434 1577 vult
454 1553 570 1583 negare,
591 1544 659 1582 quin
675 1543 712 1572 ibi
735 1543 770 1572 sit
784 1550 879 1571 causa.
900 1541 1022 1579 peccatiff
1044 1539 1130 1570 immo
1151 1548 1222 1569 asse-

372 1595 421 1629 rit,
443 1594 515 1623 sicut
535 1595 611 1630 patet
631 1599 667 1620 ex
690 1589 783 1619 verbis
805 1589 864 1618 suis
885 1588 1097 1626 sequentibusss.

452 1642 477 1670 32.
500 1640 540 1669 Ad
561 1639 631 1668 illud
653 1636 815 1675 Augustini,
836 1635 912 1673 quod
935 1642 1017 1664 omne
1038 1643 1123 1672 agens
1144 1643 1222 1672 prae-

373 1688 491 1718 stantius
516 1690 559 1716 est
579 1686 702 1724 patiente
710 1696 717 1719 3
746 1683 911 1717 dicendum,
933 1682 1008 1720 quod
1031 1681 1159 1719 intelligit
1187 1681 1221 1711 de

372 1739 471 1773 agente
492 1742 541 1772 per
558 1732 758 1769 iufluentictm;
779 1738 830 1768 per
852 1730 928 1758 hunc
946 1732 1040 1758 autem
1062 1729 1177 1758 modum
1194 1729 1221 1757 in

372 1781 515 1819 originalis
536 1779 724 1810 contractione
745 1786 800 1807 non
816 1777 935 1806 dicimus
957 1784 1070 1805 carnem
1091 1784 1175 1814 agere
1194 1776 1220 1805 in

372 1829 507 1863 animam,
529 1828 600 1857 sicut
619 1825 796 1864 praedictum
817 1827 867 1853 est.

453 1875 477 1905 3.
500 1875 539 1904 Ad
561 1874 630 1903 illud
656 1872 832 1909 Philosophi,
859 1871 934 1909 quod
955 1879 1039 1908 agens
1061 1874 1088 1899 et
1114 1870 1222 1907 patiens

373 1924 475 1953 debent
502 1921 709 1951 communicare
738 1920 765 1948 in
795 1919 927 1954 materia;
956 1918 1221 1955 dicendun1‚(1110d

372 1972 431 2008 ipse
460 1968 588 2005 intelligit
616 1968 650 1996 de
678 1967 798 2001 actione,
826 1974 882 2003 qua
910 1966 1083 1995 contrarium
1109 1966 1166 2002 agit
1194 1966 1221 1993 in

372 2016 545 2047 contrarium
567 2022 617 2052 per
636 2013 938 2051 praedomz'nantittm.

452 2064 478 2092 [1.
500 2062 540 2092 Ad
556 2062 625 2090 illud
640 2060 716 2098 quod
731 2060 870 2093 obiicitur,
892 2059 968 2096 quod
983 2058 1072 2087 multo
1094 2059 1222 2095 spiritua-

373 2111 426 2140 lior
448 2113 489 2139 est
509 2109 603 2138 anima
624 2116 708 2145 quam
732 2106 841 2141 radius3
863 2105 1029 2139 dicendum,
1051 2105 1127 2142 quod
1148 2105 1199 2133 etsi
1212 2105 1221 2117 ⁴

372 2156 560 2197 spiritualior,
582 2159 676 2184 tamen
697 2154 786 2191 magis
807 2156 849 2182 est
869 2152 995 2190 alliyatct
1013 2152 1114 2185 0111111,
1137 2159 1222 2188 quam

372 2206 469 2236 radius
490 2204 547 2234 aeri
571 2204 629 2233 sive
650 2202 761 2239 corpori
782 2200 955 2234 illuminat03
978 2199 1040 2229 ideo
1055 2199 1144 2236 magis
1162 2207 1222 2228 con-

372 2253 459 2283 trahit
484 2252 545 2281 eius
560 2250 754 2289 proprietates,
776 2248 834 2277 sive
859 2246 1066 2284 passibilitatis
1088 2247 1146 2275 sive
1167 2245 1223 2283 foe-

437 2379 443 2393 1
462 2378 549 2406 Nempe
567 2382 665 2405 corpora
683 2375 795 2398 caelestia.
808 2374 853 2397 Cfr.
869 2380 939 2402 supra
958 2373 979 2396 d.
999 2374 1019 2396 2.
1038 2380 1060 2401 p.
1079 2373 1102 2395 ll.
1121 2380 1140 2395 a.
1164 2374 1180 2394 1,
1200 2380 1221 2402 q.

373 2420 394 2442 2.
412 2421 433 2441 et
452 2418 473 2440 (1.
496 2417 528 2440 14.
548 2423 570 2445 p.
589 2416 611 2439 ll.
630 2422 649 2438 a.
671 2415 691 2437 2.
715 2421 736 2443 q.
759 2414 779 2436 2.
799 2426 828 2429 —
846 2412 915 2435 Paulo
941 2413 1048 2440 superius
1074 2415 1125 2440 post
1150 2418 1222 2435 51111111

373 2456 524 2482 contrarimn
541 2455 592 2478 cod.
612 2460 637 2477 cc
653 2457 675 2477 et
692 2453 728 2476 ed.
751 2454 755 2474 1
778 2452 880 2475 addunt:
893 2452 920 2474 ut
932 2450 1038 2474 calidum
1055 2451 1080 2474 in
1091 2450 1220 2480 sriqidmn,

373 2499 395 2521 et
411 2495 537 2520 lzfzmztdnm
548 2494 573 2518 111
587 2493 676 2517 siccum
686 2512 692 2521 ‚
708 2498 767 2521 quac
780 2491 826 2514 duo
843 2490 973 2514 secundum
986 2490 1085 2518 Aristot.y
1102 2490 1124 2512 11.
1138 2490 1166 2512 de
1183 2490 1223 2512 Ge-

373 2538 443 2558 nerat.
461 2537 483 2557 et
500 2536 600 2561 corrupt.
614 2535 665 2563 text.
683 2532 703 2553 S.
723 2531 751 2558 (c.
765 2531 803 2559 2.),
816 2533 869 2553 sunt
880 2531 971 2558 primae
983 2529 1071 2552 activae
1084 2532 1103 2551 et
1118 2529 1223 2556 passivae

374 2574 543 2598 contrarietates
560 2573 733 2595 elementorum.

436 2613 446 2627 ‘2
462 2613 523 2635 Haec
540 2612 650 2634 sententia
676 2610 773 2632 habetur
795 2610 816 2631 in
834 2607 940 2631 Richard.
960 2614 971 2630 a
990 2608 1011 2630 S.
1030 2607 1087 2630 Vici.
1099 2625 1104 2635 ,
1122 2607 1151 2629 (10
1168 2607 1224 2629 Gra-

375 2652 443 2676 dibus
460 2652 568 2679 caritatis,
587 2656 606 2672 c.
626 2650 645 2672 4.

437 2691 446 2706 3
463 2691 515 2713 Loc.
534 2691 570 2712 cit.
588 2695 638 2717 cap.
656 2688 686 2718 75
704 2688 752 2710 Non
766 2688 827 2710 enim
840 2689 934 2715 sputum
947 2689 985 2709 aut
997 2687 1098 2714 sanguis,
1111 2685 1151 2708 sed
1164 2685 1222 2707 mala

375 2731 480 2753 voluntas
498 2730 608 2757 arguitur.
636 2728 696 2750 Patet
713 2728 797 2755 igitur,
816 2725 935 2755 quomodo
952 2728 974 2748 et
991 2726 1013 2748 in
1031 2724 1154 2747 infantibus
1178 2730 1222 2746 11011

375 2770 449 2792 statim
467 2768 496 2791 ab
513 2769 562 2796 ipsa
581 2768 729 2795 conceptione
747 2767 773 2788 sit
791 2768 927 2794 peccatum,
945 2768 967 2787 et
984 2770 1037 2787 vera
1056 2765 1099 2786 sint
1117 2770 1177 2793 quae
1193 2763 1222 2785 (10

376 2807 453 2830 divina
471 2807 586 2834 Scriptura
605 2806 711 2833 opposui
730 2805 821 2833 Quippe
833 2810 877 2827 non
890 2806 923 2826 est
936 2805 957 2826 in
970 2803 1012 2826 illis
1024 2806 1155 2831 peccatum,
1170 2803 1223 2831 quia

377 2851 422 2867 non
439 2844 523 2868 habent
541 2845 599 2872 (sine
617 2850 661 2873 qua
674 2850 719 2866 non
731 2844 789 2866 inest
801 2843 931 2871 peccatum)
944 2842 1084 2865 voluntatem
1096 2849 1100 2869 3
1113 2844 1135 2864 ct
1147 2845 1222 2864 tamen

378 2883 459 2905 dicitur
484 2884 569 2910 inesse,
596 2884 705 2911 quoniam
723 2884 745 2905 in
763 2883 850 2905 semine
868 2882 960 2904 trahunt
976 2880 1086 2909 peccandi
1105 2881 1167 2907 (cuni
1186 2881 1223 2902 ho-

377 2921 450 2943 mines
467 2922 512 2943 inm
530 2924 604 2948 erunt)
623 2922 786 2943 necessitatem⁴

440 2959 449 2973 ⁴¹
467 2959 515 2981 Vat.
535 2966 587 2982 cuin
605 2960 656 2982 edd.
676 2960 688 2981 3
699 2978 704 2987 ,
724 2960 735 2981 t
754 2960 845 2988 supplet
862 2959 945 2982 annua.
961 2958 1006 2987 sit,
1026 2962 1048 2981 et
1065 2959 1086 2981 in
1100 2958 1143 2980 sine
1156 2957 1221 2980 solut,

378 2998 425 3020 sola
443 2997 561 3026 subiungit
577 2998 613 3020 ccl
630 2998 765 3021 illuminati.

1054 196 1305 226 SENTENTIARUM
1327 195 1387 224 LIB.
1410 196 1438 224 Il.

1278 274 1393 308 (litatis,
1416 282 1500 312 quam
1527 274 1623 303 radius
1644 274 1790 303 contrahat
1817 274 2001 311 proprietates
2022 275 2121 304 illumi-

1277 321 1385 350 nabilis.

1357 369 1381 396 5,
1404 368 1442 397 Ad
1464 368 1535 397 illud
1557 368 1631 405 quod
1654 368 1796 404 obiicitur,
1818 369 1893 406 quod
1908 377 1962 398 non
1978 373 2019 399 est
2034 370 2122 398 maior

1277 415 1419 452 corruptio
1441 415 1467 443 in
1484 415 1583 444 effectu
1601 423 1686 452 quam
1708 416 1736 443 in
1750 423 1847 450 causa;
1869 416 2032 451 dicendum,
2048 416 2123 454 quod

1277 461 1347 490 illud
1370 461 1518 499 dupliciter
1539 461 1616 490 fallit.
1638 462 1740 497 Primo,
1763 463 1875 499 quando
1897 463 2003 500 aliquid
2024 471 2078 492 non
2094 471 2123 493 se

1277 508 1361 537 habet
1383 508 1409 537 in
1438 509 1544 538 ratione
1566 507 1714 545 perfectae
1742 509 1927 544 causalitatis,
1954 511 2001 539 sed
2032 511 2123 540 solum

1276 556 1383 584 ratione
1412 555 1601 584 instrumenti
1628 559 1654 584 et
1676 554 1839 593 deferentis.
1862 557 1930 585 Nam
1960 557 1982 586 si
2004 558 2123 587 velimus

1277 610 1440 640 comparare
1461 603 1670 640 corruptionem
1685 603 1794 632 animae
1815 603 1926 640 parvuli
1945 604 1979 633 ad
2003 604 2123 642 primam

1277 657 1404 683 causam,
1420 649 1548 678 videlicet
1569 650 1690 678 animam
1706 650 1792 685 Adae,
1807 650 1980 688 reperiretur
1995 651 2022 680 in
2038 651 2124 680 Adam

1277 703 1365 733 aeque
1394 704 1494 733 magna
1521 696 1565 725 vel
1595 696 1692 725 maior.
1707 713 1746 717 -—
1760 696 1858 726 Deficit
1885 697 1968 726 etiam
1997 705 2034 726 ex
2059 698 2124 733 hoc,

1277 742 1353 780 quod
1378 742 1541 779 magnitudo
1569 743 1757 780 corruptionis
1782 744 1936 773 intenditur
1964 744 2124 782 frequenter

1278 797 1313 819 ex
1340 789 1483 818 nobilitate
1508 793 1535 818 et
1561 790 1694 827 dignitate
1720 791 1926 828 corruptibilis,
1955 791 2021 829 quia
2049 795 2125 821 tanto

1278 837 1369 865 maius
1391 840 1432 865 est
1447 837 1559 871 vitium,
1581 840 1607 866 et
1628 837 1771 874 corruptio
1789 838 1876 875 peior,
1898 842 2003 876 quanto
2025 842 2125 868 natura

1278 883 1476 921 praestantior,
1502 884 1574 912 sicut
1598 884 1790 920 Augustinus⁵
1814 885 1898 920 dicit,
1924 889 1951 915 et
1979 886 2043 915 hinc
2068 890 2125 921 est,

1278 929 1353 967 quod
1373 930 1485 966 quando
1500 930 1593 958 anima
1615 931 1806 967 corrumpitur
1822 939 1838 959 a
1859 939 1957 966 carne,
1973 933 2062 961 maior
2083 936 2124 962 est

1278 977 1306 1005 in
1327 984 1360 1005 ea
1384 977 1539 1013 corruptio,
1566 985 1650 1015 quam
1672 977 1698 1006 in
1725 985 1808 1007 carne
1829 978 1929 1014 fuerit;
1954 982 1980 1008 et
2002 979 2055 1008 hoc
2083 983 2126 1009 est

1278 1024 1385 1053 ratione
1407 1023 1558 1053 nobilitatis
1579 1024 1705 1053 subiecti.

1358 1072 1382 1099 6.
1405 1071 1444 1099 Ad
1466 1070 1535 1100 illud
1557 1071 1633 1109 quod
1654 1071 1793 1107 obiicitur,
1808 1072 1883 1110 quod
1905 1080 1993 1110 poena
2014 1082 2069 1102 non
2084 1078 2127 1103 est

1279 1125 1363 1146 causa
1384 1117 1498 1155 culpae3
1525 1117 1692 1153 dicendum,
1719 1118 1793 1155 quod
1819 1127 1919 1148 verum
1949 1122 1990 1148 est
2015 1119 2050 1149 de
2078 1120 2126 1149 illo

1279 1164 1353 1202 quod
1376 1168 1417 1194 est
1437 1172 1508 1202 pure
1522 1172 1620 1202 poena.
1643 1164 1716 1194 Talis
1737 1168 1831 1194 autem
1846 1167 1997 1204 corruptio
2019 1167 2126 1196 vitiosa

1279 1211 1305 1240 in
1327 1211 1413 1240 Adam
1429 1211 1579 1241 subsecuta
1593 1215 1635 1241 est
1657 1220 1693 1241 ex
1708 1212 1806 1250 culpa,
1829 1214 1894 1250 quia
1908 1221 1945 1242 ex
1966 1214 2031 1248 hoc,
2051 1213 2127 1251 quod

1278 1258 1415 1295 peccavit,
1437 1266 1502 1287 caro
1523 1259 1584 1287 eius
1600 1258 1736 1288 dissoluta
1750 1262 1804 1295 est,
1826 1268 1881 1289 non
1896 1260 1988 1289 solum
2010 1261 2127 1290 dissolu-

1278 1305 1352 1334 tione
1367 1305 1522 1334 orctz'mmte
1534 1305 1544 1319 ‘³
1566 1306 1607 1334 ad
1620 1310 1751 1340 mortem,
1773 1307 1821 1336 sed
1841 1307 1925 1336 etiam
1945 1306 2071 1344 faciente
2085 1317 2127 1337 re—

1279 1352 1439 1386 bellionem,
1461 1356 1489 1382 et
1509 1353 1626 1382 faciente
1651 1354 1848 1391 concupiscere
1873 1354 1949 1392 quod
1970 1363 2025 1384 non
2047 1355 2111 1384 licet
2118 1367 2125 1390 3

1279 1403 1306 1428 et
1326 1399 1402 1434 ideo,
1424 1400 1490 1436 quia
1521 1399 1584 1428 talis
1605 1400 1740 1429 vitiositas
1768 1404 1795 1429 et
1820 1409 1839 1429 α
1861 1401 1948 1438 eulpa
1969 1405 2011 1431 est
2032 1405 2060 1431 et
2087 1402 2128 1431 ad

1279 1446 1410 1483 culpam,
1434 1449 1524 1484 potest
1545 1447 1667 1484 quodam
1690 1447 1773 1476 modo
1795 1455 1912 1477 causare
1934 1452 2079 1486 peccatum
2099 1449 2125 1477 in

1279 1493 1380 1521 anima.
1403 1493 1456 1522 Hoc
1477 1496 1572 1522 autem
1593 1501 1647 1522 non
1669 1493 1734 1522 facit
1754 1493 1861 1531 aliquid
1875 1494 1928 1532 ipsi
1950 1495 2059 1524 animae
2077 1495 2127 1524 im-

1277 1540 1446 1577 partiendo,
1472 1540 1521 1569 sed
1543 1541 1635 1577 potius
1667 1540 1846 1575 rebellando,
1876 1544 1902 1570 et
1923 1541 1985 1571 ideo
2012 1541 2128 1571 subtra-

1280 1586 1429 1616 11911010.-
1444 1587 1475 1616 Et
1496 1588 1548 1616 hoc
1563 1588 1647 1616 modo
1661 1587 1799 1617 intellexit
1820 1588 1949 1626 Magister
1960 1589 1978 1624 ⁷,
1993 1589 2127 1618 animam
2142 1592 2232 1635 lucense*

1279 1634 1362 1671 infici
1382 1643 1401 1663 ct
1426 1643 1529 1668 carne,
1555 1638 1582 1664 et
1603 1635 1691 1664 traxit
1715 1635 1768 1665 hoc
1789 1643 1825 1665 ex
1853 1636 1946 1665 verbis
1966 1636 2128 1674 Augustini3
2161 1618 2232 1672 afflswg

1279 1685 1306 1711 et
1327 1682 1371 1711 his
1396 1682 1490 1711 verbis
1519 1685 1671 1711 consonant
1699 1683 1786 1712 verba
1806 1683 1936 1712 Anselmi.
1965 1684 2023 1713 Non
2052 1685 2125 1713 enim
2170 1688 2238 1719 ense}

1279 1729 1340 1758 vult
1361 1729 1507 1759 Anselmus
1522 1729 1628 1763 dicere,
1647 1730 1722 1767 quod
1737 1731 1861 1759 carentia
1882 1730 1992 1760 debitae
2006 1731 2127 1761 iustitiae
2137 1711 2237 1757 Ἐφ’

1276 1777 1435 1814 praecedat
1450 1777 1641 1806 necessitatem
1664 1778 1892 1815 concupiscendi,
1908 1786 1972 1807 cum
1987 1786 2002 1808 e
2023 1782 2129 1808 contra-

1279 1824 1321 1852 rio
1343 1824 1378 1852 sit
1392 1823 1490 1852 ordine
1511 1824 1646 1858 naturali3
1667 1831 1700 1853 eo
1715 1824 1789 1853 enim
1811 1825 1871 1862 ipso
1885 1825 1979 1854 anima
1999 1825 2128 1863 privatur

1279 1871 1327 1899 illa
1342 1871 1459 1905 iustitia,
1474 1878 1529 1908 quo
1551 1871 1744 1900 necessitatem
1759 1872 1973 1909 concupiscendi
1993 1872 2076 1901 hahet
2091 1880 2127 1901 ex

1280 1925 1363 1947 carne
1379 1918 1525 1946 coniuncta
1530 1928 1538 1952 3
1554 1918 1602 1946 sed
1618 1917 1671 1947 hoc
1686 1918 1814 1956 intelligit
1825 1922 1961 1956 quantum
1977 1919 2013 1948 ad
2028 1923 2128 1948 aetum

1280 1965 1511 2002 concupiscendi.
1527 1965 1659 1994 Similiter
1682 1965 1767 1994 verba
1789 1966 1910 2004 Hugonis
1931 1974 1985 1995 non
1999 1966 2008 1980 ⁵
2032 1966 2129 1995 intelli—

1280 2012 1370 2050 genda
1384 2015 1462 2046 sunt,
1484 2012 1560 2050 quod
1574 2020 1639 2041 caro
1660 2011 1765 2042 inficiat
1778 2013 1899 2042 animam
1916 2013 2006 2043 solum
2022 2013 2129 2043 ratione

1276 2058 1499 2098 passibilitatis,
1522 2059 1571 2088 sed
1593 2059 1676 2087 etiam
1692 2060 1799 2089 ratione
1816 2060 1965 2089 adiunctae
1978 2059 2129 2097 foeditatis

1280 2110 1306 2136 et
1327 2105 1510 2139 ‘vitiositatem
1530 2113 1615 2142 quam
1630 2105 1657 2133 in
1680 2106 1786 2135 semine
1800 2114 1861 2135 esse
1882 2105 2054 2143 manifestat
2068 2107 2129 2144 ipsa

1280 2153 1436 2190 corruptio,
1458 2160 1530 2189 quae
1556 2152 1674 2181 sentitur
1700 2152 1727 2181 in
1750 2156 1813 2181 actu
1840 2153 2017 2190 generativae
2043 2153 2129 2183 virtu-

1280 2200 1315 2228 tis
1327 2199 1347 2232 9,
1369 2202 1396 2228 et
1415 2199 1442 2227 in
1464 2199 1599 2228 memhris
1617 2199 1671 2228 illis
1694 2199 1797 2229 residet
1818 2200 2018 2237 principaliter,
2034 2209 2129 2238 quam-

1281 2246 1323 2275 vis
1344 2246 1435 2274 onmia
1458 2246 1513 2274 alia
1534 2246 1569 2274 ita
1592 2246 1646 2275 sint
1664 2247 1831 2284 passibilia,
1854 2248 1925 2276 sicut
1947 2247 2002 2276 illa.

2165 417 2214 435 Nota
2223 424 2228 440 ς

2137 441 2228 464 exoeptiv.

1344 2373 1353 2388 5
1370 2373 1392 2396 ln
1410 2374 1468 2396 loan.
1488 2374 1574 2402 Evang.
1593 2377 1619 2396 tr.
1642 2375 1689 2396 lto⁴
1709 2380 1730 2396 n.
1754 2374 1781 2401 7;
1799 2374 1844 2396 Xll.
1869 2373 1897 2396 de
1919 2373 1967 2397 Civ.
1991 2374 2044 2402 Dei,
2063 2379 2082 2396 e.
2111 2375 2128 2396 l.

1282 2419 1302 2435 n.
1322 2413 1350 2441 3;
1367 2412 1395 2436 de
1413 2413 1495 2435 Natura
1514 2413 1576 2441 boni,
1593 2419 1611 2435 c,
1631 2413 1651 2435 3.
1670 2419 1750 2442 seqq.;
1769 2413 1797 2435 de
1816 2413 1914 2442 Quantit.
1932 2414 2036 2441 animae,
2054 2419 2072 2436 c.
2092 2413 2128 2435 34.

1281 2458 1302 2474 n.
1320 2452 1356 2474 78.

1344 2490 1353 2505 ⁶
1370 2491 1426 2514 Edd.
1438 2510 1442 2519 ,
1460 2494 1554 2519 excepta
1576 2492 1580 2512 1
1596 2510 1600 2519 ,
1614 2497 1666 2514 011111
1679 2490 1786 2519 pluribus
1798 2490 1865 2513 codd.
1884 2490 2047 2519 ordinationis,
2060 2490 2128 2513 codd.

1282 2530 1299 2552 T
1318 2529 1350 2552 bb
1368 2536 1394 2552 ee
1411 2533 1432 2553 et
1449 2530 1485 2552 alii
1503 2536 1555 2553 cum
1574 2530 1610 2552 ed.
1629 2531 1637 2551 sl
1660 2529 1808 2558 ordinantis,
1829 2529 1879 2552 cod.
1898 2530 1915 2552 A
1934 2529 2057 2552 concordat
2075 2535 2127 2552 cum

1281 2572 1357 2592 nostra
1376 2570 1477 2592 lectione.

1343 2608 1353 2622 ⁷
1370 2609 1410 2631 Hic
1428 2615 1446 2632 c.
1465 2609 1485 2631 3.
1504 2615 1568 2638 seqq⁴
1588 2621 1617 2624 —
1635 2609 1704 2631 Paulo
1730 2609 1838 2636 superius
1855 2610 1876 2631 et
1891 2607 1942 2631 ideo
1968 2606 2128 2631 subtrahendo

1281 2649 1443 2671 revocavimus
1461 2655 1487 2671 ex
1505 2648 1572 2671 codd.
1591 2648 1636 2670 lw
1647 2648 1691 2670 YZ
1709 2654 1734 2670 cc
1751 2654 1778 2670 ee
1795 2650 1817 2669 et
1833 2647 1886 2670 edd.
1909 2648 1913 2669 1
1929 2666 1934 2675 ,
1953 2648 1965 2669 2
1984 2653 2026 2675 pro
2043 2647 2066 2670 et
2081 2646 2128 2669 Deo

1280 2686 1456 2715 subtrahendo,
1476 2693 1546 2716 quam
1564 2687 1683 2709 lectionem
1701 2686 1751 2709 Vnt.
1778 2685 1820 2708 sibi
1841 2685 1971 2714 adoptavit,
1995 2684 2045 2708 cod.
2065 2684 2083 2713 Q
2102 2684 2127 2713 (a

1280 2727 1382 2750 secunda
1399 2727 1479 2755 manu)
1497 2728 1518 2749 el
1534 2725 1625 2756 aliquid
1642 2724 1808 2749 subtrahendo.
1827 2725 1896 2747 Paulo
1918 2724 2012 2747 inferius
2035 2726 2088 2751 post
2108 2725 2130 2746 et

1281 2766 1317 2790 his
1333 2765 1410 2790 verbis
1427 2766 1495 2793 edd„
1514 2768 1607 2794 excepta
1629 2766 1633 2786 1
1649 2784 1654 2793 ,
1672 2767 1777 2793 repetunt
1794 2763 1927 2794 Augustini.

1344 2805 1353 2820 5
1370 2806 1421 2828 Vat.
1440 2811 1493 2828 cuin
1510 2805 1562 2828 eddi
1582 2806 1611 2828 2.
1631 2805 1657 2832 3,
1677 2804 1689 2826 4
1709 2804 1745 2826 hic
1762 2804 1844 2826 omittit
1861 2802 1996 2831 particulam
2009 2807 2056 2824 11011
2069 2807 2127 2824 eain·

1281 2852 1326 2875 que
1344 2852 1396 2868 mox
1414 2845 1520 2874 praefigit
1536 2844 1650 2867 vocabulo
1668 2843 1753 2866 solum.

1343 2885 1352 2899 ‘³
1370 2884 1485 2908 Consentit
1502 2884 1523 2906 S.
1538 2884 1620 2905 Tlioni.
1634 2882 1672 2909 (de
1684 2882 1748 2911 Malo,
1766 2889 1788 2911 q.
1807 2881 1827 2904 4.
1846 2888 1865 2904 a.
1884 2881 1905 2903 ss.
1924 2881 1952 2903 ad
1975 2879 2127 2909 lss.):Libido

1281 2925 1389 2951 actualis,
1409 2930 1468 2953 quae
1485 2927 1517 2946 est
1536 2924 1557 2945 in
1572 2923 1639 2950 coitu,
1655 2924 1689 2943 est
1705 2921 1801 2951 3191111111
1814 2920 2011 2948 concupiscentiae
2024 2918 2127 2941 habitua-

1282 2964 1321 2992 lis,
1341 2969 1401 2992 quae
1418 2963 1563 2985 materialiter
1580 2968 1603 2984 se
1622 2960 1688 2984 habet
1706 2961 1728 2983 in
1747 2959 1849 2988 originali
1868 2962 1968 2987 peccato.
