2243 3425
186 637 213 655 De
231 636 315 654 inciden-

195 662 212 678 te
222 661 314 683 quaestio-

194 689 217 702 ne
229 683 301 701 frivola.

185 1200 248 1218 Pmoun
263 1201 314 1224 prin-

209 1224 274 1247 cipalis
296 1226 313 1242 et

329 180 385 207 792

328 257 355 285 in
377 257 519 294 originalis
544 256 649 293 peccati
676 255 864 283 transfusione
890 252 1103 289 intelligendum
1127 255 1177 280 est.

329 305 381 333 Etsi
411 307 555 341 peccatum
580 303 652 330 Adae
678 305 705 330 et
729 304 875 338 peccatum
904 300 974 328 Evae
996 300 1111 328 fuerunt
1136 299 1178 328 di-

328 359 420 384 versa,
443 354 527 386 prout.
549 353 639 377 tamen
663 349 690 376 in
712 348 840 384 originali
862 351 975 384 peccato
1002 346 1178 375 inliciebatur

329 397 355 425 in
379 400 497 433 utroque
521 397 560 424 vis
576 396 749 432 generativa,
771 403 859 424 unum
883 397 1028 431 peccatum
1043 393 1178 430 originale

328 445 354 472 in
377 444 454 481 prole
476 443 641 476 causabant,
664 443 701 470 ita
723 443 811 479 quod,
827 442 899 471 sicut
920 440 1111 479 principaliter
1128 441 1180 468 vir-

329 496 374 519 tus
389 490 549 527 generativa.
571 490 675 518 residet
695 497 779 526 penes
802 489 911 523 virum,
934 489 971 516 ita
986 489 1069 517 etiam
1092 491 1180 515 trans-

328 538 400 566 fusio
422 537 564 573 originalis
586 536 777 574 principaliter
799 536 964 565 attribuitur
988 535 1060 568 viro;
1082 535 1180 563 11111110-

328 585 420 613 minus
443 587 534 612 tamen
559 583 670 620 utrique
692 583 856 612 attribuitur
878 591 929 612 suo
946 583 1087 611 1110110.-
1103 582 1179 610 Unde

327 631 427 659 frivola
442 634 483 659 est
507 631 553 659 illa
568 631 707 668 quaestio,
730 639 785 668 qua
805 631 962 668 quaeritur,
978 634 1075 658 utrum
1092 633 1180 658 trans-

327 679 494 707 funderetur
519 678 662 715 originale,
689 678 709 707 si
729 682 834 706 tantuin
858 678 901 706 vir
924 678 966 706 vel
990 680 1098 706 tantum
1123 684 1180 704 inu-

328 725 379 753 lier
401 729 554 762 peccasset:
570 725 644 762 quia,
666 733 731 754 cum
746 725 781 753 ad
807 725 1014 762 generationem
1040 724 1097 752 duo
1119 732 1180 752 con-

326 774 443 801 currant
471 777 603 810 tanquam
634 781 720 801 unum
749 772 932 809 principium,
955 780 1009 800 non
1036 775 1180 808 pateretur

327 820 414 854 Deus,
436 820 509 857 quod
534 820 577 848 vir
599 820 780 856 incorruptus
803 819 913 847 mulieri
937 823 1087 855 corruptae
1109 826 1180 847 com-

327 867 506 901 misceretur,
523 867 566 895 vel
581 875 595 895 e
617 874 760 895 converso.
777 867 864 895 Debet
879 866 967 897 enim,
987 866 1045 894 sive
1061 866 1087 894 in
1105 869 1180 894 statu

327 918 444 943 naturae
472 914 613 942 institutae
641 914 700 942 sive
726 914 753 941 in
775 917 849 942 statu
876 917 993 942 naturae
1015 916 1179 950 corruptae,

327 962 433 990 servari
450 962 593 998 proportio
609 964 635 990 et
657 961 836 990 conformitas
859 961 910 989 viri
934 961 1042 998 agentis
1064 960 1098 989 ad
1123 969 1181 988 mu-

328 1009 422 1037 lierem
440 1008 651 1045 suscipientem,
667 1016 731 1037 cum
754 1008 781 1036 111
797 1011 859 1037 actu
883 1008 930 1036 illo
945 1007 1102 1036 efficiantur
1123 1015 1180 1036 una

327 1064 391 1084 caro
408 1055 424 1083 ².

407 1102 431 1130 3.
455 1102 491 1131 Ad
508 1102 578 1131 illud
594 1102 669 1139 quod
684 1102 816 1130 obiicitur
838 1102 872 1130 de
893 1102 1098 1139 multiplicitate
1120 1109 1181 1138 poe-

327 1158 444 1183 narum,
473 1150 640 1183 dicendum,
667 1149 742 1187 quod
759 1150 805 1178 uni
829 1149 930 1187 culpae
954 1149 1105 1186 respondet
1124 1157 1180 1177 una

328 1206 416 1234 poena
434 1197 614 1234 principalis
622 1208 631 1230 ,·
654 1197 749 1233 plures
775 1199 868 1225 autem
891 1200 1009 1233 possunt
1031 1204 1092 1225 esse
1121 1204 1180 1224 noa

209 1253 244 1265 nvn
264 1248 314 1270 min-
323 1244 513 1281 principales.
537 1244 739 1281 Principalem
770 1247 864 1272 autent
894 1244 956 1272 dico
988 1251 1105 1280 poenam
1138 1251 1181 1271 ae-

208 1271 280 1295 cipalis.

244 1389 303 1407 Aliter

328 1295 448 1326 ternam,
473 1300 528 1319 non
553 1291 749 1328 principalem
771 1295 864 1320 autem
896 1299 1013 1328 poenam
1045 1295 1180 1328 tempora.-

327 1339 394 1373 lom,
416 1346 488 1376 quae
510 1339 632 1376 quodam
656 1339 738 1367 modo
760 1343 801 1367 est
823 1338 858 1367 ad
883 1339 988 1367 bonum
1011 1339 1179 1366 ordinativa.

306 1403 366 1407 ·—
387 1386 435 1415 Vel
461 1386 659 1423 principalem
687 1394 755 1415 voco
784 1386 877 1420 illam,
907 1394 979 1423 quae
1008 1386 1099 1423 primo
1129 1394 1179 1422 pro

327 1434 409 1470 culpa
438 1433 593 1470 infligitur;
620 1442 677 1461 non
702 1433 900 1470 principalem
930 1441 1012 1467 vero,
1043 1441 1115 1470 quae
1144 1433 1179 1461 1111

328 1481 406 1509 istam
437 1480 625 1517 consequitur.
653 1480 794 1517 Originale
820 1484 915 1508 autem
941 1488 997 1507 una
1024 1487 1112 1516 poena
1138 1487 1180 1507 ae-

328 1530 405 1556 terna
428 1528 556 1564 punitur,
584 1527 712 1555 videlicet
732 1527 855 1555 carentia
876 1527 990 1555 visionis
1010 1527 1071 1559 Dei;
1098 1527 1179 1555 unica

327 1575 409 1603 etiam
426 1583 515 1612 poena
537 1574 681 1611 temporali
703 1574 906 1612 principaliter,
927 1574 1057 1602 videlicet
1081 1578 1180 1602 morta-

326 1622 403 1650 litate
418 1622 523 1653 carni&
545 1622 594 1650 sed
609 1622 643 1650 ad
667 1621 864 1650 mortalitatem
882 1621 986 1649 multae
1006 1629 1180 1658 consequun-

327 1672 372 1697 tur
395 1668 585 1705 poenalitates.

405 1716 431 1743 [1.
454 1715 491 1743 Ad
516 1715 585 1743 1111111
607 1715 682 1752 quod
705 1714 835 1743 obiicitur
857 1715 891 1743 de
915 1715 1119 1751 multiplicitate
1142 1715 1180 1742 in-

326 1762 521 1793 clinationum,
544 1762 799 1799 11100111111111,1[11011
821 1762 901 1796 sicut,
929 1771 984 1790 una
1007 1762 1113 1791 chorda
1136 1771 1179 1790 ru-

326 1813 385 1847 pta,
408 1818 463 1846 qua
486 1810 574 1837 mulla
595 1809 775 1846 colligantur,
798 1809 925 1846 sequitur
949 1809 1053 1837 laxatio
1080 1809 1179 1838 multo-

327 1865 406 1891 rum,
428 1860 455 1885 et
478 1860 568 1885 tamen
591 1865 648 1885 una
677 1860 718 1885 est
740 1857 777 1884 ibi
801 1856 892 1893 prima
917 1857 1061 1893 corruptio
1083 1860 1109 1885 et
1140 1857 1178 1884 la-

326 1905 416 1938 xatio;
440 1904 477 1933 sic
509 1903 718 1940 intelligendum
743 1907 784 1932 est
813 1906 840 1932 et
866 1904 892 1931 in
915 1904 1069 1940 proposito,
1103 1904 1177 1941 quod

326 1951 430 1980 iustitia
451 1951 623 1979 innocentiae
648 1958 698 1988 per
721 1950 856 1987 originale
880 1954 1023 1987 peccatum
1053 1951 1177 1988 privata.

325 2007 421 2028 omnes
444 1999 517 2027 vires
539 1999 648 2027 anin‘iae
671 1998 848 2031 relaxantur3
873 2006 929 2027 una
950 2001 1040 2027 tamen
1064 2002 1105 2027 est
1121 2007 1178 2030 cor-

325 2046 431 2083 ruptio,
454 2046 593 2083 loquendo
615 2045 820 2079 essentialiter,
844 2046 941 2082 plures
963 2049 1056 2074 autem
1081 2046 1178 2075 intelli-

325 2094 414 2130 gendo
437 2093 606 2122 causaliter.

1013 174 1266 203 SENTENTIARUM
1289 174 1348 203 LlB.
1372 174 1399 202 ll.

1316 253 1340 280 5
1364 253 1401 281 :ld
1425 253 1494 281 illud
1517 261 1584 282 vero
1606 254 1681 290 quod
1703 253 1846 288 obiicitur,
1868 254 1944 291 quod
1967 258 2008 283 est
2030 263 2088 283 cor-

1236 299 1330 336 ruptio
1352 299 1530 328 diversarum
1559 300 1677 333 virium;
1700 301 1864 335 dicendum,
1886 301 1961 338 quod
1989 309 2086 330 verum

1236 350 1291 381 est3
1313 347 1361 375 sed
1383 348 1454 375 sicut
1470 347 1559 384 gratia
1581 348 1694 384 ponitur
1714 355 1775 376 esse
1797 349 1822 376 in
1840 348 1947 377 viribus
1965 349 2087 383 animae,

1237 396 1321 430 prout
1343 397 1434 421 tamen
1462 394 1661 422 continuantur
1687 394 1722 423 ad
1751 395 1885 423 unitatem
1916 395 2088 424 substantiae

1237 440 1359 470 animae.
1382 444 1408 469 et
1432 441 1493 470 ideo
1510 449 1565 469 una
1587 444 1628 470 est
1644 442 1734 478 gratia
1756 442 1782 470 in
1798 442 1928 470 omnibus
1947 442 2088 476 viribus&

1238 488 1276 516 sic
1298 491 1324 516 et
1345 488 1479 524 originale
1502 492 1647 525 peccatum
1671 492 1713 517 est
1739 489 1882 526 corruptio
1904 489 2030 526 plurium
2053 489 2090 517 vi-

1238 535 1325 569 rium,
1347 539 1431 572 prout
1454 539 1545 564 tamen
1562 535 1625 564 illae
1648 535 1722 564 vires
1745 536 1771 563 in
1788 536 1894 565 unitate
1916 536 2089 565 substantiae

1239 582 1285 610 uni
1308 582 1384 611 carni
1408 583 1511 611 liabent
1534 582 1615 611 uniri.
1637 599 1675 603 -—
1694 583 1725 611 Et
1746 583 1785 611 sic
1808 583 2020 620 intelligendum
2049 586 2090 612 est
2103 589 2214 616 Quomodo,

1238 629 1309 658 illud
1332 629 1462 663 verbum,
1485 629 1559 666 quod
1577 630 1611 657 ab
1633 629 1775 667 aliquibus
1793 631 1937 658 consuevit
1959 630 2026 664 dici,
2041 630 2090 659 sci·
2099 613 2218 678 ἓέξῗῗιιῑῗὲιῖζ

1239 676 1302 705 licet
1323 676 1398 713 quod
1428 676 1562 713 originale
1585 676 1656 705 inest
1684 677 1793 705 animae
1823 677 1978 706 secundum
2008 685 2089 706 suam

1237 724 1401 751 essentiam.
1425 724 1476 752 Hor
1505 724 1578 752 enim
1602 733 1655 752 non
1685 728 1726 753 est
1756 724 1984 761 intelligendum,
2014 725 2089 762 quod

1238 771 1326 808 ipsam
1350 771 1533 799 substantiam
1564 771 1673 800 animae
1694 772 1829 809 originale
1858 773 1938 809 prius
1960 773 2090 810 respiciat

1238 826 1321 855 quam
1346 818 1491 855 potentias.
1514 818 1579 846 Nati]
1604 819 1777 847 contrarium
1805 820 1890 848 liuius
1912 819 1979 848 dicit
2001 820 2092 848 Ansel-

1239 873 1302 894 mus
1325 865 1350 893 in
1375 865 1446 893 libro
1468 865 1502 894 de
1524 865 1663 903 Conceptu
1688 866 1815 902 virginali
1830 867 1849 901 ³,
1872 867 1946 904 quod
1975 871 2028 895 tam
2053 867 2091 895 iu-

1238 912 1311 940 stitia
1334 920 1418 949 quam
1442 912 1576 941 iniustitia
1600 913 1690 950 primo
1712 917 1754 941 est
1775 913 1801 941 in
1825 914 1984 947 voluntate,
2006 918 2033 942 et
2057 914 2091 942 lo-

1238 960 1335 996 quitur
1359 960 1394 987 ibi
1417 967 1551 996 expresse
1569 960 1602 988 tle
1619 964 1731 997 peccato
1746 960 1884 997 originali.
1908 961 1938 989 Et
1953 961 2001 995 sic,
2015 961 2091 989 intel-

1239 1006 1362 1043 ligendo,
1392 1007 1465 1044 quod
1496 1007 1641 1044 oriqinale
1669 1011 1829 1044 peccatum,
1859 1012 1889 1036 ut
1917 1007 2005 1044 calpa
2033 1010 2090 1042 est,

1238 1054 1273 1082 sit
1296 1054 1386 1090 primo
1408 1054 1435 1082 111
1458 1054 1616 1088 voluntate,
1644 1058 1675 1083 ut
1702 1055 1824 1088 vitiam,
1847 1056 1882 1083 sit
1912 1055 1937 1083 111
1961 1055 2091 1092 pluribus

1238 1101 1368 1138 potentiis
1389 1101 1424 1129 ad
1450 1109 1534 1129 unam
1552 1101 1736 1130 substantiam
1760 1102 1940 1136 continuatis,
1964 1102 2090 1139 iutelligi-

1239 1152 1284 1177 tur
1315 1148 1418 1177 babere
1448 1149 1562 1177 unicum
1593 1149 1769 1179 subiectum.
1798 1149 1870 1178 sicut
1898 1150 2002 1178 sanitas
2036 1157 2091 1177 una

1240 1196 1352 1232 ponitur
1374 1204 1434 1225 esse
1457 1196 1483 1224 in
1499 1196 1631 1224 omnibus
1653 1196 1788 1225 membris
1803 1196 1930 1225 eiusdem
1952 1197 2090 1233 corporis,

1238 1244 1310 1272 sicut
1336 1244 1395 1272 vult
1421 1243 1621 1280 Augustinus&
1643 1243 1700 1271 Non
1727 1243 1766 1272 sic
1785 1247 1879 1272 autem
1905 1247 1947 1272 est
1968 1243 2003 1272 de
2032 1252 2092 1281 pec-

1239 1295 1299 1319 cato
1321 1290 1442 1319 actuali.
1469 1291 1535 1319 Nam
1564 1295 1677 1327 peccata
1702 1291 1822 1319 actualia
1850 1291 1977 1319 diversas
1999 1293 2092 1327 poten-

1240 1338 1290 1366 tias
1316 1338 1484 1374 respiciunt‚
1514 1338 1669 1367 secundum
1694 1338 1769 1375 quod
1798 1338 1832 1366 ad
1860 1338 1986 1366 diversos
2011 1341 2090 1367 actus
2118 1331 2121 1332 ⁷

1238 1389 1452 1422 comparantur,
1474 1385 1549 1414 unde
1578 1389 1604 1413 et
1628 1393 1676 1422 per
1702 1385 1829 1414 diversos
1857 1389 1936 1414 actus
1962 1385 2090 1413 introdu-

1238 1436 1342 1461 cuntur
1365 1433 1390 1460 in
1414 1441 1487 1466 esse,
1507 1436 1533 1461 et
1555 1437 1704 1470 propterea
1720 1433 1875 1461 secuudum
1898 1433 2090 1461 diversitatem

1239 1480 1426 1517 potentiarum
1454 1480 1557 1508 liabent
1580 1480 1701 1508 differre.
1731 1479 1787 1507 Non
1817 1480 1856 1508 sic
1878 1483 1919 1508 est
1948 1480 1982 1508 de
2004 1479 2093 1516 oripi-

1239 1527 1302 1555 nali
1323 1531 1447 1564 peccato,
1463 1527 1538 1564 quod
1555 1527 1731 1555 contrahitur
1754 1534 1789 1555 ex
1806 1527 1908 1555 unione
1930 1526 2039 1555 animae
2055 1526 2090 1555 ad

1238 1575 1381 1603 carnemf’.

1318 1622 1343 1649 6.
1366 1621 1403 1649 Ad
1428 1621 1497 1649 illud
1520 1621 1592 1658 quod
1617 1621 1716 1649 ultimo
1739 1621 1869 1649 obiicitur
1891 1621 1926 1649 de
1948 1628 2091 1658 compara-

1238 1669 1310 1698 tione
1332 1669 1365 1697 ad
1389 1669 1565 1706 oppositum,
1588 1668 1641 1696 iam
1671 1671 1746 1705 patet
1772 1668 1924 1704 responsio.
1948 1668 2015 1696 Nam
2039 1667 2092 1696 ori—

1237 1716 1327 1753 ginale
1358 1719 1502 1753 peccatum
1538 1715 1627 1752 primo
1657 1719 1683 1744 et
1715 1715 1906 1752 principaliter
1936 1715 2089 1744 virtutibus

1237 1772 1291 1792 non
1314 1763 1477 1801 opponitur,
1503 1763 1552 1791 sed
1574 1763 1725 1799 opponitur
1748 1763 1868 1791 iustitiae
1890 1763 2032 1799 originali,
2055 1763 2089 1791 de

1236 1819 1292 1848 qua
1315 1819 1397 1846 saepe
1419 1810 1524 1838 (lictum
1548 1814 1589 1838 est
1599 1810 1624 1843 '²3
1646 1813 1673 1838 et
1696 1810 1770 1837 illam
1794 1809 1939 1846 prix-ando,
1965 1817 2014 1846 per
2030 1817 2091 1838 con-

1236 1866 1357 1895 sequens
1380 1857 1492 1886 inclinat
1514 1857 1549 1885 ad
1576 1857 1688 1885 diversa
1710 1857 1793 1891 vitia,
1816 1861 1843 1885 et
1869 1857 1907 1885 sic
1930 1857 2090 1885 inclinando

1236 1913 1299 1934 cuin
1323 1905 1455 1933 omnibus
1479 1904 1630 1933 virtutibus
1653 1904 1736 1932 liabet
1760 1904 1982 1941 repugnantiam.
2014 1904 2089 1933 Unde

1237 1953 1307 1980 ratio
1330 1951 1377 1979 illa
1400 1959 1453 1979 non
1476 1951 1560 1987 cogit,
1583 1952 1649 1988 quia
1664 1959 1718 1979 nou
1741 1951 1832 1987 arguit
1857 1959 1905 1987 per
1927 1951 1996 1979 illud
2013 1951 2088 1988 quod

1236 1999 1387 2036 opponitur
1406 1998 1524 2032 directe,
1545 1998 1593 2026 sed
1610 1998 1700 2027 solum
1724 2006 1774 2035 per
1797 1998 1823 2026 id
1839 1998 1914 2035 quod
1937 1998 2089 2035 opponitur

1236 2054 1272 2075 ex
1295 2045 1474 2083 consequenti
1492 2045 1509 2072 ⁷.
1551 2079 1557 2084 .

1045 2216 1282 2250 ARTICULUS
1310 2217 1361 2249 Ill.

966 2335 1006 2363 Dc
1024 2343 1119 2372 poena
1138 2335 1253 2372 peccati
1274 2335 1440 2372 oriyinalis.

406 2457 613 2494 Consesiluenter
644 2457 790 2494 quaeritur
822 2460 958 2494 quantum
990 2457 1026 2486 ad
1061 2458 1173 2486 tertium

323 2504 473 2532 articulum
503 2504 537 2532 de
567 2511 654 2540 poena
676 2503 826 2540 originalis.
852 2504 881 2532 Et
910 2504 983 2532 circa
1013 2504 1065 2532 hoc
1094 2512 1175 2541 quae-

325 2554 426 2578 rnntur
448 2551 513 2579 duo.

403 2598 493 2626 Primo
515 2598 670 2634 quaeritur,
694 2602 789 2626 utrum
809 2597 975 2626 decedentes
999 2598 1024 2625 in
1048 2598 1173 2626 50101111-

1233 2458 1316 2495 ginali
1341 2458 1494 2495 puniantur
1517 2466 1605 2495 poeua
1628 2458 1698 2495 ignis
1722 2458 1882 2486 materialis.

1313 2505 1440 2533 Secundo
1462 2505 1622 2542 quaeritur,
1645 2508 1740 2533 utrum
1766 2505 1919 2541 puniantur
1938 2513 2026 2542 poena
2049 2505 2086 2533 in-

1233 2552 1342 2581 terioris
1365 2552 1482 2586 doloris,
1505 2561 1539 2580 an
1561 2552 1653 2580 solnm
1675 2552 1798 2580 carentia
1822 2552 1935 2580 visionis
1949 2552 1966 2579 ⁵.

388 2756 393 2769 ¹
414 2756 540 2783 Respicinn·
557 2757 612 2778 Gru.
631 2757 651 2783 -Ζ,
670 2756 706 2778 21.

385 2795 395 2809 ²
412 2795 439 2817 Ut
461 2800 578 2817 ostensum
604 2799 638 2818 cst
662 2802 731 2823 supra
756 2796 778 2818 (1.
803 2797 839 2818 26.
863 2803 884 2825 q.
909 2796 931 2818 5.
954 2800 975 2818 ct
998 2796 1020 2818 11.
1047 2796 1083 2818 27.
1108 2803 1127 2818 a.
1156 2797 1172 2818 l.

324 2840 345 2862 11.
368 2834 385 2855 l.
403 2841 450 2863 seq.

386 2871 396 2885 ³
412 2872 465 2900 Cap.
485 2873 505 2894 3.
524 2880 578 2901 51111.Υ
597 2880 623 2895 cx
641 2880 687 2902 quo
705 2875 749 2896 iarn
767 2880 836 2901 supra
856 2880 909 2901 pag.
929 2874 981 2901 722,
1001 2878 1051 2896 nota
1071 2875 1092 2896 3.
1105 2881 1173 2903 quin·-

324 2910 377 2932 (lam
395 2911 489 2938 allegata
508 2915 566 2933 sunt.

387 2947 394 2962 ⁴
414 2949 480 2976 Epist.
503 2950 550 2971 187.
570 2951 638 2973 talias
656 2951 702 2977 57.)
721 2959 761 2974 scu
779 2952 839 2974 Lihr.
858 2952 887 2974 ad
905 2952 1038 2974 Dardanum
1059 2953 1087 2975 do
1106 2959 1172 2980 prac-

324 2988 393 3009 sontia
413 2987 463 3014 Dei,
482 2994 499 3009 c.
523 2988 539 3010 1,
558 2996 578 3010 11.
601 2990 633 3011 13.

1296 2757 1305 2771 5
1324 2757 1404 2785 Quoad
1424 2761 1493 2779 totam
1512 2758 1570 2779 lianc
1588 2758 1725 2779 solutionem
1744 2761 1765 2779 ct
1782 2757 1898 2779 diversam
1912 2758 2047 2779 sententiam
2061 2758 2083 2779 S.

1231 2796 1335 2818 Τ110111111ἱ
1354 2797 1392 2818 1·1“1“.
1412 2803 1482 2824 snpra
1502 2796 1523 2818 (l.
1543 2797 1579 2819 31.
1599 2804 1618 2819 a.
1642 2798 1658 2819 l.
1677 2804 1699 2826 q.
1719 2798 1738 2819 2.

1293 2834 1302 2848 6
1321 2835 1412 2862 anst.
1431 2836 1538 2863 praeced.
1557 2836 1584 2857 nd
1603 2836 1628 2863 G,
1648 2842 1666 2857 a.
1690 2836 1708 2857 1.
1727 2842 1748 2864 11.
1768 2836 1787 2857 Q,
1807 2835 1909 2858 fundam.
1929 2836 1948 2857 2.
1967 2839 1989 2857 ct
2011 2835 2040 2857 ad
2057 2836 2082 2863 3,

1231 2873 1252 2895 d.
1271 2873 1290 2895 5.
1310 2881 1329 2896 a.
1348 2875 1368 2896 3.
1388 2881 1408 2903 (1.
1433 2875 1448 2896 Ι.
1467 2876 1489 2896 in
1508 2881 1583 2904 corp„
1602 2875 1623 2897 11.
1643 2876 1678 2897 29.
1697 2882 1716 2897 a.
1736 2876 1756 2897 2.
1775 2882 1795 2903 q.
1819 2875 1836 2897 1.
1855 2875 1883 2897 all
1902 2876 1922 2897 Ξ.

1297 2913 1304 2927 7
1323 2913 1380 2935 X'itlt·
1398 2914 1499 2936 scholion
1519 2914 1547 2936 ad
1567 2914 1744 2942 praecedentem
1764 2918 1851 2943 qmwst.

1294 2952 1303 2966 S
1322 2953 1370 2974 Vnt.
1390 2960 1442 2975 cuni
1461 2954 1513 2975 edd.
1533 2954 1553 2981 3,
1574 2953 1585 2975 Ἰ1
1604 2954 1680 2975 adiicit
1699 2953 1746 2976 Dei.
