2243 3425
23 906 78 925 flodus
88 906 103 923 1.
112 910 140 923 in-

18 946 19 962 *
27 929 126 953 telligendi,

41 1851 104 1869 Modus
118 1852 134 1869 ΞΔ

19 2040 75 2058 Aliter
86 2040 135 2059 inest

15 2064 73 2089 qratia,
79 2064 134 2082 aliter

15 2089 72 2105 tirius.

13 2555 105 2576 Conclusio
116 2557 133 2576 1.

710 211 793 240 DlST.
817 212 905 241 XXVI.
928 213 1001 241 ART.
1026 212 1142 242 UNICUS
1164 213 1301 250 QUAEST.
1324 213 1354 242 V.

474 297 685 318 CONCLUSIO.

159 382 266 411 Gratia
284 383 357 411 inest
367 383 487 412 (titianae
500 384 598 421 primo
612 385 773 413 seeundum
787 384 947 414 libertatem
958 394 1006 414 ar-

234 429 332 463 biti-tt,
352 434 378 458 et
396 430 507 458 (licitur
529 430 673 467 respicere
695 430 910 466 substanttam,
933 432 1005 470 [sitia

233 475 316 505 habet
343 485 403 505 esse
427 478 458 505 2²12
480 478 637 514 potentiale,
662 482 695 506 ut
723 479 937 507 continuantiu-
965 480 1007 508 ad

233 532 325 552 warin
345 524 508 552 essentiam.

234 618 406 647 Responnsso:
434 618 471 647 Ad
497 618 707 655 praedictorum
733 619 944 656 intelligentiam
964 623 1006 648 est

153 665 320 699 notandum,
337 665 412 702 quod
424 665 581 694 communis
593 665 686 703 opinio
701 668 787 698 tenet,
801 666 936 703 qratiam
951 667 1006 703 pri-

152 720 198 741 mo
221 713 360 749 respicere
375 712 485 741 animae
507 713 706 747 substantiam,
728 716 755 742 et
776 714 899 742 virtutes
914 714 1005 750 primo

152 759 292 796 respicere
314 759 463 796 potentias,
485 762 516 788 ut
536 760 574 788 sic
596 767 646 796 per
668 760 785 797 gratiam
803 760 829 788 in
853 760 1006 790 virtutibus

151 806 201 835 fiat
215 807 376 836 reformatio
396 807 524 844 imaginis
540 810 662 841 creatae,
683 816 755 845 quae
769 808 894 837 consistit
916 808 943 836 in
960 808 1006 836 tri-

152 855 237 883 nitate
252 855 439 891 potentiarum
460 857 487 883 et
502 854 608 883 unitate
623 855 804 884 substantiae.
825 855 895 884 Haec
910 859 1004 884 autem

153 901 252 938 positio
267 901 417 938 dupliciter
437 905 527 938 potest
548 902 674 939 intelligi.
690 902 747 931 Uno
763 902 859 937 modo,
882 906 913 930 ut
929 902 1006 931 intel-

153 947 265 985 ligatur,
280 947 355 984 quod
367 948 442 976 Deus
458 948 536 985 prius
552 948 650 977 influat
665 949 782 985 gratiam
799 949 826 977 in
842 949 1004 983 essentiam,

152 999 179 1024 et
193 995 372 1032 postmodum
396 995 541 1024 influentia
559 995 606 1024 illa
621 996 649 1024 in
662 996 670 1011 ¹
693 996 850 1025 substantia
866 997 1006 1026 redundet

151 1043 178 1071 in
194 1042 343 1079 potentias,
359 1046 390 1070 ut
405 1042 444 1071 sic
456 1042 491 1071 sit
506 1043 685 1072 conformitas
701 1044 807 1080 gratiae
822 1044 857 1072 ad
872 1044 1005 1078 animam,

152 1089 210 1118 sive
226 1092 310 1126 prout
325 1089 519 1118 consideratur
538 1090 694 1118 secundum
711 1090 845 1119 rationem
863 1091 1003 1128 imaginis,

152 1136 210 1165 sive
224 1139 309 1173 prout
331 1136 525 1165 consideratur
548 1140 578 1165 ut
593 1137 725 1174 perfectio
748 1137 882 1174 corporis.
908 1138 1005 1166 Anima

152 1183 239 1217 enim,
255 1186 285 1212 ut
301 1186 342 1212 est
361 1183 493 1220 perfectio
513 1184 652 1221 corporis,
672 1184 778 1213 ratione
794 1192 861 1213 suae
877 1185 1005 1213 substan-

151 1230 205 1258 tiae
221 1230 265 1258 vel
280 1230 416 1259 essentiae
428 1231 542 1267 respicit
556 1231 759 1268 complexionis
774 1232 1003 1269 aequalitatem23

151 1277 258 1306 ratione
271 1286 338 1306 vero
349 1278 538 1315 potentiarum
551 1279 665 1316 respicit
676 1287 847 1316 organorum
860 1279 1005 1308 diversita-

151 1327 215 1353 tem.
234 1324 264 1353 Et
281 1325 403 1358 iterum,
418 1325 512 1353 anima
527 1325 553 1353 in
570 1333 599 1354 se
614 1329 641 1354 et
655 1326 751 1354 viuere
762 1326 847 1355 babet
861 1330 888 1354 et
903 1335 1004 1364 aper&

152 1371 199 1400 sed
215 1372 311 1400 vivere
329 1380 379 1409 per
402 1380 431 1401 se
447 1372 535 1408 ipsam
551 1375 578 1401 et
600 1372 744 1409 propriam
761 1373 894 1407 formam,
917 1381 1004 1411 apere

152 1427 218 1448 vero
240 1427 290 1456 per
311 1419 473 1456 potentiam.
496 1419 546 1448 Per
568 1420 643 1449 bunc
664 1420 797 1454 modum,
819 1420 842 1449 si
865 1420 954 1457 gratia
975 1421 1002 1449 in

150 1466 321 1504 perficiendo
337 1467 527 1495 conformatur
542 1467 678 1499 animae&
690 1467 743 1496 sub
758 1468 873 1496 ratione
885 1468 1004 1504 qratiae

150 1514 230 1551 prius
252 1513 335 1542 debet
356 1514 495 1550 respicere
518 1513 607 1549 ipsam
623 1514 732 1543 animae
755 1514 953 1548 substantiam,
977 1518 1003 1543 et

148 1569 200 1598 per
221 1560 345 1589 virtutes
366 1561 449 1589 debet
466 1569 527 1589 esse
551 1561 681 1597 perfectio
704 1561 901 1598 potentiarum.
919 1561 949 1590 Et
964 1569 1004 1590 se-

151 1608 275 1637 cundum
292 1608 366 1636 bunc
381 1608 493 1636 modum
511 1608 634 1643 dicendi,
650 1616 714 1637 cum
731 1608 834 1637 dicitur
844 1608 947 1645 ,qratia
962 1616 1003 1637 re-

151 1655 257 1692 spicere
273 1655 467 1689 substantiam,
483 1659 510 1684 et
524 1655 647 1684 virtutes
661 1656 807 1692 potentias,
822 1664 877 1684 non
894 1659 1000 1684 tantum

151 1703 316 1740 intelligitur
332 1711 392 1731 esse
408 1703 513 1731 dictum
530 1711 580 1740 per
599 1703 885 1740 appropriatt'onem.,
902 1711 1000 1732 verum

150 1750 231 1779 etiam
248 1758 299 1787 per
310 1750 531 1787 proprietatem.

228 1797 285 1826 Alio
305 1798 388 1826 modo
413 1801 503 1834 potest
519 1798 634 1834 intelligi
660 1797 803 1834 praedicta
826 1798 926 1835 positio
950 1806 1001 1835 per

149 1845 423 1881 appropriationem
438 1845 596 1882 quandam,
620 1853 672 1873 non
692 1845 758 1882 quia
773 1844 847 1873 Deus
862 1845 942 1881 prius
965 1844 1002 1872 in-

148 1892 217 1920 fluat
233 1893 351 1929 gratiam
368 1892 394 1920 in
418 1892 601 1921 substantiam
622 1900 706 1929 quam
724 1892 749 1920 in
772 1892 937 1928 potentiam,
952 1892 1000 1920 sed

149 1940 227 1977 quia,
249 1948 312 1968 cuin
335 1941 429 1968 anima
444 1940 577 1977 suscipiat
596 1939 729 1977 qratiam
753 1943 779 1968 et
800 1940 923 1968 virtutes
943 1948 1001 1968 me-

149 1986 242 2015 diante
265 1987 404 2023 potentia,
424 1990 450 2015 et
462 1986 469 2000 ⁴
496 1990 552 2015 tam
575 1986 679 2024 qratia
705 1995 789 2024 (luam
815 1986 910 2014 virtus
936 1986 1000 2015 insit

148 2034 257 2062 animae
273 2042 322 2070 per
337 2034 502 2071 potentiani,
525 2034 606 2062 aliter
622 2038 713 2062 tamen
729 2034 800 2062 inest
819 2034 887 2062 haec
903 2037 929 2062 et
945 2033 999 2061 illa.

155 2080 255 2108 Virtus
270 2080 343 2109 enim
364 2081 430 2109 dicit
444 2081 643 2118 perfectionem
667 2084 796 2118 respectu
812 2081 917 2117 operis,
931 2089 1000 2118 yra-

149 2128 190 2156 tt'a
206 2135 272 2156 vero
295 2128 361 2156 dicit
382 2128 579 2165 perfectionem
601 2132 730 2165 respectu
752 2128 800 2156 Dei
821 2128 999 2165 acceptantis.

147 2175 177 2203 Et
192 2175 324 2213 quoniam
341 2179 469 2212 respectu
485 2183 601 2212 operum
619 2175 757 2212 potentiae
772 2175 998 2212 distinguuntur3

146 2222 211 2251 binc
227 2226 281 2255 est,
297 2223 370 2260 quod
394 2223 514 2251 vii-tates
534 2223 670 2260 potentias
686 2222 840 2260 respiciunt
858 2226 890 2250 ut
905 2223 1000 2251 distin-

146 2273 216 2299 ctas.
239 2273 266 2298 et
282 2273 346 2299 tunc
370 2273 435 2299 sunt
456 2270 482 2298 in
499 2274 579 2304 actu,
598 2270 710 2307 quando
730 2270 868 2307 potentiae
884 2273 949 2298 sunt
971 2271 998 2298 in

146 2322 218 2347 actu.
237 2318 376 2346 Potentiae
395 2320 506 2351 autem,
530 2317 556 2345 in
579 2320 715 2354 quantum
741 2320 942 2353 comparantur
963 2317 998 2345 ad

146 2364 234 2393 Deum
262 2367 467 2401 acceptantem,
494 2365 575 2392 unica
603 2364 792 2400 acceptatione
817 2367 998 2400 acceptantur

147 2420 210 2440 cuin
228 2412 285 2448 ipsa
301 2411 469 2445 substanti-a,
486 2411 566 2439 cuius
582 2414 647 2439 sunt
660 2411 678 2445 ⁵,
698 2415 724 2439 et
739 2411 895 2439 secundum
912 2419 997 2439 unam

146 2463 276 2487 naturam
294 2459 319 2487 in
336 2459 375 2487 eis
392 2462 540 2495 repertam.
559 2458 588 2486 Et
603 2458 666 2486 binc
683 2461 736 2491 est,
753 2458 825 2494 quod
838 2458 942 2495 qratia
957 2461 999 2486 est

148 2514 216 2540 una,
239 2506 310 2534 sicut
331 2509 358 2534 et
380 2505 548 2538 substantia,
567 2508 594 2533 et
609 2508 651 2533 est
666 2512 777 2540 semper
792 2504 819 2532 in
835 2507 898 2532 actu
914 2504 998 2532 conti-

148 2561 216 2587 nuog,
228 2556 255 2582 et
267 2553 358 2590 primo
375 2552 477 2581 dicitur
494 2552 632 2589 respicere
645 2551 843 2585 substantiam,
862 2559 915 2579 non
931 2550 997 2587 quia

1856 213 1912 242 643

1065 292 1100 320 sit
1114 291 1141 320 in
1162 291 1209 320 illa
1223 291 1330 329 absque
1348 292 1483 329 potentia,
1499 291 1543 321 vel
1566 300 1616 329 per
1632 292 1712 329 prius
1724 300 1808 329 quam
1829 292 1856 321 in
1871 301 1917 329 po-

1064 338 1162 370 tentia,
1184 338 1233 367 sed
1248 339 1314 375 quia
1328 339 1413 367 habet
1427 346 1488 367 esse
1504 339 1530 367 in
1547 339 1690 376 potentiis,
1706 342 1737 367 ut
1756 339 1916 368 continuan-

1064 388 1110 413 tur
1125 385 1160 414 ad
1183 393 1266 414 unam
1287 386 1435 415 essentiam
1444 386 1461 414 ⁶.
1487 386 1586 414 Virtus
1601 393 1668 415 vero
1687 386 1790 415 dicitur
1809 394 1869 415 esse
1889 386 1917 414 in

1063 432 1206 469 potentiis,
1221 433 1286 470 quia
1299 433 1326 461 in
1342 433 1382 462 eis
1397 436 1450 468 est,
1465 436 1497 462 ut
1512 433 1674 462 referuntur
1690 434 1725 462 ad
1740 433 1916 470 operationes

1064 479 1199 508 diversas.

1145 526 1175 554 Et
1190 526 1235 555 hic
1247 527 1348 556 modus
1364 527 1535 564 intelligendi
1552 528 1640 565 magis
1651 536 1790 557 consonus
1801 531 1843 557 est
1857 536 1917 556 ver-

1065 572 1108 600 bis
1124 574 1297 610 Augustini,
1313 574 1360 611 qui
1377 574 1456 608 dicit,
1472 575 1547 612 quod
1566 575 1678 612 «gratia
1694 583 1723 604 se
1738 575 1822 604 habet
1837 575 1872 604 ad
1888 575 1917 604 li-
1929 581 2046 628 Affiggrffirdat

1063 619 1164 647 berum
1179 620 1342 655 arbitrium,
1359 621 1431 649 sicut
1446 629 1538 650 sessor
1553 622 1587 650 ad
1603 630 1707 659 equum
1721 634 1733 647 >³
1745 634 1752 657 3
1768 623 1815 660 qui
1831 623 1915 651 etiam
2004 618 2008 623 ’

1064 667 1182 703 gratiam
1198 672 1400 704 cooperantem
1411 672 1438 697 et
1453 673 1620 705 operantem
1632 670 1765 699 describit
1780 678 1829 707 per
1845 678 1917 699 com-

1063 713 1236 750 parationem
1259 714 1294 743 ad
1311 715 1492 744 voluntatem.
1509 732 1544 736 —-
1561 716 1645 753 Magis
1661 717 1743 745 etiam
1766 720 1809 745 est
1822 725 1916 746 conso·
1929 727 1973 745 nem
1987 728 2042 744 rano.

1063 769 1117 789 nus
1128 761 1248 789 rationi.
1261 762 1287 789 Si
1303 763 1376 790 enirn
1390 762 1572 799 intelligimus
1587 764 1704 800 gratiam
1721 767 1853 801 tanquam
1871 764 1917 792 lia-

1063 807 1153 836 bitum
1176 808 1317 845 quendam
1332 811 1360 837 et
1379 808 1565 844 influentiam,
1581 817 1654 846 quae
1669 810 1740 839 inest
1755 811 1864 839 animae
1879 811 1915 839 ad

1063 855 1152 884 Deum
1168 863 1336 890 conversae;
1358 863 1423 884 cum
1446 856 1508 885 talis
1530 857 1685 885 habilitatio
1707 861 1733 886 et
1756 858 1917 887 influentiae

1063 902 1203 939 susceptio
1219 906 1245 931 et
1260 903 1405 931 conversio
1424 911 1477 931 non
1495 903 1581 940 possit
1597 903 1712 940 intelligi
1733 904 1784 932 nisi
1800 912 1850 941 per
1872 913 1917 941 po-

1063 949 1191 983 tentiam,
1213 957 1267 977 non
1284 949 1396 978 videtur
1418 958 1499 987 posse
1521 954 1596 979 recte
1621 950 1754 988 intelligi,
1776 952 1917 988 quomodo

1063 996 1152 1033 gratia
1168 996 1203 1025 sit
1218 996 1244 1024 in
1260 996 1368 1031 anima,
1388 996 1529 1025 abstracta
1544 997 1675 1033 potentia.
1688 1014 1726 1017 —
1738 998 1873 1031 Rursus,
1894 997 1916 1026 si

1062 1043 1152 1080 gratia
1167 1051 1199 1071 eo
1211 1043 1314 1072 dicitur
1325 1044 1423 1081 gratia,
1439 1044 1504 1081 quia
1519 1044 1665 1081 gratificat,
1681 1048 1708 1073 et
1722 1053 1754 1074 eo
1767 1045 1827 1082 ipso
1839 1045 1915 1082 qnod

1063 1090 1208 1128 gratificat⁷
1224 1091 1309 1119 habet
1322 1091 1525 1128 oppositionem
1540 1092 1575 1120 ad
1588 1092 1714 1129 culpam,
1731 1101 1794 1121 cum
1813 1101 1917 1130 ‹roppo-

1062 1137 1114 1166 sita
1129 1137 1286 1166 secundum
1299 1138 1372 1166 idem
1386 1142 1450 1166 nata
1462 1138 1517 1167 sint
1528 1138 1654 1173 inesse»,
1670 1139 1827 1168 secundum
1840 1139 1915 1168 idem

1062 1185 1155 1222 ipsum
1180 1185 1274 1213 anima
1296 1188 1359 1213 nata
1381 1188 1423 1214 est
1444 1185 1635 1223 yrcttz‘fieao‘i,
1657 1187 1819 1215 secundum,
1839 1187 1915 1225 quod

1062 1236 1126 1261 nata
1148 1236 1190 1261 est
1205 1236 1231 1261 et
1250 1232 1376 1270 σαίρειν-ἱ,
1399 1233 1526 1270 Culpatio
1548 1237 1641 1262 autem
1666 1238 1693 1262 et
1715 1234 1776 1263 laus
1798 1238 1825 1263 et
1846 1234 1917 1263 vitu-

1062 1279 1172 1317 perium
1189 1280 1260 1308 inest
1281 1280 1390 1308 animae
1413 1281 1504 1317 primo
1527 1281 1682 1309 secundum
1704 1281 1824 1310 liberum
1844 1281 1916 1309 arbi-

1062 1327 1161 1360 trium,
1176 1335 1208 1356 ac
1230 1335 1280 1364 per
1296 1327 1347 1356 hoc
1367 1330 1393 1356 et
1408 1327 1513 1364 gratiae
1532 1327 1646 1356 donum.
1662 1328 1719 1356 Non
1740 1328 1812 1357 enim
1833 1336 1915 1365 quae-

1062 1382 1183 1411 cumque
1205 1374 1357 1411 acceptatio
1374 1374 1557 1411 gyratz'fieatt'o
1574 1375 1690 1410 dicitur,
1710 1375 1759 1404 sed
1779 1375 1826 1403 illa
1842 1375 1913 1410 sola,

1061 1430 1116 1458 qua
1132 1421 1206 1450 Deus
1221 1422 1260 1450 sic
1275 1424 1400 1458 acceptat
1414 1422 1550 1457 animam,
1570 1425 1601 1450 ut
1619 1425 1730 1459 reputet
1745 1430 1806 1451 eam
1822 1430 1914 1451 remu-

1061 1468 1204 1497 neratione
1220 1468 1345 1505 dignam,
1361 1472 1388 1497 et
1401 1468 1463 1497 talis
1478 1469 1592 1506 respicit
1607 1470 1695 1506 ipsam
1708 1470 1817 1498 arbitrii
1834 1470 1914 1498 liber-

1060 1518 1154 1544 tatem.
1179 1515 1209 1543 Et
1224 1515 1286 1544 ideo
1308 1516 1397 1552 gratia
1419 1516 1490 1544 inest
1508 1516 1617 1545 animae
1638 1517 1730 1553 primo
1754 1517 1911 1545 secundum
1925 1524 2024 1543 conclusio
2037 1525 2054 1543 a

1062 1562 1218 1590 libertatem
1233 1562 1356 1597 arbitrii;
1378 1566 1405 1591 et
1422 1563 1507 1591 buius
1522 1563 1633 1600 signum
1650 1567 1703 1598 est,
1726 1565 1792 1600 quia
1810 1564 1843 1593 ad
1867 1572 1914 1593 eas

1060 1609 1134 1637 solas
1149 1610 1286 1646 potentias
1301 1617 1330 1638 se
1345 1610 1472 1638 extendit
1483 1611 1505 1644 ⁷,
1520 1610 1555 1639 ad
1571 1618 1642 1647 quas
1657 1618 1686 1639 se
1702 1611 1828 1639 extendit
1843 1611 1915 1639 arbi-

1061 1656 1106 1684 trii
1122 1656 1498 1685 libertas.——Concedendae
1514 1660 1580 1686 sunt
1592 1657 1676 1694 igitur
1692 1658 1814 1687 rationes
1826 1662 1915 1687 osten-

1060 1703 1170 1738 dentes,
1186 1703 1261 1741 quod
1278 1704 1367 1740 gratia
1383 1704 1452 1732 inest
1468 1704 1577 1733 animae
1593 1705 1749 1733 secundum
1768 1706 1912 1742 potentias.

1060 1750 1098 1779 Ad
1114 1750 1236 1779 rationes
1250 1754 1343 1779 autem
1360 1751 1396 1779 ad
1411 1751 1571 1788 oppositum
1590 1752 1669 1781 facile
1685 1756 1726 1781 est
1742 1753 1913 1790 respondere

1061 1806 1110 1834 per
1125 1797 1179 1826 iam
1196 1798 1277 1827 dicta.

1142 1846 1165 1873 ·1.
1192 1845 1271 1881 Quod
1294 1845 1367 1874 enim
1390 1845 1533 1880 obiicitur,
1559 1846 1634 1883 quod
1656 1847 1746 1883 gratia
1767 1851 1808 1876 est
1830 1848 1997 1887 conti-sonno
2011 1859 2043 1877 01³-

1059 1892 1132 1920 nuaS
1146 1892 1170 1920 in
1187 1900 1238 1920 suo
1253 1896 1330 1926 actu;
1343 1901 1397 1921 non
1410 1892 1504 1921 obviat
1519 1893 1542 1921 ei
1559 1893 1635 1930 quod
1651 1901 1725 1922 nunc
1741 1894 1846 1923 dictum
1862 1897 1911 1923 est.
1926 1879 2036 1901 wm'mm'

1059 1939 1193 1975 Quamvis
1212 1940 1285 1968 enim
1309 1940 1431 1976 potentia
1450 1940 1477 1968 in
1494 1940 1628 1969 relatione
1650 1941 1684 1969 ad
1705 1949 1776 1978 opus
1798 1950 1850 1970 non
1878 1942 1913 1971 sit

1060 1986 1085 2014 in
1102 1994 1153 2015 suo
1169 1990 1233 2015 actu
1248 1987 1392 2017 continuo,
1407 1991 1433 2015 ct
1449 1988 1487 2015 sic
1503 1995 1557 2015 non
1574 1987 1675 2016 habeat
1687 1988 1782 2024 perfici
1797 1989 1912 2026 qratia,

1058 2034 1105 2062 sed
1122 2034 1246 2067 virtute,
1270 2034 1295 2062 in
1315 2034 1523 2070 comparatione
1545 2038 1636 2063 tamen
1652 2035 1687 2063 ad
1710 2035 1912 2071 substantiam,

1058 2081 1085 2109 in
1101 2089 1156 2118 qua
1172 2084 1226 2116 est,
1242 2085 1283 2109 est
1303 2082 1329 2109 in
1346 2090 1397 2110 suo
1412 2084 1477 2110 actu
1492 2082 1632 2110 continuo.
1649 2082 1686 2110 lta
1702 2083 1774 2111 enim
1792 2083 1911 2111 debetur

1058 2128 1199 2165 quoddam
1216 2128 1311 2156 vivere
1326 2131 1352 2157 et
1367 2128 1481 2165 quidam
1502 2133 1586 2157 aetas
1606 2130 1762 2157 contianus·
1779 2130 1844 2166 ipsis
1866 2138 1911 2167 po-

1058 2175 1162 2209 tentiis,
1179 2175 1334 2204 secundum
1351 2176 1426 2212 quod
1443 2176 1642 2204 continuantur
1658 2176 1709 2213 ipsi
1725 2177 1909 2211 substantiae,

1058 2222 1297 2259 quemadmodum
1314 2227 1341 2251 et
1356 2223 1407 2260 ipsi
1423 2223 1608 2256 substantiae,
1629 2226 1656 2251 et
1672 2223 1733 2252 ideo
1752 2223 1909 2252 secundum

1058 2270 1128 2298 lianc
1144 2270 1380 2306 comparationem
1396 2278 1412 2298 a
1424 2270 1513 2306 gratia
1528 2273 1593 2298 sunt
1609 2270 1909 2307 pe1·fectibiles.—Ali-
1922 2279 1963 2297 Ana
1975 2278 2050 2297 solutio.

1057 2321 1099 2345 ter
1114 2317 1197 2345 etiam
1214 2320 1307 2354 posset
1319 2317 1363 2345 bic
1379 2317 1445 2351 dici,
1460 2317 1536 2353 quod
1548 2317 1655 2354 duplex
1668 2321 1710 2346 est
1724 2321 1809 2345 aetas
1821 2317 1908 2354 ipsius

1056 2364 1174 2392 formae:
1195 2372 1281 2398 nnus,
1297 2364 1344 2400 qui
1360 2368 1402 2392 est
1416 2372 1432 2391 a
1447 2364 1536 2392 forma
1551 2372 1600 2400 per
1614 2364 1728 2392 modum
1745 2364 1908 2401 titforinaa-

1035 2414 1038 2417 ’
1057 2410 1108 2443 tes,-
1123 2414 1149 2438 et
1164 2410 1250 2443 alter,
1273 2411 1320 2447 qui
1336 2414 1377 2438 est
1399 2419 1414 2438 a
1430 2410 1519 2438 forma
1541 2419 1590 2447 per
1606 2411 1720 2439 modum
1745 2411 1907 2449 efficientis,

1056 2457 1128 2485 sicut
1142 2457 1242 2485 albedo
1265 2457 1423 2485 subiectum
1446 2466 1528 2485 suum
1543 2458 1654 2486 dealbat
1676 2462 1702 2486 et
1717 2459 1831 2486 oculum
1855 2459 1908 2488 dis-

1056 2507 1152 2540 gregat
1163 2504 1180 2531 ⁹.
1203 2504 1344 2540 Quantum
1371 2504 1407 2532 ad
1429 2504 1552 2541 primurn
1575 2508 1616 2533 est
1647 2505 1737 2533 omnis
1760 2505 1848 2533 forma
1880 2507 1906 2534 in

1055 2554 1124 2578 acta
1140 2550 1294 2583 continuo,
1318 2551 1384 2588 quia
1399 2551 1444 2579 ille
1466 2555 1507 2579 est
1522 2555 1601 2579 actus
1621 2555 1650 2579 ut
1670 2552 1799 2587 babitus,
1821 2561 1907 2590 ‹tilian-

211 2710 217 2723 1
236 2709 275 2732 Ed.
299 2711 303 2731 l
326 2715 379 2731 cum
397 2709 448 2732 cod.
467 2716 492 2731 ce
509 2715 546 2732 ear.

209 2748 218 2762 ’Ζ
236 2748 294 2770 Vide
312 2754 380 2775 supra
400 2748 422 2770 d.
445 2748 477 2770 17,
500 2755 519 2770 a.
539 2748 559 2770 2.
578 2754 599 2776 q.
618 2748 638 2769 3.
667 2748 698 2769 De
724 2747 825 2770 secunda
844 2748 930 2770 ratione
956 2747 995 2769 cfr.

147 2786 201 2808 ibid.
220 2793 240 2809 a.
263 2788 279 2808 l.
298 2794 320 2816 q.
340 2788 360 2809 2⁷..
379 2787 482 2809 fundam.
501 2788 521 2809 6.

209 2825 218 2840 3
235 2825 290 2848 Cod.
309 2826 329 2848 X
349 2827 384 2848 bic
402 2826 461 2848 bene
478 2826 570 2848 subiicit
587 2828 643 2849 tunc
659 2826 746 2855 qratia.

209 2864 217 2879 ⁴
237 2866 274 2887 Ed.
299 2866 303 2887 l
326 2867 406 2888 omittit
424 2867 453 2893 et,
473 2866 536 2894 quod
555 2867 654 2893 accipias
672 2872 714 2893 pro
732 2866 810 2889 eliam.

209 2904 218 2918 5
236 2904 291 2927 Cod.
310 2911 335 2926 aa
355 2905 391 2926 bic
408 2904 472 2927 addit
488 2904 519 2927 sit
537 2911 596 2932 ana,
618 2911 663 2933 qua
677 2905 772 2927 lectione
785 2905 893 2932 admissa,
913 2905 994 2926 vocula

147 2949 201 2966 cum
218 2944 287 2972 paulo
305 2945 412 2971 superius
429 2944 540 2966 sumenda
560 2948 593 2966 cst
610 2948 634 2966 ut
652 2945 788 2966 coniunctim.

209 2981 218 2996 5
236 2981 290 3004 Cod.
310 2983 333 3004 B.
361 2988 434 3005 imum
456 2983 585 3011 potentiam
610 2984 633 3005 et
656 2983 798 3010 essentium,
819 2982 869 3005 cod.
888 2982 903 3003 F
922 2988 995 3004 unam

147 3020 224 3049 ipsam
241 3021 377 3049 essentiam,
398 3022 448 3044 cod.
467 3028 493 3044 aa
513 3028 588 3044 imam
605 3028 661 3045 esse,

1117 2707 1126 2721 7
1145 2708 1194 2729 Vnt.
1213 2708 1305 2735 supplet
1321 2707 1410 2736 qratia.

1116 2746 1126 2761 S
1143 2746 1197 2769 Cod.
1216 2746 1247 2769 bb
1266 2746 1388 2774 continuo,
1409 2746 1459 2770 Vat.
1478 2747 1594 2770 continue.

1116 2786 1125 2800 ‘³
1143 2787 1232 2808 Aristot.
1256 2787 1276 2807 in
1297 2786 1394 2808 dix-ersis
1411 2786 1477 2813 locis,
1502 2790 1526 2808 ut
1543 2787 1556 2808 Ι,
1581 2787 1660 2814 Topic.
1685 2793 1703 2809 c.
1732 2788 1767 2815 13;
1793 2788 1825 2810 ΙΙΙ.
1844 2795 1862 2811 c.
1882 2788 1902 2811 sl.

1054 2826 1088 2853 (c.
1106 2825 1149 2853 ὅ,);
1169 2825 1211 2846 Vll.
1225 2831 1244 2847 c.
1263 2826 1287 2852 23
1306 2825 1334 2846 X.
1352 2825 1448 2852 Metapli.
1467 2828 1517 2847 text.
1532 2826 1568 2847 23.
1587 2826 1638 2852 (ix.
1651 2833 1670 2848 (·.
1683 2827 1726 2854 7.),
1744 2827 1856 2850 deliniens
1868 2835 1903 2850 co-

1054 2865 1125 2886 lorem
1143 2864 1232 2891 album,
1251 2869 1346 2892 propter
1364 2865 1424 2886 bunc
1442 2865 1547 2886 effectum
1566 2865 1635 2892 dicit,
1654 2866 1716 2894 quod
1738 2867 1766 2889 sit
1786 2874 1796 2886 ι(
1815 2867 1903 2895 disgre-

1053 2905 1144 2932 gativus
1168 2905 1282 2931 visum»,
1306 2906 1327 2925 ct
1351 2903 1461 2926 definiens
1485 2905 1584 2926 colorem
1609 2906 1700 2933 nigrum
1724 2907 1764 2934 ait,
1789 2906 1851 2935 quod
1876 2908 1903 2929 sit

1056 2952 1065 2963 α
1079 2944 1258 2971 congregamus
1281 2943 1356 2964 visum
1370 2951 1391 2964 n.
1409 2955 1440 2958 —-
1458 2943 1526 2965 Paulo
1543 2945 1651 2971 superius
1675 2951 1716 2972 pro
1739 2945 1815 2968 Aliter
1831 2946 1903 2969 etiam

1053 2983 1103 3005 cod.
1123 2983 1138 3004 ll
1162 2981 1236 3005 Aliter
1258 2983 1347 3010 tamen,
1373 2982 1423 3004 cod.
1442 2989 1467 3005 aa
1486 2982 1562 3006 Aliter
1578 2984 1670 3012 autem,
1695 2987 1717 3007 et
1739 2985 1837 3007 subinde
1860 2992 1902 3014 pro

1050 3022 1129 3050 posset
1145 3020 1183 3043 liic
1200 3020 1250 3043 cod.
1270 3021 1288 3042 T
1306 3022 1383 3050 posset
1400 3020 1449 3044 laec.
