2243 3425
0 1457 95 1475 dammim.

702 207 785 235 DIST.
808 206 930 235 XXXVII.
953 206 1025 234 ΛΒΤ.
1047 205 1065 234 Ι.
1087 206 1222 242 QUAEST.
1244 206 1262 234 I.

1793 205 1846 233 861

748 342 934 370 TRACTATIO
955 342 1198 378 QUAESTIONUM.

175 445 214 473 Ad
248 443 457 481 intelligentiam
485 445 579 471 autem
608 441 694 470 huius
715 442 818 478 partis,
841 441 868 469 in
890 450 945 478 qua

98 492 226 529 Magister
247 491 377 528 inquirit,
399 494 496 519 utrum
517 489 588 518 actio
610 488 758 525 culpabilis
780 488 814 517 sit
835 497 851 516 a
872 488 945 523 Deo,

99 539 193 568 incidit
214 539 260 567 hic
281 538 407 575 quaestio
422 537 495 566 circa
516 536 572 565 duo
587 535 786 572 principaliter.

178 586 209 614 Et
223 585 314 622 primo
333 584 494 622 quaeritur,
516 585 614 611 utrum
636 581 727 610 omnis
741 581 828 615 66110,
851 589 946 610 5661111-

99 633 165 661 1111111
189 632 265 669 quod
287 631 368 665 actio,
392 631 427 659 sit
447 638 463 658 a
484 629 550 658 Deo.

176 679 303 708 Secundo
318 677 473 715 quaeritur,
488 680 585 705 utrum
601 676 672 705 actio
686 675 834 709 defectiva,
850 682 946 704 secun-

98 727 165 756 dum
188 726 263 763 quod
286 725 430 759 defectiva,
452 732 468 753 a
489 724 545 753 Deo
568 723 610 752 sit.

1081 441 1159 469 Circa
1180 442 1305 478 primum
1326 444 1502 479 quaeruntur
1524 442 1586 470 tria.

1081 488 1173 516 Primo
1195 489 1350 525 quaeritur,
1370 492 1466 517 utrum
1488 497 1504 517 a
1526 488 1582 517 Deo
1605 489 1639 517 sit
1660 489 1750 518 omnis
1771 489 1851 522 actio,

1002 536 1159 564 secundum
1181 536 1256 573 quod
1277 536 1356 564 acti0.

1081 582 1208 611 Secundo
1230 582 1388 620 quaeritur,
1410 586 1506 611 utrum
1522 590 1538 611 a
1559 582 1615 611 Deo
1631 583 1665 611 sit
1680 583 1770 612 omnis
1791 591 1853 612 con-

977 638 979 642 *
1003 629 1132 657 servatio.

1083 675 1176 704 Tertio
1197 676 1360 712 quaeritur,
1382 679 1479 705 utrum
1501 686 1517 705 a
1538 678 1594 706 Deo
1616 678 1651 706 sit
1671 678 1762 706 omnis
1781 685 1853 706 com-

1002 722 1111 759 positio.

832 833 1067 866 ARTICULUS
1094 834 1117 867 I.

521 940 626 969 Utrum
648 939 742 968 omnis
763 939 850 973 aetio,
871 938 1033 967 seeundum
1054 938 1131 976 quod
1151 938 1246 972 aetio,
1267 938 1307 967 sit
1327 947 1347 967 a
1368 938 1434 967 Deo.

876 1048 1040 1085 QUAESTIO
1062 1048 1080 1076 I.

531 1147 635 1176 Utrum
658 1156 677 1176 α
698 1148 755 1176 Deo
776 1147 814 1176 sit
836 1147 931 1176 omnis
952 1147 1043 1181 aetio,
1065 1146 1226 1175 secundum
1247 1146 1325 1185 quod
1344 1146 1429 1175 aetio.

177 1260 256 1289 Circa
270 1260 394 1297 primum
407 1260 446 1288 sic
461 1259 623 1297 proceditur
639 1263 665 1288 et
681 1259 836 1296 quaeritur,
852 1262 948 1288 utrum

99 1308 190 1336 omnis
205 1308 284 1341 actio,
309 1307 465 1336 secundum
481 1306 556 1344 quod
570 1306 650 1341 66110,
667 1306 702 1335 511
716 1314 732 1334 6
747 1306 811 1335 Deo.
828 1307 860 1335 Et
875 1306 950 1343 quod

101 1355 149 1389 516,
171 1354 293 1383 videtur.

181 1400 326 1429 1.Ιο6111115
342 1400 450 1429 decimo
465 1400 562 1437 quinto
573 1400 594 1428 ¹:
611 1399 820 1429 811161116111711ἰ
833 1400 951 1437 potestis

99 1448 216 1486 faeere;
238 1448 287 1477 sed
309 1447 399 1476 omnis
421 1447 492 1476 actio
514 1447 608 1485 aliquo
629 1448 712 1476 modo
734 1450 776 1476 est
805 1455 869 1481 ens,
892 1447 951 1475 sive

101 1497 135 1525 sit
157 1496 228 1525 actio
250 1495 371 1533 peccati,
404 1495 463 1523 sive
484 1494 549 1523 alia:
573 1502 639 1531 ergo
667 1498 718 1524 etc.
741 1494 775 1523 St
797 1499 828 1523 tu
850 1494 950 1528 dicas,

100 1544 175 1581 quod
207 1543 277 1571 illud
310 1541 475 1579 intelligitur
507 1541 541 1570 de
572 1541 679 1570 actione
712 1542 799 1576 bona,
831 1545 949 1570 contrat:

100 1591 185 1620 Isaiae
206 1590 314 1619 decimo
326 1588 351 1616 2:
370 1588 513 1627 Numquid
527 1588 686 1617 elevabitur
710 1588 824 1617 securis
846 1592 950 1616 contra

101 1647 166 1667 eum
195 1637 246 1676 qui
272 1640 351 1665 secat
377 1636 408 1664 iu
429 1645 484 1670 ea;
506 1635 616 1665 Glossa:
644 1636 741 1665 «Sicut
763 1636 950 1665 instrumenta

102 1685 170 1714 nihil
191 1687 256 1713 sunt
277 1692 327 1721 per
349 1691 378 1712 se
399 1683 523 1720 agentia,
546 1683 583 1711 ita
605 1683 793 1712 Sennacherib
809 1682 878 1711 1111111
901 1690 950 1719 per

102 1740 130 1762 se
153 1735 286 1769 operatus
307 1734 349 1760 651
360 1741 392 1758 n:
415 1730 442 1758 Si
465 1738 531 1767 ergo
560 1730 631 1759 actio
659 1730 848 1759 Sennacherib
877 1729 951 1758 mala

101 1783 162 1809 erat
182 1782 210 1808 et
231 1778 370 1812 crudelis,
392 1781 419 1806 et
441 1777 629 1806 Sennacherib
651 1777 678 1805 in
700 1777 747 1806 illa
768 1777 876 1806 actione
891 1779 951 1805 erat

103 1828 321 1856 instrumentum
344 1825 408 1860 Dei3
431 1825 542 1854 videtur
565 1833 646 1862 ergo,
668 1824 744 1862 quod
766 1824 857 1853 omnis
878 1824 951 1852 mala

102 1875 173 1903 actio
195 1874 231 1902 sit
251 1873 286 1901 ab
307 1873 367 1910 ipso
390 1876 525 1909 tanquam
546 1880 562 1900 a
583 1872 675 1909 primo
696 1871 841 1909 principio.

181 1922 207 1949 Ξ.
230 1921 306 1953 Item,
329 1927 400 1957 quae
423 1922 488 1948 sunt
509 1919 635 1948 eiusdem
651 1919 776 1956 generis,
792 1918 953 1947 1161166166-

104 1969 167 1998 dem
179 1968 316 2005 principia
333 1966 454 2004 prima³;
470 1966 519 1995 sed
534 1966 602 1995 dare
616 1966 821 2003 eleemosynam
838 1969 952 2003 propter

103 2016 208 2049 Deum,
231 2019 258 2043 et
279 2015 347 2043 dare
362 2014 566 2050 eleemosynam
582 2016 697 2050 propter
718 2021 819 2041 vanam
835 2013 952 2050 gloriam

103 2062 229 2092 eiusdem
251 2061 362 2099 generis
383 2061 504 2090 actiones
525 2064 591 2089 sunt
610 2061 637 2089 in
653 2068 754 2098 genere
768 2064 913 2089 naturae:
930 2060 952 2089 si

103 2117 170 2146 ergo
191 2109 262 2137 actio
284 2109 349 2143 ista,
377 2116 433 2145 qua
453 2108 516 2145 quis
538 2107 586 2136 dat
606 2107 812 2144 eleemosynam
838 2110 952 2144 propter

104 2157 209 2191 Deum,
231 2159 273 2185 est
295 2164 311 2184 a
333 2156 405 2189 Deo;
428 2155 555 2190 videtur,
577 2155 651 2193 quod
674 2158 701 2184 et
722 2155 793 2184 actio
815 2154 875 2189 illa,
897 2163 953 2192 qua

103 2204 166 2241 quis
187 2204 235 2232 dat
250 2203 455 2240 eleemosynam
470 2211 555 2232 causa
570 2203 659 2231 inanis
674 2202 792 2240 gloriae,
808 2202 842 2230 sit
856 2210 873 2230 a
888 2202 952 2231 Deo.

183 2250 208 2279 3.
231 2250 314 2284 ltem,
336 2249 460 2286 operatio
483 2249 686 2278 miraculorum
707 2251 778 2278 esta
801 2248 859 2277 solo
880 2248 953 2283 Deo;

104 2298 153 2327 sed
174 2298 276 2335 aliquis
297 2297 325 2325 111
349 2297 475 2326 faciendo
504 2297 641 2325 miracula
670 2299 780 2333 peccat,
802 2296 869 2333 quia
890 2296 954 2324 facit

105 2348 219 2383 propter
240 2353 341 2373 vanam
363 2344 493 2382 gloriam:
523 2352 589 2381 ergo
612 2344 741 2378 videtur,
763 2343 838 2380 quod
860 2343 954 2380 aliqua

104 2392 175 2421 actio
204 2391 347 2420 substrata
377 2391 546 2420 deformitati
572 2391 671 2428 culpae
700 2390 735 2419 sit
756 2398 773 2418 a
794 2390 864 2418 Deo:
888 2397 954 2426 ergo

106 2439 166 2477 pari
188 2439 295 2467 ratione
317 2441 344 2467 et
365 2438 455 2467 omnis
476 2437 539 2466 alia.

185 2487 212 2515 [ι.
234 2486 317 2519 item,
334 2485 425 2514 omnis
440 2485 554 2514 scientia
575 2493 591 2513 a
606 2484 724 2513 Domino
738 2484 795 2512 Deo
816 2486 858 2512 est
869 2483 890 2517 4;
906 2482 955 2511 5611

107 2533 207 2571 aliquis
229 2533 348 2562 addiscit
378 2535 493 2569 propter
521 2531 683 2560 avaritiam:
706 2539 772 2568 ergo
795 2539 858 2560 cum
880 2530 957 2558 addi-

108 2588 185 2610 scere
206 2588 260 2608 non
281 2580 384 2617 possit,
401 2579 453 2608 nisi
468 2579 525 2607 Deo
540 2578 723 2608 coadiuvante
738 2581 765 2607 et
781 2580 956 2614 cooperante,

108 2631 135 2656 et
156 2627 224 2656 illud
248 2627 393 2656 addiscere
415 2627 450 2656 sit
471 2629 633 2663 peccatum3
655 2626 726 2655 actio
742 2625 883 2654 substrata
898 2632 958 2661 pec-

109 2677 169 2704 cato
191 2678 370 2711 comparatur
391 2673 426 2702 ad
444 2674 533 2702 Deum
555 2673 626 2702 sicut
647 2673 683 2702 ad
704 2672 883 2710 principium.

173 2806 180 2820 ¹
199 2807 264 2829 Vers.
283 2806 304 2828 5.

173 2845 182 2859 ἓ
199 2845 265 2868 Vers.
288 2845 321 2867 15.
340 2845 409 2873 Vulg.
427 2844 458 2866 ibi
475 2843 619 2874 gloriabitur
636 2850 679 2872 pro
697 2843 832 2867 elevabitur.
850 2856 881 2860 —
898 2844 959 2866 Glos-

111 2891 160 2907 sam
178 2884 246 2907 habet
263 2885 374 2912 Lyranus.
391 2896 422 2900 —
438 2883 461 2905 ln
479 2883 523 2905 tine
536 2889 584 2911 arg.
598 2889 640 2911 pro
652 2882 729 2906 omnis
740 2882 807 2906 mula
818 2883 878 2906 actio
891 2883 958 2906 codd.

112 2924 129 2946 K
140 2924 159 2946 Y
176 2923 253 2946 omnis
270 2923 318 2945 ulta
336 2923 403 2946 actio.
836 2938 837 2941 ,

173 2962 182 2977 3
202 2962 259 2985 Vide
277 2963 381 2990 Ariston,
399 2962 426 2984 V.
445 2962 542 2990 Metapli.
560 2964 612 2984 text.
630 2961 666 2984 33.
684 2964 707 2984 et
724 2961 752 2983 X.
770 2964 820 2984 text.
841 2962 876 2983 42.
894 2968 958 2990 seqq.

113 3002 159 3030 (IV.
177 3007 195 3024 e.
214 3002 250 3024 28.
269 3006 291 3024 et
309 3002 345 3024 IX.
364 3008 382 3024 c.
403 3002 423 3024 3.
441 3008 508 3030 seq).

1088 1259 1113 1286 5.
1136 1258 1219 1291 Item,
1248 1257 1350 1295 aliquis
1378 1258 1564 1287 adulterando
1590 1263 1704 1296 generat
1733 1260 1857 1297 prolem,

1008 1313 1113 1342 quaero
1134 1305 1232 1342 igitur,
1254 1308 1352 1333 utrum
1373 1305 1420 1333 illa
1442 1305 1513 1335 actio
1534 1306 1593 1335 sive
1614 1307 1703 1336 coitus
1725 1308 1771 1337 1116
1792 1309 1858 1338 sita

1008 1353 1081 1386 Deo,
1104 1352 1148 1381 vel
1169 1360 1232 1380 non.
1255 1352 1281 1380 Si
1303 1355 1345 1381 est
1373 1361 1389 1381 a
1410 1353 1483 1387 Deo,
1506 1353 1596 1382 habeo
1624 1355 1808 1392 propositum.
1830 1357 1857 1385 Si

1010 1408 1064 1428 non
1086 1403 1128 1428 est
1149 1407 1165 1427 a
1186 1399 1257 1434 De0,
1279 1407 1346 1437 ergo
1366 1400 1461 1437 proles
1482 1400 1575 1437 genita
1589 1409 1643 1429 non
1659 1405 1700 1430 est
1715 1410 1731 1430 a
1750 1403 1815 1431 Deo.
1831 1404 1857 1432 Si

1010 1447 1094 1484 igitur
1116 1448 1169 1476 1106
1191 1450 1232 1476 651
1247 1447 1418 1484 impossibile
1433 1456 1546 1485 ponere,
1561 1449 1636 1486 quod
1658 1449 1760 1487 aliquis
1775 1451 1858 1480 homo

1010 1495 1060 1529 sit,
1082 1494 1130 1531 qui
1152 1502 1206 1523 non
1222 1495 1257 1523 sit
1272 1502 1288 1523 a
1308 1494 1377 1523 Deo:
1400 1503 1467 1532 ergo
1488 1499 1515 1524 et
1536 1495 1618 1531 illud,
1634 1504 1670 1525 ex
1693 1505 1748 1534 quo
1770 1499 1860 1535 sequi-

1010 1545 1070 1576 tur,
1093 1541 1223 1570 videlicet
1245 1542 1320 1579 quod
1341 1542 1412 1571 actio
1441 1542 1583 1572 substrata
1613 1547 1725 1581 peccato
1747 1553 1802 1574 non
1824 1546 1859 1575 sit

1007 1598 1024 1618 a
1046 1590 1111 1618 Deo.

1089 1637 1114 1665 6.
1136 1636 1220 1671 item,
1241 1636 1329 1671 actio,
1351 1644 1423 1674 quae
1444 1636 1635 1666 substernitur
1657 1642 1778 1675 peccato,
1804 1648 1859 1669 non

1009 1683 1122 1712 omnino
1144 1682 1214 1711 nihil
1235 1686 1290 1718 est,
1313 1683 1385 1712 516111
1406 1684 1552 1713 manifeste
1580 1688 1704 1722 apparet.
1727 1686 1753 1714 Si
1775 1686 1860 1724 igitur

1009 1731 1104 1768 aliquo
1126 1730 1210 1759 modo
1238 1733 1280 1759 est
1301 1738 1366 1764 ens;
1395 1738 1517 1767 quaero,
1539 1739 1555 1759 a
1576 1739 1632 1769 quo
1661 1732 1704 1761 sit.
1726 1733 1752 1761 Si
1775 1737 1817 1762 est
1845 1742 1861 1762 a

1007 1776 1138 1815 potentia
1162 1780 1333 1810 ereatmae,
1353 1784 1466 1806 necesse
1487 1780 1541 1812 est,
1557 1779 1631 1815 quod
1655 1779 1690 1807 sit
1714 1780 1749 1808 ab
1770 1788 1803 1808 ea
1822 1788 1861 1809 se-

1010 1825 1135 1854 cundum
1158 1824 1186 1852 id
1208 1824 1284 1861 quod
1306 1824 1391 1853 habet
1412 1824 1447 1853 de
1469 1825 1597 1854 entitate:
1621 1826 1692 1855 illud
1713 1834 1793 1864 ergO,
1823 1835 1862 1857 se-

1011 1872 1136 1901 cundum
1159 1871 1234 1908 quod
1256 1871 1327 1900 actio
1349 1874 1390 1901 est
1411 1872 1446 1901 ab
1468 1872 1515 1901 illa
1536 1873 1674 1910 potentia,
1697 1877 1746 1903 aut
1771 1878 1813 1903 est
1842 1883 1862 1903 α

1013 1921 1083 1954 Deo,
1112 1923 1161 1948 aut
1182 1928 1248 1948 uon.
1277 1920 1303 1948 Si
1325 1923 1367 1948 est
1393 1928 1413 1948 α
1442 1921 1514 1954 Deo,
1544 1929 1608 1950 cum
1636 1930 1746 1951 «omne
1775 1922 1861 1958 1111111,

1011 1967 1087 2004 quod
1109 1970 1150 1995 est
1178 1975 1263 1996 causa
1291 1975 1407 2002 causae,
1429 1968 1464 1997 sit
1491 1976 1575 1997 causa
1604 1969 1709 1998 causati
1727 1969 1736 1982 ⁵
1759 1981 1786 2004 n,
1811 1977 1862 2007 per

1012 2022 1041 2042 se
1063 2014 1242 2051 intelligendo
1254 2031 1292 2034 —
1304 2014 1448 2049 videlicet,
1464 2015 1487 2043 si
1501 2015 1631 2043 medium
1653 2019 1799 2045 causatum
1821 2019 1863 2045 est

1012 2069 1096 2090 causa
1114 2061 1266 2098 postremi,
1282 2061 1438 2090 secundum
1454 2062 1481 2091 id
1497 2063 1572 2099 quod
1589 2062 1672 2092 habet
1686 2071 1702 2091 a
1713 2063 1812 2100 primo
1823 2080 1862 2084 -

1013 2112 1079 2137 111116
1101 2108 1230 2145 sequitur
1251 2108 1421 2143 necessario,
1444 2109 1519 2146 quod
1542 2109 1604 2138 talis
1625 2109 1696 2138 actio
1711 2110 1746 2138 sit
1760 2118 1776 2138 a
1796 2110 1860 2139 Deo.

1012 2156 1038 2183 Si
1061 2163 1128 2184 vero
1149 2164 1207 2183 mm
1229 2159 1269 2184 est
1290 2164 1310 2184 α
1330 2156 1403 2190 Deo,
1423 2160 1489 2185 tunc
1511 2164 1630 2193 quaero:
1654 2160 1703 2185 aut
1721 2160 1762 2186 est
1784 2165 1803 2185 a
1817 2165 1861 2191 se,

1012 2206 1061 2231 aut
1082 2202 1119 2230 ab
1148 2202 1216 2231 alio.
1246 2202 1272 2231 Si
1294 2202 1331 2231 ab
1353 2202 1423 2237 alio,
1450 2206 1516 2232 tunc
1544 2211 1650 2241 quaero
1677 2204 1805 2232 similiter
1827 2204 1862 2233 de

1012 2249 1060 2278 1110
1081 2249 1150 2277 alio:
1173 2252 1223 2277 aut
1244 2252 1285 2278 est
1314 2258 1334 2278 α
1354 2258 1398 2284 se,
1420 2252 1469 2278 aut
1491 2249 1528 2278 ab
1549 2249 1623 2278 cilio.-
1650 2258 1716 2287 ergo
1737 2251 1781 2280 vel
1808 2251 1862 2279 erit

1012 2296 1090 2324 abire
1112 2296 1139 2323 in
1161 2295 1314 2331 infinitum,
1342 2296 1387 2325 vel
1409 2296 1461 2325 erit
1489 2304 1605 2333 ponere,
1634 2297 1710 2334 quod
1732 2300 1862 2326 creatura

1012 2342 1119 2379 aliquid
1140 2342 1242 2370 habeat
1263 2350 1282 2370 α
1303 2351 1333 2371 se
1354 2342 1434 2379 ipsa,
1457 2343 1500 2371 vel
1527 2344 1603 2380 quod
1625 2344 1727 2373 habeat
1745 2344 1781 2372 ab
1802 2344 1861 2373 allo

1013 2397 1098 2426 quan]
1120 2396 1137 2416 a
1158 2389 1226 2423 Deo,
1249 2389 1324 2426 quod
1347 2389 1381 2418 sit
1403 2390 1527 2427 primum
1556 2391 1735 2428 principium,
1756 2391 1785 2420 in
1806 2400 1862 2429 quo

1014 2437 1049 2465 sit
1070 2440 1167 2465 5161115.
1189 2435 1243 2464 Sed
1268 2436 1337 2465 haec
1358 2437 1451 2465 omnia
1472 2440 1537 2466 sunt
1565 2437 1748 2474 impossibilia
1769 2441 1796 2467 et
1823 2446 1863 2468 56-

1015 2487 1142 2521 quuntur
1164 2491 1200 2512 ex
1221 2483 1287 2517 hoc,
1303 2483 1379 2520 quod
1401 2483 1515 2521 ponitur
1530 2484 1624 2521 aliqua
1645 2485 1716 2513 actio
1731 2493 1785 2513 non
1801 2493 1862 2514 esse

1014 2539 1031 2559 a
1052 2531 1108 2559 Deo
1121 2530 1146 2558 ⁶:
1170 2538 1236 2567 ergo
1258 2533 1309 2559 etc.

1095 2576 1147 2604 SED
1168 2584 1288 2605 CONTRA:
1308 2577 1332 2604 1.
1350 2576 1425 2605 Deus
1441 2584 1494 2605 non
1517 2577 1582 2606 facit
1596 2581 1693 2606 contra
1708 2586 1787 2607 suam
1802 2587 1864 2616 pro-

1015 2623 1192 2658 hibitionem,
1215 2623 1280 2660 quia
1301 2626 1368 2653 tunc
1389 2623 1441 2652 sibi
1463 2624 1515 2661 ipsi
1534 2625 1693 2654 contrarius
1714 2629 1799 2661 esset3
1815 2626 1864 2656 sed

1016 2671 1090 2700 Deus
1111 2671 1242 2708 prohihet
1269 2671 1393 2709 aliquam
1421 2672 1574 2707 actionem,
1603 2673 1760 2702 secundum
1788 2673 1864 2711 quod

1077 2804 1087 2819 ⁴
1104 2805 1165 2827 Lihr.
1182 2805 1197 2826 l.
1215 2805 1271 2833 Reg.
1290 2806 1316 2834 2,
1334 2805 1363 2827 3:
1380 2805 1442 2828 Deus
1467 2806 1614 2828 scientiarum
1639 2806 1751 2829 Dominus
1776 2809 1816 2829 est.
1833 2819 1865 2824 —

1016 2845 1065 2867 Mox
1086 2850 1128 2872 pro
1154 2845 1293 2873 cooperante
1318 2844 1386 2867 codd.
1411 2844 1455 2867 FK
1467 2845 1524 2867 TW
1547 2851 1572 2867 cc
1589 2851 1616 2868 ee
1633 2848 1655 2867 et
1671 2846 1707 2868 alii
1725 2852 1778 2868 eum
1795 2846 1832 2869 ed.
1852 2847 1860 2869 1

1016 2885 1134 2913 operante.

1078 2922 1088 2936 ⁵
1104 2922 1189 2944 Alanus
1201 2921 1230 2944 ab
1242 2922 1329 2950 Insulis,
1342 2922 1357 2944 l.
1371 2922 1399 2945 de
1411 2922 1463 2945 Arte
1475 2929 1515 2945 seu
1528 2923 1628 2945 articulis
1640 2923 1721 2946 cathol.
1734 2923 1794 2953 fidei⁷
1807 2930 1829 2947 n.
1843 2925 1863 2947 1.

1079 2961 1088 2975 ⁶
1105 2961 1162 2983 Edd.
1180 2964 1271 2989 praeter
1289 2962 1297 2983 1
1319 2962 1366 2984 sic:
1394 2962 1416 2984 et
1439 2961 1547 2992 sequitur
1571 2968 1601 2985 ea:
1623 2961 1682 2990 hoc,
1702 2962 1766 2992 quod
1781 2962 1864 2993 aliqua

1016 3000 1077 3023 actio
1094 3005 1142 3023 non
1159 3001 1194 3023 est
1210 3006 1225 3023 α
1243 3000 1297 3023 Deo.

1876 2591 1907 2611 Ad
1919 2592 1995 2616 opposi-

1912 2618 1958 2635 tum.
