2243 3425
137 287 187 313 hus
207 286 294 312 nullus
315 286 452 312 hominum
474 293 531 312 csse
552 289 656 320 potest,
682 293 733 312 non
754 286 845 320 puniet
867 289 984 312 aeterna-

136 330 213 362 liter,
233 329 278 356 sed
300 330 321 356 si
342 330 456 362 cogitata
478 329 538 363 quis
560 330 646 356 facere
670 329 837 359 decreverit,
864 333 889 355 et
915 336 984 363 quae

136 373 196 399 fecit
218 373 353 406 corrigere
373 373 531 403 noluerit»,
552 379 621 406 quae
642 375 701 398 sunt
728 372 850 398 mortalia
873 376 984 406 peccata

137 419 162 442 et
182 416 258 442 tertia
279 419 305 441 et
324 419 419 450 quarta
440 415 584 448 generatio.

212 470 222 481 u
238 458 276 484 Ad
298 458 465 492 probandum
488 465 568 488 vero,
589 461 617 483 ut
636 457 672 483 nit
692 457 871 491 Hieronymus
883 458 900 489 ¹,
913 458 985 492 quod

136 501 240 535 priinus
260 501 353 535 pulsus
372 501 541 532 cogitationis
562 507 612 526 non
633 499 761 533 puniatur
781 500 952 526 aeternaliter
972 508 986 527 a

216 1166 306 1202 Supra
327 1165 447 1193 ostendit
469 1165 612 1202 Magister.
636 1165 756 1202 qualiter
776 1169 920 1202 peccatum
937 1165 989 1193 ori-

137 1212 227 1250 ginale
251 1220 298 1249 per
322 1213 492 1249 baptismum
509 1212 645 1241 deleatur.
662 1212 689 1240 ln
706 1212 758 1240 hac
775 1215 854 1249 parte
871 1212 989 1240 intendit

138 1260 295 1297 inquirere.
312 1263 407 1288 utrum
424 1259 558 1296 originale
575 1263 717 1295 peccatum
736 1267 785 1296 per
801 1264 912 1296 peccata
929 1267 990 1296 pro-

138 1307 281 1335 ximorum
309 1311 456 1343 parentum
487 1306 689 1343 multiplicetur
711 1310 738 1335 et
760 1306 929 1335 intendatur.
952 1323 990 1326 —

138 1353 278 1382 Dividitur
299 1356 392 1381 autem
416 1360 482 1389 pars
503 1352 555 1381 ista
577 1352 602 1380 in
626 1356 720 1389 partes
743 1356 806 1381 tres.
824 1353 851 1380 ln
868 1360 988 1389 quarum

138 1401 229 1437 prima
251 1400 380 1436 Magister
404 1404 496 1428 movet
517 1400 708 1436 quaestionem
726 1404 752 1428 et
768 1400 933 1428 determinat
951 1408 990 1429 se-

138 1448 261 1477 cundnm
285 1447 403 1475 aliorum
427 1447 595 1483 opinionem.
619 1447 645 1474 ln
668 1447 792 1475 secunda
822 1447 990 1475 determinat

139 1494 294 1523 secundum
318 1494 480 1525 veritatem.
504 1493 540 1521 ibi
554 1504 558 1520 :
576 1493 716 1530 Alioquin
731 1493 789 1521 sthi
804 1493 862 1530 ipsi
876 1498 991 1522 eontra-

140 1542 235 1570 dicere
264 1541 481 1573 ostenderetur;
504 1540 546 1569 vel
570 1548 671 1577 parum
694 1544 769 1569 ante:
791 1541 862 1569 Ecce
882 1541 991 1578 711713111-

138 1597 226 1623 etitem
242 1588 275 1625 fit
296 1588 402 1617 lectori.
420 1588 446 1616 ln
464 1592 545 1617 tertia
567 1596 634 1616 vero
657 1591 734 1625 parte
757 1588 883 1617 dissolvit
906 1596 991 1625 qnan-

140 1637 204 1665 dam
227 1639 407 1673 apparentem
437 1636 598 1673 Scripturae
619 1635 812 1664 auctoritatem
830 1636 852 1663 ¹.
877 1635 931 1664 ibi:
956 1636 991 1664 Et

140 1683 204 1712 lieet
221 1683 349 1720 peccatis
369 1687 527 1719 parentum
549 1686 600 1711 etc.

220 1730 310 1758 Prima
332 1738 397 1767 pars
427 1729 509 1758 habet
538 1733 595 1758 tres
623 1732 725 1766 partes.
749 1729 775 1757 ln
799 1730 889 1766 prima
912 1729 991 1766 Magi-

140 1780 197 1806 ster
223 1780 315 1805 movet
343 1776 543 1813 quaestionem.
566 1776 594 1804 ln
617 1776 740 1805 secunda
762 1776 930 1805 determinat
952 1784 991 1805 se-

141 1824 264 1853 cundum
281 1823 400 1852 aliorum
417 1823 591 1859 opinionem,
608 1823 662 1851 ilii:
679 1823 720 1851 De
735 1822 787 1851 ltoc
803 1823 991 1859 Δ111111131111113

141 1872 171 1900 111
195 1871 366 1900 Enclit'rislz'o
389 1871 525 1908 (11111119116
547 1871 666 1899 disserit
686 1874 736 1899 etc.
761 1871 788 1899 ln
811 1871 892 1899 tertia
916 1879 990 1905 vero.

3 1933 17 1945 1.
141 1919 207 1957 quia
230 1918 275 1947 ilia
295 1918 387 1955 opinio
403 1918 553 1947 videbatur
569 1926 653 1955 super
669 1918 756 1946 verba
771 1918 913 1954 Augustini
930 1926 991 1947 esse

0 1980 17 1993 x·
142 1966 272 1997 tundata.
295 1965 439 2001 subiungit
460 1965 591 1997 modum,
611 1972 661 2001 per
677 1972 759 2001 quem
777 1965 948 2001 Augustinus
964 1964 992 1993 il-

143 2013 197 2042 lam
213 2013 404 2050 quaestionem
421 2012 563 2045 dissolvit,
579 2012 615 2040 ibi
629 2023 634 2040 ε
653 2012 736 2048 Quod
750 2021 817 2040 vero
835 2012 863 2040 111
879 2012 994 2040 socruali

139 2064 257 2097 peccato
279 2060 362 2088 Adae
382 2059 472 2096 plura
494 2063 561 2094 etr.³
584 2059 630 2088 uhi
652 2064 784 2096 apparet.
806 2059 881 2096 qnod
903 2060 993 2097 Augu-

142 2108 231 2137 stinus
254 2107 329 2135 illam
349 2107 539 2144 quaestionem
558 2110 709 2143 pertractat
724 2106 855 2144 ambigue
870 2110 897 2135 et
912 2107 990 2144 quasi

142 2155 290 2184 insolutam
315 2154 389 2182 illam
414 2154 536 2182 dimittit.

221 2202 353 2230 Similiter
370 2201 493 2230 secunda
508 2209 573 2238 pars
587 2201 749 2238 principalis
762 2201 846 2230 habet
862 2205 917 2230 tres
933 2210 994 2239 par-

754 209 835 237 DlST.
859 209 968 236 xxxiii.
990 208 1112 237 DIVISIO
1134 209 1270 237 TEXTUS.
1834 209 1886 237 781

1041 286 1112 317 Deo7
1134 286 1197 312 illud
1219 286 1251 312 (lc
1272 286 1365 312 Genesi
1386 286 1549 313 afferendum
1565 290 1621 312 cst:
1640 286 1721 313 Citam
1743 286 1812 312 enim
1831 293 1891 320 pec-

1041 329 1120 360 cavit,
1141 329 1256 355 irridens
1277 330 1424 356 nuditatem
1438 330 1530 363 patris,
1545 333 1570 356 et
1583 330 1740 356 sententiam
1759 337 1809 355 non
1826 330 1890 363 ipse,

1041 372 1087 398 sed
1109 372 1178 398 tilius
1198 373 1254 398 eins
1274 372 1398 398 Clianaan
1419 373 1540 406 acecpit:
1562 372 1722 400 Maledictus
1744 371 1890 402 Clmnacm,

1041 423 1134 441 servus
1155 415 1205 441 θνίί
1224 416 1341 449 [mirum
1361 424 1482 442 3110111111.
1503 416 1575 447 Quae
1595 416 1664 442 cnim
1681 416 1779 442 iustitia
1801 419 1848 445 est,
1863 418 1891 442 ut

1042 462 1119 492 pater
1138 459 1309 492 peccaverit.
1331 463 1354 485 ct
1376 459 1446 485 tilius
1466 460 1575 493 punitus
1595 460 1629 486 sit
1642 462 1669 485 »Υ
1689 459 1739 486 Sed
1756 460 1781 485 in
1797 462 1893 493 myste-

1043 501 1082 527 rio
1104 501 1168 527 illud
1189 501 1289 528 dictum
1312 506 1358 528 est.

389 637 827 686 COMMENTARIUS
863 637 923 684 IN
958 638 1395 686 DISTINGTIONEM
1431 640 1639 688 XXXIII.

201 779 308 812 Utrum
336 778 479 822 originale
505 783 662 822 peccatum
690 788 742 822 per
768 783 891 822 peccata
918 777 1127 822 proximorum
1154 784 1314 822 parentum
1342 778 1559 823 nmltip'ticetur
1586 785 1614 812 ct
1640 780 1824 813 intendatur.

716 908 885 936 Prctedz'ctz‘s
906 907 1107 936 adiiciendum
1128 907 1244 935 videtur
1267 911 1317 936 etc.

874 1029 997 1058 DIVISIO
1018 1030 1155 1059 TEXTUS.

1046 1168 1094 1193 tes.
1118 1165 1145 1193 ln
1168 1165 1259 1202 prima
1280 1165 1400 1194 ostendit
1422 1166 1567 1203 Magister,
1589 1166 1663 1203 quod
1684 1170 1829 1203 peccatum
1845 1167 1898 1196 ori-

1046 1212 1137 1249 ginale
1159 1220 1209 1240 nec
1232 1212 1435 1249 multiplicatur
1456 1220 1506 1241 nec
1528 1213 1682 1242 intenditur
1703 1218 1818 1251 propter
1837 1222 1898 1251 pec-

1047 1263 1107 1287 cata
1135 1259 1331 1295 proximorum
1361 1264 1526 1297 parentum,
1549 1264 1575 1289 et
1597 1261 1648 1289 hoc
1677 1261 1784 1289 ratione
1804 1265 1897 1290 sumta

1047 1314 1082 1334 ex
1105 1309 1184 1343 parte
1207 1314 1319 1343 poenae.
1342 1307 1469 1335 Secundo
1490 1315 1573 1337 vere.
1595 1308 1660 1344 ‹piia
1681 1308 1816 1345 originale
1837 1317 1898 1345 pec-

1047 1356 1139 1381 catum
1163 1357 1256 1381 ortum
1279 1353 1363 1382 habet
1384 1362 1399 1381 a
1422 1358 1533 1390 peccato
1550 1355 1632 1391 primi
1648 1355 1787 1392 parentis,
1809 1356 1898 1384 deter-

1048 1400 1134 1428 minat
1156 1400 1189 1429 de
1212 1400 1348 1437 gravitate
1377 1401 1481 1438 peccati
1495 1401 1503 1414 ²
1526 1401 1613 1433 Adae,
1638 1402 1693 1430 ibi:
1716 1402 1771 1430 Hic
1793 1402 1900 1440 quaeri

1046 1447 1129 1488 solet,
1159 1451 1260 1475 utrum
1287 1452 1439 1484 pecccatum
1463 1449 1546 1477 Adae
1568 1453 1619 1478 etc.
1642 1450 1669 1477 ln
1694 1450 1775 1478 tertia
1803 1453 1897 1478 autem

1048 1494 1215 1523 determinat
1237 1495 1271 1523 de
1294 1495 1369 1523 illius
1391 1496 1494 1532 peccati
1519 1496 1698 1530 remissione,
1715 1497 1766 1525 ibi:
1784 1496 1817 1526 Sz'
1830 1505 1898 1526 vero

1047 1542 1218 1579 quaeritur,
1241 1551 1279 1570 au
1304 1542 1377 1570 illuct
1394 1547 1546 1579 peceatum
1570 1547 1621 1571 etc.

1127 1589 1260 1617 Similiter
1282 1589 1362 1617 tertia
1384 1597 1450 1626 pars
1472 1590 1634 1627 principalis
1655 1591 1739 1620 habet
1762 1595 1817 1620 tres
1838 1600 1899 1628 par-

1048 1639 1098 1664 tes.
1121 1635 1147 1663 ln
1171 1636 1262 1672 prima
1291 1640 1368 1672 parte
1398 1636 1526 1673 Magister
1556 1641 1649 1666 movet
1678 1638 1898 1673 dubitationem,

1049 1690 1120 1720 qnae
1142 1684 1286 1719 consurgit
1300 1692 1335 1712 ex
1352 1684 1496 1720 apparenti
1513 1685 1716 1714 contrarietate.
1733 1685 1759 1713 In
1777 1686 1900 1714 secunda

1048 1733 1127 1767 parte
1150 1730 1318 1759 determinat
1341 1731 1416 1759 illam
1444 1735 1626 1768 apparentem
1655 1733 1899 1767 contrarietatem,

1049 1778 1216 1814 exponendo
1245 1779 1425 1807 auctoritates
1449 1782 1585 1815 quantum
1608 1779 1643 1807 ad
1667 1779 1838 1808 intellectum
1861 1780 1902 1808 lit-

1050 1825 1181 1859 teralem‚
1205 1825 1259 1853 ihi:
1284 1825 1340 1853 Sed
1351 1849 1358 1859 ,
1381 1830 1413 1853 nt
1435 1826 1479 1854 ait
1499 1826 1718 1864 Hieronymus,
1740 1836 1775 1854 111)
1796 1827 1854 1855 Lem
1877 1831 1903 1856 et

1049 1870 1213 1908 Prophetae
1234 1875 1285 1900 etc.
1309 1872 1335 1900 ln
1360 1873 1439 1901 tertia
1463 1881 1528 1901 vero
1557 1873 1735 1910 explanando
1764 1878 1900 1911 quantum

1049 1919 1082 1947 ad
1108 1919 1278 1947 intellectum
1303 1920 1452 1956 mysticum
1475 1921 1533 1949 sive
1555 1921 1706 1955 moralem7
1730 1921 1784 1949 ibi:
1820 1922 1903 1957 Quod

1049 1965 1137 1994 etiam
1160 1966 1278 2003 mystice
1300 1966 1518 2004 intelligendum
1540 1976 1599 1995 csse
1620 1968 1791 1996 ostenditur.
1814 1985 1850 1989 -—
1872 1969 1902 1997 Et

1049 2014 1088 2043 sic
1104 2014 1156 2042 tria
1172 2014 1321 2050 praecipue
1337 2014 1466 2051 Magister
1481 2015 1648 2044 determinat
1664 2016 1690 2043 in
1707 2015 1806 2051 littera⁷
1829 2016 1903 2044 vide-

1051 2060 1113 2088 licet
1135 2060 1255 2097 qualiter
1278 2064 1389 2097 peccata
1409 2065 1557 2097 parentum
1575 2062 1695 2091 habeant
1710 2063 1841 2099 imputari
1858 2071 1903 2099 po-

1050 2107 1151 2142 steris3
1173 2111 1199 2136 et
1222 2108 1339 2141 iteruin,
1362 2108 1443 2137 cuius
1458 2109 1620 2145 quantitatis
1642 2112 1668 2137 et
1691 2109 1852 2137 intensionis
1867 2109 1902 2138 sit

1050 2155 1133 2192 culpa
1155 2155 1316 2191 originalis:
1337 2159 1364 2184 et
1387 2160 1526 2192 postremo
1549 2156 1632 2185 simul
1653 2164 1716 2185 cum
1740 2157 1792 2185 lioe
1814 2156 1903 2185 deter-

1051 2203 1156 2233 minat.
1178 2202 1299 2239 qualiter
1321 2202 1423 2231 habeat
1444 2203 1546 2239 puniri.

797 2324 982 2352 'FRACTATIO
1004 2323 1246 2360 QUAESTIONUM.

223 2448 261 2476 Ad
285 2447 495 2484 intelligentiam
522 2447 607 2484 igitur
629 2447 715 2475 huius
737 2447 824 2484 partis
846 2446 920 2475 circa
942 2447 995 2474 tria

146 2494 242 2523 incidit
263 2494 308 2523 hic
330 2494 465 2531 quaestio.

226 2542 255 2569 Et
270 2541 362 2578 primo
377 2541 523 2578 quaeritur
539 2541 573 2569 de
588 2540 714 2577 originali
731 2544 866 2577 quantum
884 2540 918 2568 ad
935 2548 997 2568 can-

146 2597 204 2618 sam
227 2589 448 2626 praecedentem.

225 2634 353 2663 Secundo
365 2638 500 2671 quantum
514 2634 548 2662 ad
562 2634 744 2670 quantitatem
755 2633 996 2662 concomitai'item.

225 2682 318 2709 Tertio
340 2689 406 2709 vero
428 2684 564 2717 quantum
580 2680 615 2708 ad
632 2688 748 2716 poenam
771 2682 996 2716 consequentem.

226 2728 304 2757 Circa
327 2728 450 2764 primum
474 2731 651 2764 quaeruntur
673 2726 738 2755 duo.

1133 2446 1223 2474 Primo
1245 2446 1407 2482 quaeritur,
1430 2450 1526 2474 utrum
1549 2450 1679 2483 parentes
1701 2446 1823 2483 proximi
1843 2455 1904 2484 pos-

1053 2492 1108 2520 sint
1130 2492 1319 2521 transmittere
1334 2492 1369 2521 ad
1386 2492 1491 2529 prolem
1508 2496 1621 2530 peccata
1642 2501 1693 2521 sua
1715 2493 1847 2525 actualia„
1868 2502 1903 2522 an

1053 2546 1068 2566 a
1091 2538 1149 2566 solo
1172 2538 1262 2575 primo
1285 2542 1399 2575 parente
1421 2539 1635 2568 transfundatur
1654 2540 1797 2576 originalis
1811 2540 1903 2578 culpa.

1132 2585 1259 2614 Secundo
1280 2586 1567 2622 quaeritur,-utrum
1595 2587 1704 2624 primus
1732 2595 1834 2624 parens
1860 2596 1905 2625 po-

1053 2631 1139 2660 tnerit
1161 2632 1186 2659 in
1209 2632 1315 2668 prolem
1340 2633 1528 2662 transmittere
1544 2633 1737 2662 satisfactionis
1756 2634 1904 2669 iustitiam,

1053 2679 1126 2707 sicut
1147 2679 1302 2707 transmisit
1323 2680 1569 2716 praevaricationis
1591 2680 1712 2718 eulpam.

213 2933 219 2947 ¹
238 2933 290 2955 Loc.
309 2934 345 2955 cit.
363 2938 444 2960 parum
463 2932 563 2954 inferius.
582 2932 656 2953 Locus
668 2932 799 2959 Seripturae
811 2935 844 2953 cst
856 2932 911 2954 Gen.
925 2932 946 2960 9,
959 2932 996 2954 25.

365 2970 460 2994 NOTAE
478 2970 515 2993 AD
533 2969 780 2993 COMMENTARIUM.

214 3012 220 3026 1
241 3012 289 3034 Vnt.
308 3010 511 3035 contrarietatem,
532 3011 567 3032 cni
586 3010 675 3032 lectioni
692 3010 754 3032 favet
772 3014 844 3032 textus
863 3010 997 3033 determina-

1055 2933 1120 2954 tionis
1138 2933 1206 2954 liuius
1224 2933 1304 2960 partis,
1324 2939 1382 2961 quae
1397 2933 1466 2961 paulo
1478 2933 1572 2956 interius
1590 2933 1694 2956 habetur.
1708 2935 1777 2957 Paulo
1794 2936 1905 2963 superius

1054 2977 1097 2999 pro
1116 2970 1151 2994 nel
1166 2977 1254 3000 purum
1271 2973 1325 2994 ante
1343 2971 1392 2994 Vnt.
1410 2978 1463 2994 cum
1481 2972 1533 2995 edd.
1553 2973 1573 3001 2,
1592 2973 1613 3001 3,
1632 2972 1644 2995 4
1663 2974 1685 2996 et
1696 2979 1788 3003 parum
1805 2975 1867 2997 ante.

1117 3011 1126 3025 ἵ
1144 3011 1193 3033 Vnt.
1212 3017 1265 3033 cum
1283 3011 1335 3034 edd.
1354 3011 1374 3039 3,
1394 3011 1406 3033 4
1424 3011 1527 3035 actualis
1541 3012 1639 3041 peccati.
