2243 3425
339 191 394 219 562

337 270 392 296 tem
424 265 567 303 Augustini
600 264 680 301 prius
712 262 873 294 inductam,
905 267 961 297 qua
996 259 1078 293 dicit,
1110 258 1185 295 quod

342 313 438 341 «nibil
461 311 642 348 intelligimus
663 309 714 338 nisi
737 316 787 345 per
809 307 997 338 intellectum,
1020 305 1089 334 nihil
1111 304 1187 333 volu-

337 368 400 388 mus
422 359 473 388 nisi
496 366 546 395 per
568 357 778 385 voluntatem».

417 406 442 434 6.
465 405 503 433 Ad
525 403 595 432 illud
618 402 693 440 quod
715 401 857 434 obiicitur.
886 400 962 437 quod
985 399 1074 428 omnis
1097 399 1187 426 virtus

338 456 379 483 est
394 460 472 481 amor
487 455 513 480 et
535 450 688 488 inspectrix
704 449 806 481 mediiss
821 447 986 481 dicendum,
1001 446 1077 483 quod
1100 445 1188 482 inspi-

339 508 401 528 cere
422 497 564 530 medium,
588 497 640 525 hoc
668 499 710 525 est
731 495 896 532 dupliciter:
919 497 968 522 aut
999 501 1049 530 per
1071 491 1187 520 modum

339 543 596 577 considerationi&
612 546 661 572 aut
676 550 726 580 per
742 541 859 570 modum
874 539 1083 569 inclinationis.
1096 538 1188 567 Primo

338 593 421 622 modo
443 592 585 629 inspicere
605 590 736 619 medium
757 597 811 618 non
833 591 875 618 est
896 587 1046 617 cuiuslibet
1076 585 1188 614 virtutis

338 639 499 668 secuudum
520 647 563 671 se,
579 637 628 667 sed
648 646 701 674 per
716 635 993 668 concomitantiam,
1016 633 1094 671 quia.
1117 633 1189 661 sicut

338 687 409 714 ratio
431 685 507 714 videt
528 685 579 713 sibi
612 688 639 713 et
659 683 721 711 aliis
747 682 889 720 potentiis,
922 682 961 710 sic
992 679 1142 717 prudentia
1163 681 1189 707 et

338 732 409 762 fides
440 732 603 761 discernunt
634 730 685 760 sibi
717 733 744 759 et
770 729 831 758 aliis
863 728 1023 757 virtutibus.
1047 727 1073 756 Si
1095 730 1189 756 autem

340 779 463 809 secundo
492 779 575 807 modo
597 777 706 807 dicatur
736 776 896 814 inspectrix
917 775 1022 809 medii,
1052 775 1118 812 quia
1139 781 1189 810 per

340 826 546 855 inclinationem
562 825 597 853 ad
619 824 690 853 illud
706 823 808 857 tendit,
831 823 903 852 sicut
918 822 989 859 lapis
1009 820 1098 850 tendit
1113 820 1191 849 deor-

340 881 419 907 sum,
441 876 468 902 et
489 871 628 901 medicina
656 878 713 899 una
734 870 843 903 dicitur
859 869 963 898 habere
988 870 1132 905 aspectum
1154 866 1190 895 ad

340 920 424 949 talem
447 920 594 948 humorem
616 917 814 955 purgandum
837 916 875 945 sic
896 924 950 944 non
973 915 1064 944 solum
1086 917 1128 942 est
1149 921 1191 942 co-

340 966 498 1004 gnitionis,
520 966 607 994 immo
628 965 712 994 etiam
733 963 913 1002 affectioni&
940 965 968 991 et
989 961 1051 990 ideo
1079 968 1116 989 ex
1138 960 1191 988 hoc

340 1022 396 1042 uon
416 1012 609 1046 concluditur,
631 1012 706 1049 quod
728 1011 827 1040 eadem
855 1010 891 1039 sit
912 1009 1035 1047 potentia
1064 1007 1192 1037 affectiva

340 1064 368 1089 et
388 1060 534 1097 cognitiva.

421 1109 446 1135 7.
468 1107 507 1135 Ad
529 1106 599 1135 illud
621 1105 696 1142 quod
718 1105 848 1133 obiicitur
870 1104 905 1133 de
924 1103 1132 1140 comparatione
1154 1101 1193 1130 lu-

341 1154 424 1183 minis
445 1157 472 1182 et
493 1153 608 1185 caloris.
632 1153 686 1180 iam
715 1154 790 1189 patet
813 1151 958 1188 responsio
979 1157 1030 1187 per
1056 1149 1192 1178 rationem

341 1201 492 1230 adductam
515 1201 541 1228 iu
557 1199 730 1228 contrarium
744 1198 767 1232 ¹,
790 1198 855 1235 quia
870 1197 923 1226 hoc
945 1205 999 1226 non
1019 1196 1104 1225 habet
1124 1196 1194 1225 veri-

342 1251 440 1281 tatem,
456 1255 520 1276 cum
543 1249 608 1275 sunt
630 1246 657 1274 in
672 1245 766 1282 aliquo
782 1243 988 1281 informatio&
1003 1243 1053 1273 sed
1072 1244 1094 1272 si
1110 1243 1195 1271 habet

343 1294 504 1327 veritatem,
526 1293 578 1321 hoc
600 1295 642 1321 est
665 1291 772 1325 solum,
794 1298 859 1320 eum
882 1294 947 1320 sunt
968 1290 995 1319 in
1018 1289 1112 1327 aliquo
1134 1287 1193 1326 effe-

260 1354 326 1372 matr.
343 1341 422 1369 clive.
434 1357 473 1360 ——
485 1340 644 1369 Praeterea.
668 1339 720 1368 boc
736 1339 832 1376 plures
854 1341 967 1375 negant,
990 1337 1066 1374 quod
1082 1337 1122 1366 sol
1145 1344 1194 1374 per

343 1388 461 1417 eandem
478 1388 622 1420 virtutem5
645 1394 701 1423 qua
720 1386 872 1419 illuminat,
888 1385 1042 1415 calefaciat:
1064 1388 1091 1413 et
1106 1386 1196 1421 potest

343 1442 416 1468 esse,
439 1434 513 1471 quod
537 1441 635 1462 verum
651 1433 757 1465 dicant„
780 1433 851 1461 sicut
873 1435 1016 1461 ostensum
1041 1431 1088 1467 est}
1109 1438 1196 1467 supra

344 1481 518 1511 distinctione
541 1480 649 1509 decima
671 1483 771 1516 quarta
784 1479 802 1506 ².

423 1529 449 1556 8.
472 1528 510 1556 Ad
533 1527 601 1555 illud
628 1527 703 1563 quod
733 1526 863 1555 obiicitur
887 1526 921 1554 de
943 1526 1047 1563 optimo
1071 1525 1196 1558 animae,

224 1589 332 1607 Distmcuo.
347 1575 512 1605 dicendum.
535 1574 609 1611 quod
632 1577 673 1602 θεῖ
688 1573 826 1610 optimum
848 1577 984 1610 quantum
1007 1572 1042 1601 ad
1065 1581 1124 1600 osse
1137 1572 1197 1608 pri-

346 1630 442 1654 mum,
465 1625 491 1649 et
513 1621 650 1658 optimum
673 1623 810 1657 quantum
826 1619 861 1648 ad
884 1627 943 1647 esse
963 1619 1133 1648 secundum.
1158 1618 1197 1646 Et-

346 1669 367 1697 si
390 1668 527 1705 optimum
550 1670 688 1704 quantum
717 1667 752 1695 ad
783 1674 841 1694 csse
867 1665 1002 1702 primum
1030 1673 1119 1694 unum
1147 1665 1197 1699 sit,

346 1718 442 1752 utpote
463 1715 553 1743 forma
575 1714 673 1743 ultimo
692 1713 871 1750 completivag
894 1716 987 1741 tamen
1009 1715 1145 1750 quantum
1162 1712 1197 1741 ad

346 1771 405 1790 esse
425 1762 586 1790 secuudum
615 1769 669 1789 non
701 1763 826 1797 oportet,
858 1760 933 1797 quod
962 1760 997 1789 sit
1018 1767 1123 1793 unum,
1145 1759 1197 1787 nisi

347 1808 518 1845 intelligatur
539 1816 599 1836 esse
629 1815 733 1836 unum.
755 1807 830 1844 quod
843 1807 852 1820 ³
874 1814 910 1836 ex
933 1806 1029 1835 multis
1057 1810 1099 1835 θεῖ
1120 1805 1199 1835 colle-

349 1858 440 1887 ctum.
462 1855 534 1883 sicut
555 1855 589 1883 ad
605 1854 718 1892 aliquod
742 1854 807 1882 bene
827 1862 887 1882 esse
907 1853 995 1882 multa
1017 1856 1197 1882 concurrunt.

220 1912 333 1931 Notandum.
350 1902 380 1930 Et
400 1902 448 1936 sic,
471 1902 601 1939 quoniam
626 1901 747 1938 potentia
769 1904 915 1929 creaturae
937 1904 1042 1929 arctata
1064 1904 1121 1935 est⁷
1144 1908 1198 1929 non

349 1949 438 1986 potuit
460 1952 589 1977 creatura
620 1948 724 1977 habere
743 1956 827 1985 posse
859 1947 1030 1984 perfectum.
1052 1948 1103 1976 nisi
1127 1950 1199 1976 esset

349 1996 377 2024 in
398 2003 430 2023 ea
452 1994 603 2023 multitudo
618 1994 820 2031 potentiarum,
842 2002 879 2023 ex
894 2001 1015 2031 quarum
1038 1993 1199 2022 collectione

350 2042 408 2071 sive
436 2041 621 2075 adunatione,
651 2049 706 2069 una.
728 2041 875 2078 supplente
905 2040 1044 2069 defectum
1067 2040 1198 2071 alterius,

349 2089 500 2118 resultaret
523 2097 611 2117 unum
640 2097 722 2125 posse
744 2088 934 2125 completum;
963 2088 1034 2116 sicut
1056 2087 1199 2115 manifeste

350 2135 534 2164 animadverti
571 2138 661 2172 potest
697 2136 723 2163 in
758 2135 870 2171 organis
906 2134 1021 2162 humani
1056 2134 1200 2170 corporis,

351 2190 472 2220 quorum
505 2182 729 2218 unumquodque
766 2181 869 2218 indiget
902 2189 917 2208 a
949 2181 1053 2209 virtute
1084 2180 1201 2208 alterius

351 2230 487 2259 adiuvari.

432 2277 465 2304 Et
486 2276 513 2304 si
536 2276 711 2307 obiiciatur,
734 2275 807 2312 quod
832 2275 969 2312 potentior
998 2277 1071 2302 esset
1092 2274 1201 2306 anima,

210 2334 291 2360 soiyitui
311 2338 339 2351 re·
353 2323 374 2352 si
408 2323 497 2351 virtus
529 2323 589 2351 eius
616 2325 689 2351 esset
710 2330 782 2356 una,
814 2321 880 2358 quia
912 2324 978 2349 tunc
1010 2323 1082 2349 esset
1114 2320 1203 2356 magis

222 2358 304 2381 ‘mmm'
354 2370 446 2403 unita:
479 2369 649 2399 dicendum.
680 2368 754 2405 quod
790 2368 919 2405 quamvis
952 2367 1019 2396 illud
1057 2367 1201 2396 veritatem

354 2417 454 2445 habeat
475 2425 510 2444 ex
526 2416 732 2453 comparatione
754 2415 892 2452 potentiae
921 2415 955 2443 ad
980 2422 1071 2442 tutum
1093 2417 1203 2445 actum,

353 2472 406 2492 non
430 2467 520 2492 tamen
544 2463 627 2491 babet
650 2463 675 2490 in
699 2462 905 2499 comparatione
928 2461 963 2490 ad
986 2461 1134 2491 fluerem:
1156 2463 1204 2488 aut

354 2514 440 2541 certe.
464 2511 484 2539 si
508 2511 652 2539 veritatem
678 2509 761 2538 babet
782 2509 972 2546 comparando
993 2508 1144 2545 potentiam
1168 2507 1202 2535 ad

356 2558 447 2589 idom,
479 2566 532 2586 non
564 2561 656 2585 tamen
689 2560 729 2585 est
753 2564 852 2584 verum
875 2556 1064 2593 comparando
1096 2555 1130 2583 ad
1165 2554 1204 2581 ili*-

354 2613 448 2632 versa..
466 2605 567 2633 Verum
585 2607 626 2632 est
647 2604 733 2637 enim,
749 2603 824 2640 quod
840 2603 861 2631 si
885 2603 968 2631 bomo
984 2602 1100 2631 liaberet
1114 2609 1203 2630 unum

421 2736 426 2750 1
446 2737 485 2759 llic
503 2736 605 2758 suuduui.
624 2737 662 2758 ult.
682 2749 710 2752 ἡ
728 2736 772 2759 Cl'r.
799 2743 869 2764 supro
894 2737 915 2758 d.
939 2736 970 2758 il.
990 2743 1011 2764 p.
1032 2736 1044 2757 1.
1064 2743 1083 2758 u.
1106 2736 1123 2757 1.
1143 2743 1164 2764 q.
1184 2736 1204 2756 Ξ.

358 2775 385 2796 :ul
405 2776 433 2801 2,
452 2775 490 2797 ubi
509 2776 622 2797 distinctio
640 2775 740 2804 effectu-c
758 2780 779 2798 ct
795 2774 931 2804 formaliter
950 2775 1015 2797 calidi
1034 2775 1177 2802 proponitur.

421 2814 429 2827 ‘-’
448 2815 510 2836 l'aric
530 2816 542 2836 1.
562 2822 581 2836 a.
604 2815 619 2835 1.
639 2822 660 2842 q.
680 2815 699 2836 2.
719 2814 747 2836 ad
766 2815 785 2836 6.
805 2815 826 2836 iu
846 2814 896 2836 siue.
917 2814 961 2836 Cl'r.
979 2815 1046 2836 eiiam
1066 2814 1086 2835 d.
1105 2814 1136 2835 13Δ
1151 2820 1169 2835 a⁴
1184 2813 1204 2835 2.

360 2859 380 2880 q.
400 2853 420 2874 2.
438 2853 465 2873 :id
486 2853 504 2874 11.

422 2890 431 2904 3
449 2891 477 2912 lia
496 2892 573 2918 plures
591 2891 666 2919 codd.⁷
680 2893 737 2914 iuter
750 2898 809 2920 quos
821 2892 837 2913 G
848 2892 863 2913 1⁷·
876 2892 890 2913 S
901 2892 918 2913 T
932 2898 959 2914 aa
971 2898 1008 2918 ce;
1027 2892 1062 2914 alii
1077 2891 1140 2920 quw.

423 2928 431 2942 ¹¹
449 2930 551 2951 Nonnulli
570 2930 644 2954 cmlii„
658 2933 679 2951 ui
695 2931 712 2951 T
723 2937 748 2952 aa
759 2930 798 2957 bb,
817 2930 1004 2956 luchditmliuem.
1025 2931 1075 2953 cod.
1090 2932 1105 2952 Α
1125 2929 1205 2953 liubili—

360 2969 439 2991 lorcin..

1020 180 1273 210 SENTENTIARUM
1297 179 1354 208 Llss.
1377 179 1405 207 ll.

1244 257 1372 291 oculum,
1394 257 1548 285 virtuosius
1569 256 1677 285 videret
1699 255 1757 287 ille.
1779 263 1864 293 quain
1883 255 1966 284 modo
1987 255 2092 289 videat,
2227 255 2239 277 :1

1244 304 1312 332 dum
1335 304 1419 332 habet
1441 303 1562 336 socium3
1583 309 1728 339 nunquam
1754 305 1847 331 tamen
1870 303 1907 331 ita
1928 302 1999 331 bene
2020 302 2094 330 vide-
2228 311 2229 323 i

1245 353 1287 379 ret
1308 350 1400 381 solus,
1423 350 1495 378 sicut
1523 348 1631 377 videret
1652 348 1711 386 ipse
1739 352 1766 377 et
1788 348 1880 388 socius
1904 349 1973 377 eius.
2003 348 2046 377 Sic
2067 351 2094 376 et

1245 397 1271 425 in
1293 396 1435 434 proposito
1466 395 1680 433 intelligendum
1706 398 1748 424 est
1779 403 1808 424 se
1830 395 1950 429 habere;
1982 398 2009 424 et
2030 395 2093 424 ideo

1245 444 1333 481 magis
1355 447 1396 472 est
1421 442 1593 480 completum
1615 450 1699 479 posse
1729 442 1838 470 animae
1867 450 1902 470 ex
1932 442 2028 470 multis
2049 450 2095 479 po-

1245 491 1338 519 tentiis
1361 490 1521 523 collectum,
1543 497 1628 526 quam
1648 489 1670 517 si
1693 491 1765 518 esset
1780 489 1944 525 simpliciter
1965 489 2094 523 unicum,

1245 536 1311 573 quia
1333 545 1388 565 una
1421 536 1607 573 potentiarum
1643 535 1759 564 alteram
1782 543 1837 564 non
1870 535 2016 570 diminuit,
2046 535 2095 564 sed
2230 569 2231 574 ¹

1246 584 1368 613 adiuvat.
1393 584 1423 613 Et
1438 587 1552 621 propter
1575 586 1705 611 mutuum
1732 583 1903 611 adiutorium
1924 586 1951 611 et
1973 582 2095 620 quodam
2110 578 2231 606 Notandum-l

1246 631 1330 660 modo
1351 630 1451 659 sociale
1483 629 1669 667 obsequium,
1697 629 1848 666 aliquando
1881 629 1983 658 dicitur
2012 637 2097 666 posse

1246 678 1355 706 animae
1376 685 1437 706 esse
1458 684 1563 711 unum,
1587 679 1635 705 aut
1656 677 1739 705 etiam
1763 675 1880 704 liabitas
1895 676 2047 705 existentes
2068 676 2096 704 in

1246 725 1339 752 anima
1360 731 1421 753 esse
1443 731 1545 757 unum,
1571 731 1625 752 non
1648 722 1714 760 quia
1736 723 1788 751 hoc
1816 723 1923 751 dictum
1945 723 1980 751 sit
2001 730 2097 751 secun-

1248 772 1317 800 dum
1331 772 1458 808 ipsarum
1480 770 1669 808 potentiarum
1684 770 1879 799 ethabituum
1895 770 2038 807 propriam
2056 777 2098 797 ra-

1247 818 1350 847 tionem
1373 821 1400 846 et
1422 817 1570 854 specialem
1595 821 1738 851 naturam,
1764 817 1813 846 sed
1833 817 1898 854 quia
1920 817 1972 845 hoc
1991 816 2097 845 dictum

1248 867 1290 894 est
1311 872 1361 901 per
1389 864 1531 901 quandam
1554 863 1753 893 collectionem.
1785 864 1823 892 Ad
1846 863 2001 900 perfectum
2023 863 2098 892 enim

1247 920 1330 949 posse
1351 911 1460 940 animae
1492 914 1664 940 concurrunt
1695 918 1792 940 omnes
1824 911 1978 948 potentiae,
2011 914 2038 940 et
2063 911 2097 940 ad

1249 959 1401 996 perfectam
1434 957 1665 987 liubilitottionem
1680 958 1689 971 ⁴¹
1725 965 1822 987 omnes
1854 958 1992 987 virtutum
2024 958 2100 986 habi-

1250 1004 1348 1034 litates.
2097 1027 2100 1028 γ

1331 1051 1407 1081 Unde
1429 1052 1451 1080 si
1473 1051 1567 1089 aliqua
1589 1051 1741 1080 auctoritas
1767 1051 1941 1083 inveniatur.
1970 1059 2042 1088 quae
2063 1052 2236 1080 νί-Εῡῑῠῦπῑωιὶ4

1251 1099 1351 1128 deatur
1372 1106 1476 1136 ponere
1496 1099 1632 1127 unitatem
1659 1099 1848 1136 potentiarum
1870 1098 1980 1137 animae
2000 1101 2027 1127 et
2048 1099 2102 1127 vir-

1251 1148 1359 1179 tutum;
1382 1145 1561 1182 intelligenda
1582 1148 1624 1174 est
1647 1144 1807 1174 secundum
1828 1145 1945 1174 modum
1968 1146 2102 1182 praescri-

1251 1196 1344 1230 ptum,
1367 1192 1495 1222 videlicet
1517 1193 1673 1222 secundum
1697 1193 1838 1230 quandam
1861 1193 2060 1222 collectionem.
2076 1192 2102 1220 Si
2240 1222 2242 1227 .

1252 1241 1353 1269 iterum
1387 1240 1560 1268 inveniatur.
1593 1248 1665 1276 quae
1698 1239 1786 1273 dicat,
1809 1240 1961 1276 potentiam
1993 1239 2103 1268 animae
2240 1252 2242 1265 i

1252 1295 1313 1316 esse
1335 1287 1444 1315 animae
1475 1287 1640 1321 essentiam,
1674 1286 1854 1323 intelligenda
1875 1290 1917 1315 est
1948 1294 1998 1323 per
2019 1286 2104 1314 rectu·
2240 1281 2243 1314 i

1253 1334 1375 1362 ctionem
1396 1334 1437 1362 acl
1458 1333 1534 1362 istem
1552 1342 1654 1371 yemis.
2242 1344 2243 1364 i

1333 1381 1402 1409 Sunt
1424 1381 1497 1409 enim
1520 1380 1674 1417 quaedam,
1696 1388 1768 1417 quae
1791 1383 1855 1409 sunt
1876 1380 1903 1408 in
1928 1388 2031 1417 yeiiere
2049 1389 2103 1417 per
2119 1379 2243 1423 &55⁵3ssss

1252 1437 1299 1461 sag·
1321 1428 1415 1465 aliqua
1446 1435 1497 1464 per
1519 1427 1717 1456 reductionem
1730 1427 1747 1454 ⁵.
1781 1427 1829 1456 Illa
1847 1435 1901 1464 pei·
1932 1435 1962 1455 se
1983 1430 2049 1456 sunt
2077 1428 2105 1456 in
2118 1427 2243 1462 ffiissss‘fflffl,

1254 1482 1368 1511 genere,
1391 1482 1463 1511 quae
1488 1474 1655 1511 participant
1676 1474 1825 1503 essentiam
1841 1474 2008 1511 completam
2030 1474 2106 1504 illius
2241 1469 2243 1476 ¹

1254 1522 1380 1559 generis,
1402 1526 1433 1550 ut
1454 1521 1561 1558 species
1578 1524 1605 1550 et
1627 1521 1786 1555 individua;
1801 1521 1849 1549 illa
1870 1529 1937 1550 vero
1950 1530 2004 1559 per
2022 1522 2106 1550 redu-

1255 1569 1391 1602 ctionem,
1414 1575 1486 1606 quae
1508 1576 1561 1596 non
1585 1567 1681 1597 dicunt
1703 1568 1870 1605 completam
1891 1568 2056 1602 essentiam.
2078 1571 2106 1597 et

1255 1616 1324 1644 haec
1356 1615 1410 1644 sub
1431 1615 1556 1652 quinque
1588 1614 1723 1644 membris
1746 1615 1932 1644 continentur.
1962 1615 2105 1652 Quaedam
2120 1615 2242 1657 eggfmffidug:

1257 1663 1433 1691 reducuntur
1456 1662 1528 1691 sicut
1545 1661 1713 1699 principia,
1736 1662 1876 1699 quaedam
1894 1662 1966 1691 sicut
1989 1662 2107 1699 comple·
2120 1661 2187 1704 &³³42
2206 1666 2241 1709 ἓξῑξ4

1255 1713 1372 1742 montet,
1395 1708 1533 1746 quaedam
1556 1709 1627 1738 sicut
1649 1709 1730 1742 viae,
1752 1708 1889 1746 quaedam
1913 1709 1984 1737 sicut
2005 1708 2107 1737 simili·
2120 1714 2172 1727 ”ffl—

1257 1756 1387 1788 tudetes,
1407 1755 1546 1793 quaedam
1563 1756 1635 1784 sicut
1648 1755 1977 1792 privationes—Sicut
1995 1755 2106 1792 princi·
2121 1760 2205 1802 dMffplu‘s
2218 1760 2234 1778 1-

1253 1803 1307 1839 pict
1329 1802 1489 1839 dupliciter:
1507 1806 1555 1831 aut
1570 1802 1789 1837 esseutictiiti'ctss,
1801 1806 1850 1831 aut
1864 1802 2061 1840 integirantim
2076 1805 2107 1831 ut
2136 1788 2228 1807 upmer.

1256 1850 1393 1887 principia
1424 1850 1627 1883 essentiatum,
1660 1850 1699 1878 sic·
1725 1853 1790 1878 sunt
1819 1849 1935 1878 materia
1966 1853 1993 1878 et
2018 1850 2108 1878 forma

1258 1897 1284 1925 in
1304 1905 1405 1933 genere
1430 1896 1616 1931 substantiaeg
1635 1900 1667 1925 ut
1692 1897 1828 1934 principia
1851 1897 2046 1934 iizteyrctntict,
2069 1897 2108 1925 sio

1258 1947 1352 1981 partes
1368 1943 1539 1972 substantiae
1561 1946 1626 1972 sunt
1641 1944 1668 1972 in
1691 1951 1793 1980 genere
1809 1943 1981 1972 substantiae
2003 1951 2052 1980 per
2068 1951 2108 1972 re-

1258 1991 1475 2019 ductionem—
1485 1990 1512 2018 Si
1534 1994 1628 2019 autem
1644 1990 1821 2019 reducuntur
1840 1994 1871 2018 ut
1886 1990 2106 2027 complementa,
2121 1995 2187 2036 duuegu
2200 1999 2237 2013 mo-

1258 2039 1310 2067 boc
1332 2041 1422 2075 potest
1443 2045 1504 2066 esse
1520 2037 1684 2074 dupliciter:
1708 2041 1757 2066 aut
1772 2038 1845 2066 enim
1861 2041 1903 2066 est
1924 2037 2108 2074 complemen-
2148 2027 2156 2036 ³
2171 2031 2187 2036 ”“

1260 2088 1317 2113 tum
1340 2092 1390 2122 per
1407 2084 1522 2113 moduni
1544 2088 1643 2117 (ictus,
1663 2088 1689 2113 et
1705 2085 1742 2113 sic
1766 2088 1807 2113 est
1822 2088 1904 2113 actus
1923 2085 2044 2121 primus,
2060 2084 2106 2121 qui

1260 2132 1404 2160 reducitur
1437 2131 1472 2159 ad
1503 2131 1576 2160 idem
1610 2139 1698 2168 genus
1727 2139 1790 2160 cuin
1824 2132 1995 2165 substantia,
2027 2132 2109 2160 cuius

1259 2182 1300 2207 est
1326 2182 1421 2211 actus,
1450 2182 1482 2206 ut
1512 2178 1605 2205 viuere
1630 2181 1655 2205 et
1678 2186 1738 2205 esse
1761 2178 1933 2206 substantiae
1963 2178 1999 2206 ad
2021 2185 2109 2215 genus

1260 2225 1444 2255 substantiae:
1465 2228 1514 2253 aut
1536 2232 1585 2261 per
1608 2225 1722 2253 modum
1739 2225 1927 2262 aptitudinis.
1952 2228 1978 2253 et
2000 2225 2039 2254 sic
2061 2225 2111 2254 dif-

1261 2273 1393 2301 ferentiae
1407 2272 1590 2309 completivae
1606 2272 1641 2300 ad
1659 2272 1732 2300 idem
1748 2280 1837 2309 genus
1852 2272 2029 2301 reducuntur
2044 2280 2109 2301 cum

1260 2319 1360 2356 specie.
1370 2336 1414 2340 ⁷—
1429 2319 1454 2347 Si
1476 2322 1570 2347 autem
1593 2318 1771 2347 reducuntur
1797 2319 1869 2347 sicut
1889 2319 1969 2351 viae,
1993 2319 2043 2347 boc
2066 2326 2111 2355 po-

1261 2370 1313 2395 test
1335 2374 1395 2395 esse
1424 2365 1588 2402 dupliciter:
1612 2369 1660 2394 aut
1689 2366 1761 2394 sicut
1783 2366 1848 2394 riae
1876 2366 1916 2394 ad
1937 2374 2000 2398 res,
2023 2368 2050 2394 et
2071 2366 2110 2393 sic

1262 2416 1354 2441 motus
1382 2416 1409 2441 et
1440 2412 1624 2443 mutationes.
1645 2415 1676 2440 ut
1708 2413 1850 2449 generatio
1883 2412 2051 2441 reducitur⁷
2074 2412 2109 2441 ad

1262 2459 1462 2491 substantiam:
1484 2462 1532 2487 aut
1553 2459 1625 2487 sicut
1648 2458 1711 2487 vicie
1732 2467 1751 2487 ct
1773 2458 1872 2491 rebus,
1897 2462 1923 2487 et
1945 2459 1983 2487 sic
2006 2459 2110 2487 habent

1262 2506 1357 2535 reduci
1379 2506 1516 2543 potentiae
1545 2505 1580 2534 ad
1603 2513 1690 2539 genus
1714 2505 1893 2534 substantiae.
1921 2505 2012 2533 Prima
2035 2505 2110 2533 enim

1261 2553 1359 2589 agendi
1383 2553 1520 2589 potentia.
1546 2560 1617 2589 quae
1639 2560 1783 2589 egressum
1817 2552 1918 2581 dicitur
1942 2552 2045 2580 babere
2077 2552 2112 2580 ab

1263 2602 1321 2637 ipsa
1337 2600 1506 2629 substantia.
1529 2599 1563 2627 ad
1586 2599 1659 2627 idem
1675 2606 1763 2635 genus
1786 2599 1945 2633 reducitur,
1968 2606 2040 2635 quae
2057 2607 2112 2627 non

2156 2323 2202 2341 Item
2214 2327 2243 2341 mo

2126 2347 2160 2365 dus
2173 2347 2190 2365 3.

1326 2734 1335 2748 ⁵
1351 2734 1437 2761 Supplc
1464 2739 1516 2755 cuni
1536 2732 1584 2754 Vai.
1611 2731 1642 2754 ad
1659 2731 1719 2754 idem
1736 2737 1818 2760 glenus.
1837 2730 1881 2753 Csr.
1899 2737 1969 2758 supin
1989 2737 2042 2758 pag.
2063 2730 2110 2758 siS,

1265 2776 1315 2795 uota
1339 2774 1354 2795 1.

1325 2811 1334 2825 f·
1353 2811 1391 2833 Ed.
1414 2811 1418 2832 1
1441 2816 1493 2832 cuni
1512 2811 1592 2838 paucis
1614 2809 1680 2832 codd.
1700 2811 1735 2831 liic
1753 2812 1775 2831 ct
1798 2810 1866 2837 paulo
1892 2812 1942 2836 post
1969 2807 2112 2831 essentialia.

1263 2851 1317 2872 Dein
1337 2856 1391 2872 cum
1410 2856 1454 2872 nou
1478 2851 1557 2877 paucis
1575 2849 1655 2877 codd,
1680 2850 1738 2871 inter
1760 2855 1818 2877 quos
1836 2848 1921 2870 CFlK
1933 2848 1986 2875 RSy
2006 2850 2026 2869 et
2045 2847 2081 2869 ed.
2101 2848 2113 2868 2

1262 2889 1423 2912 substituimus
1441 2889 1476 2912 bis
1493 2889 1526 2912 sic
1543 2890 1599 2912 sunt
1617 2894 1659 2917 pro
1677 2888 1739 2911 sicut
1755 2890 1817 2911 simil.

1325 2928 1334 2942 7
1353 2929 1402 2950 Solu
1423 2928 1473 2951 Vnt.
1491 2927 1648 2951 reducuntur.
