2243 3425
180 2657 195 2675 Α
201 2657 212 2674 d
228 2657 301 2680 opposi-

304 162 340 190 78
982 151 1235 182 SENTENTIARUM
1257 150 1316 179 LlB.
1340 149 1369 178 Π.

303 239 365 261 idem
383 238 485 266 intelligit
502 238 595 259 omnino
619 236 735 258 diversam
752 240 803 256 0550
825 240 837 255 0
856 233 945 261 divina,
969 237 1067 260 eamque
1085 231 1149 259 ponit

303 279 325 300 in
343 284 382 306 00,
395 277 458 306 quod
470 283 512 305 pro
525 276 588 298 libitu
607 275 695 303 possint
706 273 793 302 ubique
811 271 917 301 operari,
936 272 958 293 in
971 277 1017 299 quo
1035 273 1104 292 totam
1117 276 1150 291 ra-

304 318 387 338 tionem
400 315 542 344 praesentiae
559 314 684 336 consistere
695 315 766 340 putat.
779 311 851 333 Media
864 313 940 333 autem
952 310 1073 336 sententia,
1087 308 1150 337 quod

303 355 383 382 Angeli
412 360 454 376 nec
475 354 519 376 sint
540 351 626 382 ubique
652 357 693 373 nec
713 355 847 379 nusquam,
870 348 912 371 sed
937 348 1014 376 aliquo
1036 346 1106 368 modo
1128 346 1150 367 in

303 393 364 421 loco,
383 392 570 415 communissima
588 391 718 413 sustinetur.

366 432 441 454 Altera
459 431 574 459 quaestio,
597 432 674 451 utrum
696 427 797 455 Angelus
814 425 918 456 indigeat
934 431 965 448 ear
986 430 1021 452 se,
1041 423 1104 453 quod
1122 423 1151 445 ad

305 472 404 500 aliquem
417 470 561 498 corporalem
574 470 650 491 locum
663 467 795 494 definiatur,
813 472 825 488 a
837 466 859 488 S.
877 465 962 496 Bouav.
982 465 1032 492 (1110
1049 463 1078 486 ad
1091 463 1111 485 3.
1130 464 1152 484 et

305 510 387 532 clarius
400 510 458 531 intra
470 515 492 537 q.
506 508 526 530 4.
536 509 558 530 in
569 508 641 535 corp.)
655 507 677 528 in
690 512 758 528 sensu
771 505 878 533 negativo
890 504 992 526 solvitur.
1003 502 1152 525 Consentiunt

304 549 365 571 Alex.
384 549 431 571 Hal.
451 548 513 575 (loco
531 548 594 575 cit),
613 547 634 568 S.
648 546 730 567 Thom.
748 545 777 573 (l.
796 545 856 566 Sent.
869 543 891 566 d.
911 543 947 565 37.
965 549 984 564 a.
1006 543 1025 564 l.
1043 542 1073 564 ad
1087 541 1117 570 (1.)
1131 544 1153 562 01

305 588 386 610 Scotus
404 588 453 615 (hic
465 594 486 616 q.
500 587 520 608 6.
535 592 555 608 11.
573 586 628 614 11.),
646 585 685 613 qui
704 584 769 606 dicit:
791 592 800 603 u
814 583 881 611 Quod
898 582 999 610 Angelus
1012 587 1056 603 non
1075 586 1153 602 neces-

305 628 364 649 sario
382 630 414 648 051
436 627 458 648 111
476 626 537 652 loco,
560 625 612 653 quia
636 624 708 646 multo
725 623 800 650 magis
817 624 895 650 posset
915 621 963 643 sieri
982 620 1083 648 Angelus
1104 620 1152 641 sine

306 666 418 688 creatione
430 668 548 687 creaturae
560 663 693 691 corporalis,
706 662 742 684 vel
755 662 811 684 sacta
825 663 927 683 creatura
942 660 1062 688 corporali,
1076 662 1153 687 posset

306 705 353 727 fieri
372 707 393 726 et
410 710 460 726 esse
477 707 538 726 extra
557 708 650 725 omnem
673 705 801 724 creaturam
819 700 970 728 corporalem.
995 699 1020 721 Et
1037 701 1112 720 tamen
1131 699 1154 719 in

306 743 393 771 Angeia
411 745 444 765 est
467 743 565 770 potentia
581 741 689 771 passiva,
703 737 759 769 ‘qua
778 743 855 768 posset
878 745 927 761 esse
945 740 967 760 in
985 739 1042 760 loco.
1064 738 1090 759 Et
1112 738 1152 759 ista

306 782 405 810 potentia
423 782 459 803 vel
477 781 586 803 tundatur
603 780 734 802 immediate
750 780 772 801 in
790 780 839 801 eius
856 778 995 805 substantia,
1014 783 1058 805 qua
1076 779 1154 804 posset

306 827 356 843 esse
374 821 395 842 in
408 821 467 845 loco,
487 820 523 842 vel
536 821 557 841 in
570 820 632 847 ipsa,
645 819 667 840 in
685 821 796 847 quantum
809 821 842 840 est
860 820 939 839 natura
952 817 1056 843 limitata,
1080 818 1154 837 actua-

306 860 356 882 liter
372 860 482 887 existens,
501 859 536 880 vel
554 860 576 880 in
589 859 665 887 aliquo
683 858 809 880 extrinseco
822 857 864 885 ipsi
882 856 980 884 Angelo,
1000 854 1113 884 quidquid
1126 855 1155 876 sit

306 898 369 921 illud.
388 899 413 920 Et
430 898 481 920 ideo
499 904 543 919 11011
562 900 652 925 oportet
675 903 785 925 quaerere
803 896 904 924 aliquam
925 895 1071 916 intrinsecam
1089 894 1154 916 ratio-

307 943 359 959 nem
377 936 466 958 essendi
484 937 597 964 Angelum
616 937 637 958 iu
656 936 705 957 loco
724 935 852 957 necessario
865 943 885 955 n.

370 976 401 998 lll.
420 975 465 997 Sed
482 976 516 997 his
538 974 674 1002 suppositis,
693 974 776 996 iterum
799 972 882 1000 duplex
905 978 929 994 se
952 971 1062 994 offerebat
1084 977 1155 999 quae-

307 1017 364 1039 stio:
387 1016 403 1037 1.
421 1020 496 1045 quare
518 1017 540 1036 et
566 1012 683 1043 quomodo
707 1013 808 1040 Angelus
831 1012 996 1034 determinetur
1013 1011 1034 1032 in
1053 1016 1153 1038 genere,

306 1057 332 1077 ut
353 1055 383 1077 sit
398 1055 420 1076 in
436 1054 512 1082 aliquo
530 1053 579 1075 loco
597 1054 619 1074 et
636 1053 692 1074 intra
711 1051 835 1078 mundum;
848 1051 902 1072 012.
916 1049 971 1078 quid
984 1051 1012 1071 sit
1029 1049 1095 1076 illud,
1114 1055 1155 1077 per

308 1093 371 1122 quod
383 1092 509 1116 actualiter
525 1091 627 1119 Angelus
644 1091 797 1119 praesentiam
815 1089 898 1112 habeat
912 1090 934 1111 in
953 1089 995 1111 hoc
1008 1088 1058 1110 loco
1070 1091 1092 1110 et
1110 1093 1154 1109 non

307 1133 329 1154 in
347 1132 397 1154 alio.

371 1171 470 1192 Primam
488 1170 645 1198 quaestionem
663 1169 699 1190 hic
716 1170 737 1190 et
754 1167 811 1189 infra
827 1174 848 1196 q.
868 1167 888 1188 4.
907 1167 974 1189 solvit
986 1166 1008 1187 S.
1019 1166 1104 1187 BonaV.
1118 1165 1154 1192 ita,

308 1212 332 1231 ut
348 1215 416 1232 causa
433 1208 513 1239 finalis
531 1209 559 1230 sit
576 1207 633 1230 ordo
651 1208 753 1229 universi
772 1206 913 1233 servandus,
932 1209 954 1228 et
971 1211 1038 1228 causa
1056 1203 1155 1234 efficietis

308 1248 384 1270 divina
402 1247 525 1275 ordinatio,
543 1253 602 1276 quae
620 1246 732 1274 corporali
751 1248 845 1267 naturae
863 1245 926 1267 dedit
947 1244 1064 1273 quandam
1088 1249 1156 1272 capa-

308 1287 399 1310 citatem
418 1286 547 1308 continendi
565 1285 732 1312 universalem,
750 1287 772 1306 et
788 1284 876 1312 Angelo
893 1283 1011 1312 quandam
1028 1282 1156 1312 potentiam

305 1326 438 1355 passivam,
458 1328 482 1347 ut
500 1325 571 1353 possit
588 1324 698 1346 contineri
724 1324 746 1345 111
773 1323 830 1345 loco.
858 1323 917 1344 Haec
940 1324 1017 1344 autem
1043 1321 1156 1343 ordinatio

308 1365 384 1388 divina
410 1365 477 1387 habet
503 1365 614 1386 rationem
635 1367 684 1386 tum
709 1364 730 1384 in
751 1363 883 1384 limitatione
908 1361 1048 1384 substantiae
1074 1361 1156 1388 angeli-

308 1410 358 1431 cae,
377 1406 425 1426 tum
451 1404 503 1432 quia
534 1403 555 1424 in
573 1403 621 1424 solo
643 1408 740 1429 corpore
758 1404 791 1423 est
808 1404 829 1423 et
847 1400 966 1430 capacitas
984 1399 1119 1423 continendi
1135 1402 1157 1421 ct

308 1442 423 1466 distinctio
445 1442 573 1464 secundum
591 1441 628 1464 ltlc
650 1442 670 1463 et
688 1440 725 1463 ibi.
750 1440 835 1462 Eodem
859 1440 928 1462 modo
950 1439 1075 1467 respondet
1094 1439 1155 1461 Alex.

307 1481 355 1503 Hal.
374 1482 408 1507 (S.
428 1488 450 1509 p.
468 1481 491 1503 11.
515 1487 536 1509 q.
555 1481 591 1502 32.
610 1486 640 1502 m.
666 1480 693 1507 1.)
712 1482 733 1501 01
750 1479 824 1507 addit,
848 1478 911 1507 quod
933 1479 969 1500 illa
987 1479 1117 1506 proprietas
1134 1479 1156 1499 in

308 1521 420 1549 corporali
438 1523 531 1548 natura,
544 1526 589 1548 qua
602 1525 673 1547 capax
686 1521 720 1541 est
731 1518 861 1541 continendi
878 1518 955 1546 aliquo
967 1517 1037 1539 modo
1050 1518 1156 1545 spirltus,

312 1568 321 1579 α
335 1566 379 1582 non
397 1560 425 1581 sit
441 1558 587 1588 corporalis,
608 1564 635 1579 ex
653 1561 717 1585 parte
735 1557 839 1585 corporis
856 1557 1007 1584 provenienS,
1025 1556 1065 1578 sed
1081 1556 1157 1583 potius

309 1601 342 1620 est
359 1597 471 1621 divinans
487 1597 543 1619 clota
556 1606 576 1619 n.
595 1597 661 1624 ltem,
680 1596 743 1625 quod
762 1604 773 1616 «
786 1596 879 1623 spIritus
901 1595 1019 1623 angelicus
1037 1594 1106 1617 habet
1128 1594 1155 1616 ad

308 1638 385 1659 minus
402 1643 429 1658 ex
448 1638 511 1663 parte
523 1642 575 1663 sua,
594 1635 656 1664 quod
674 1635 757 1657 dehent,
768 1634 858 1656 definiri
874 1634 934 1662 loco,
953 1636 975 1656 et
987 1633 1050 1662 quod
1068 1634 1096 1656 sit
1109 1634 1156 1661 1110,

309 1677 338 1698 ita
356 1676 419 1704 quod
437 1681 481 1697 non
497 1675 527 1697 ibi
542 1684 562 1697 u.
581 1675 668 1697 Tamen
690 1683 699 1694 α
712 1675 791 1704 posset
806 1679 865 1701 esse,
886 1674 926 1696 etsi
939 1679 983 1695 non
1001 1676 1061 1695 esset
1072 1674 1094 1695 in
1107 1673 1157 1695 loco

310 1714 433 1743 corporali,
452 1715 561 1743 quoniam
574 1713 602 1735 ah
621 1715 663 1735 hac
675 1714 761 1735 ratione
779 1712 909 1735 continendi
923 1712 983 1740 [scil.
997 1712 1098 1740 passive]
1113 1718 1156 1734 non

311 1753 425 1782 dependet
441 1757 490 1776 esse
500 1753 592 1781 Ange1t,
611 1752 651 1774 sed
664 1752 738 1774 sotum
751 1751 780 1774 ab
798 1752 840 1773 hac
852 1752 939 1773 ratione
957 1751 1098 1778 continendi,
1112 1757 1156 1779 qua

310 1793 419 1821 dicimus,
439 1792 501 1821 quod
519 1792 580 1814 Deus
597 1792 696 1813 continet
713 1792 823 1813 omnia».
842 1790 903 1812 lciem
921 1792 998 1812 autem
1015 1790 1044 1812 de
1062 1791 1104 1812 hac
1122 1796 1158 1812 so-

310 1833 395 1854 lutione
412 1832 454 1854 ait:
476 1831 546 1853 «Hoc
564 1830 661 1852 dicimus
678 1831 727 1852 sinc
745 1829 886 1857 praeiudicio
904 1829 1005 1851 melioris
1022 1830 1157 1857 sententiae,

310 1871 363 1898 quia
385 1871 429 1892 1100
447 1876 490 1891 11011
513 1870 642 1891 invenimus
664 1869 730 1896 plane
755 1868 931 1890 determinatum
948 1868 969 1889 in
1001 1874 1018 1889 5.
1041 1868 1157 1896 Scriptura

310 1915 352 1931 nec
369 1915 381 1931 a
399 1909 486 1931 Sanctis
504 1914 546 1930 nec
563 1908 591 1930 01)
609 1907 779 1936 expositoribus
796 1914 813 1929 s.
833 1908 965 1935 scripturae
978 1915 998 1929 11.

373 1949 444 1970 Etiam
463 1948 543 1970 Scottis
562 1948 619 1969 110110
642 1947 768 1969 doctrinam
786 1946 917 1974 approbare
934 1946 1027 1969 videtur
1053 1949 1074 1968 et
1100 1947 1157 1971 (loc.

311 1989 346 2010 cit.
365 1993 386 2009 n.
409 1987 451 2016 15.)
470 1986 596 2009 concludit:
620 1995 629 2006 α
644 1986 699 2008 illud
716 1992 762 2014 quo
780 1987 855 2014 primo
875 1985 1003 2014 (Angelus)
1022 1988 1159 2013 potestesse

310 2028 332 2048 in
351 2027 411 2054 loco,
430 2029 464 2048 est
480 2032 492 2048 a
510 2026 556 2048 Deo
575 2026 717 2054 producente
734 2026 811 2053 ipsum
828 2030 901 2054 super
917 2025 1054 2047 creaturam
1077 2030 1159 2054 corpo-

310 2065 387 2088 ralem
405 2065 576 2092 conlinenlem;
595 2065 634 2087 scd
653 2071 679 2087 ex
698 2067 751 2086 tunc
768 2067 841 2092 potest
858 2064 969 2086 reducere
987 2070 1011 2086 se
1029 2064 1107 2091 ipsum
1130 2064 1159 2086 ad

311 2106 387 2126 aetum
405 2104 473 2125 istum
492 2104 551 2129 (scil.
571 2106 594 2125 ut
617 2104 644 2125 sit
661 2103 778 2125 actualiter
796 2103 816 2124 in
835 2103 892 2130 loco,
910 2105 932 2124 et
949 2103 970 2124 in
994 2103 1037 2124 hoc
1055 2102 1104 2124 loco
1122 2102 1157 2124 vel

311 2144 366 2173 illo).
378 2156 409 2160 —
421 2144 559 2165 Posteriores
577 2143 716 2170 scholastici,
735 2143 836 2170 neglecta
856 2143 898 2164 hae
916 2143 1060 2170 quaestione,
1083 2142 1160 2169 potins

312 2182 429 2210 disputant
445 2182 474 2204 de
491 2183 601 2210 sequenti.

1596 196 1614 210 a<

1269 229 1305 251 tv.
1324 227 1405 256 Quoad
1422 225 1520 249 modum
1532 227 1600 248 huius
1612 225 1767 253 praesentiae,
1785 230 1866 246 omnes
1883 223 1988 245 doctores
2000 229 2054 245 con-

1206 269 1312 295 veniunt,
1330 266 1394 296 quod
1411 266 1513 294 Angelus
1530 267 1564 287 est
1575 266 1597 286 in
1615 264 1665 286 1000
1681 269 1726 286 non
1744 263 1951 290 circumscriptive,
1964 262 2004 284 sed
2018 261 2054 284 de-

1207 307 1305 335 finitive,
1323 307 1383 333 sive,
1402 307 1426 327 ut
1442 305 1472 327 ait
1489 303 1609 327 Caietanus
1627 303 1662 331 (in
1680 303 1702 325 S.
1715 303 1729 324 l.
1743 309 1764 331 q.
1777 302 1814 324 52.
1827 308 1846 324 a.
1861 302 1903 330 1.),
1916 302 2058 324 conveniunt

1211 354 1220 365 α
1231 347 1254 368 in
1267 346 1317 374 hoc,
1331 344 1394 373 quod
1403 344 1504 372 Angelus
1516 345 1550 365 est
1561 343 1583 364 in
1596 342 1646 364 loco
1659 348 1703 364 non
1716 347 1757 369 per
1774 342 1922 370 quantitatem
1935 340 2001 362 molis
2014 345 2055 362 nec

1208 391 1249 412 per
1266 386 1396 406 contactum
1414 382 1602 411 quantitativum,
1615 381 1656 403 sed
1669 387 1710 408 per
1727 381 1876 409 quantitatem
1889 382 1911 401 et
1925 382 2055 402 contactum

1207 423 1335 445 virtualem.
1360 422 1385 444 Et
1401 427 1482 443 rursus
1504 421 1526 442 in
1545 421 1588 442 hoc
1611 420 1678 442 etiam
1697 419 1820 441 convenire
1837 424 1918 440 01111105
1933 417 2055 446 videntur,

1208 461 1271 490 quod
1289 464 1406 483 contactus
1424 461 1459 482 ille
1476 460 1505 482 sit
1522 459 1600 481 relatio
1619 458 1762 486 praesentiae
1774 458 1853 485 Angeli
1867 457 1895 479 ad
1914 457 1989 479 locum
2002 462 2056 480 σαψ

1208 500 1301 528 sattter,
1321 500 1357 522 vel
1374 498 1515 528 formaliter.
1534 498 1577 520 Sed
1596 498 1721 520 differentia
1740 498 1875 525 opinionum
1897 498 1919 518 et
1936 496 2059 518 difficultas

1209 540 1310 562 consistit
1327 540 1348 561 in
1370 538 1520 566 as51gnando,
1545 536 1608 565 quod
1629 536 1733 559 5111111115
1755 536 1896 564 praesentiae
1918 534 2057 564 fundamen-

1209 579 1267 601 tum.
1289 577 1382 600 Excedit
1398 578 1459 599 enim
1477 576 1591 599 evidentia
1609 576 1659 598 eius
1680 576 1774 597 humani
1793 575 1877 602 ingenii
1895 575 2056 603 capacitatem,

1210 620 1332 645 propterea
1359 615 1422 645 quod
1444 622 1470 638 ex
1488 615 1558 637 sacris
1580 615 1677 643 eloquiis
1700 613 1824 642 habemus,
1846 613 1946 641 Angelos
1971 611 2061 636 alicubi*

1210 661 1271 683 esse,
1289 658 1311 677 et
1328 661 1373 676 non
1391 656 1496 682 apparet,
1511 652 1628 683 quomodo
1646 655 1740 680 tangant
1756 652 1819 674 illum
1838 651 1914 673 locum
1927 659 1947 673 1).
1963 663 1995 667 —
2012 650 2059 672 Du-

1210 694 1297 716 randus
1315 694 1369 719 (loc.
1388 694 1433 721 citt)
1452 696 1551 722 quatuor
1568 693 1632 715 affert
1649 693 1780 720 opiniones;
1799 691 1840 713 sed
1862 691 1920 713 duae
1938 696 1993 718 prae
2011 690 2059 712 aliis

1211 737 1264 756 sunt
1275 733 1384 755 celebres.
1395 733 1416 754 S.
1427 733 1509 754 Thom.
1522 732 1545 753 in
1555 732 1651 753 Summa
1664 731 1715 756 (loc.
1726 731 1771 759 cit.)
1785 730 1858 758 docet,
1869 729 1933 758 quod
1948 735 2007 757 «per
2019 735 2061 757 ap-

1211 773 1356 801 plicationem
1369 772 1460 794 virtutis
1477 771 1593 799 angelicae
1606 770 1634 792 ad
1653 771 1753 799 aliquem
1766 770 1842 792 locum
1860 769 2059 798 qualitercumque

1211 812 1294 834 dicitur
1310 811 1412 839 Angelus
1429 817 1479 833 esse
1496 811 1518 832 in
1536 810 1586 832 loco
1599 818 1619 831 ».
1638 809 1760 837 Quomodo
1778 811 1854 830 autem
1873 809 1916 830 hoc
1934 808 2060 835 intelligen-

1211 852 1267 873 dum
1284 852 1323 879 sit,
1342 858 1353 873 a
1373 850 1491 878 discipulis
1503 850 1605 877 Angelici
1622 855 1667 871 non
1686 848 1768 870 eodem
1782 848 1852 870 modo
1870 848 1991 875 exponitur
2009 847 2059 875 (cfr.

1211 890 1317 917 Caietam,
1340 890 1382 912 loc.
1400 890 1454 917 eit.).
1478 888 1560 911 Contra
1578 888 1713 911 sententiam
1736 888 1757 909 S.
1776 887 1880 909 Thomae
1897 887 1940 909 late
1959 886 2060 914 disputat

1211 930 1270 951 Scot.
1290 929 1340 957 (hic
1352 935 1373 957 q.
1387 929 1407 950 6.
1420 930 1443 950 et
1454 928 1547 955 Report.
1561 934 1583 956 q.
1596 928 1627 955 2.)
1646 929 1668 949 et
1683 928 1705 949 in
1723 933 1747 948 re
1760 927 1884 949 convenire
1902 926 1994 948 videtur
2006 931 2059 948 cum

1212 968 1326 990 Richardo
1339 974 1351 990 a
1364 967 1422 989 Med.
1440 967 1468 993 (1.
1481 967 1541 989 Sent.
1556 966 1577 988 d.
1597 966 1633 988 37.
1646 972 1666 988 a.
1682 967 1702 988 2.
1715 972 1737 994 q.
1752 967 1786 994 rl.)
1805 965 1905 988 dicente:
1922 973 1931 985 ιι
1943 965 2008 987 Ratio
2020 971 2061 992 ap—

1212 1008 1338 1035 plicationis
1350 1007 1429 1035 Angeli
1443 1006 1472 1028 ad
1490 1006 1566 1028 locum
1583 1009 1617 1028 est
1633 1012 1674 1027 sua
1692 1005 1802 1028 simultas
1819 1011 1872 1027 cum
1890 1005 1939 1027 loco
1957 1005 1993 1026 vel
2007 1010 2059 1026 cum

1212 1053 1236 1068 re
1249 1047 1271 1068 in
1284 1047 1333 1068 loco
1349 1047 1482 1069 existente...
1499 1046 1558 1067 sicut
1575 1045 1677 1067 formalis
1694 1046 1752 1067 ratio
1775 1045 1933 1072 applicationis
1950 1043 2062 1073 corporis·

1212 1085 1241 1107 ad
1254 1086 1329 1107 locum
1342 1088 1376 1107 est
1385 1083 1573 1113 circumscriptio
1586 1092 1607 1105 11.
1618 1083 1693 1105 Ambo
1705 1084 1802 1105 asserunt
1812 1083 1933 1105 articulum
1945 1082 1974 1105 ab
1986 1083 2059 1111 Episc.

1214 1125 1281 1147 l’aris.
1294 1124 1457 1152 reprobatum,
1477 1124 1515 1152 qui
1527 1125 1572 1145 est:
1592 1130 1602 1144 t<
1616 1122 1761 1145 Substantiae
1778 1125 1896 1150 separatae
1908 1125 1961 1144 sunt
1978 1121 2061 1144 alicubi

1213 1170 1254 1191 per
1272 1164 1430 1191 operationem
1444 1171 1468 1190 11,
1487 1163 1527 1191 qui
1544 1165 1680 1185 censuratur
1692 1162 1735 1183 sic:
1757 1170 1766 1181 «
1780 1162 1860 1189 Error,
1878 1162 1896 1183 si
1913 1161 2061 1189 intelligatur,

1212 1204 1261 1226 sine
1278 1203 1412 1231 operatione
1429 1202 1581 1224 substantiam
1598 1208 1643 1223 non
1661 1208 1711 1223 esse
1730 1202 1751 1223 in
1770 1201 1820 1223 loco
1835 1209 1845 1221 »
1866 1200 1973 1229 (Collect.
1992 1200 2061 1224 iudic.

1212 1245 1225 1264 t.
1245 1242 1258 1264 l.
1271 1249 1293 1270 p.
1311 1242 1360 1264 192.
1378 1247 1429 1269 cap.
1442 1242 1463 1263 7.
1476 1247 1497 1263 11.
1517 1240 1553 1269 25,
1566 1240 1608 1263 sed
1621 1240 1660 1263 cfr.
1678 1246 1749 1268 supra
1767 1240 1874 1262 Scholion
1892 1246 1945 1268 pag.
1965 1239 2016 1268 30).
2028 1239 2062 1262 De

1214 1283 1256 1303 hac
1273 1281 1334 1303 etde
1350 1281 1419 1303 altera
1437 1280 1594 1308 propositione
1612 1279 1719 1302 damnata
1738 1280 1823 1307 (supra
1842 1285 1863 1300 n.
1881 1278 1919 1306 11.)
1937 1278 2064 1307 loquuntur

1213 1322 1281 1343 etiam
1298 1320 1399 1343 Durand.
1419 1320 1474 1347 (loc.
1494 1319 1539 1347 011.)
1557 1322 1578 1341 01
1596 1320 1721 1347 praecipue
1744 1319 1812 1340 Henr.
1830 1318 1902 1340 Gand.
1922 1318 2018 1347 (Quodl.
2042 1319 2062 1340 2.

1214 1367 1236 1389 q.
1254 1361 1297 1388 9.),
1316 1361 1382 1382 cuius
1399 1358 1471 1381 verba
1489 1361 1567 1381 notatu
1585 1358 1655 1386 digna
1673 1361 1738 1380 sunt:
1764 1365 1774 1378 «
1789 1358 1811 1379 ln
1829 1359 1872 1380 hoc
1889 1358 1951 1379 enim
1968 1363 2065 1380 concor-

1215 1400 1300 1422 dabant
1316 1405 1397 1421 01111105
1419 1399 1521 1427 magistri
1540 1398 1667 1426 theologiae
1685 1398 1819 1425 congregati
1841 1403 1912 1425 super
1929 1398 1983 1425 hoc,
2006 1403 2064 1426 quo-

1214 1444 1266 1460 rum
1284 1444 1327 1466 ego
1345 1443 1408 1459 eram
1426 1443 1496 1465 01105,
1516 1437 1652 1458 01101111111101·
1670 1435 1832 1463 concedentes,
1851 1435 1915 1464 quod
1931 1434 2064 1458 substantia

1214 1477 1294 1505 Angeli
1312 1482 1356 1499 non
1374 1479 1408 1498 est
1426 1475 1501 1503 ratio,
1520 1475 1634 1503 Angelum
1647 1481 1696 1497 0550
1715 1475 1736 1496 111
1750 1475 1799 1497 1000
1817 1474 1946 1497 secundum
1958 1474 2065 1497 substan-

1215 1517 1281 1543 tiam;
1300 1518 1322 1538 ct
1339 1515 1450 1537 consimili
1468 1515 1555 1536 ratione
1572 1520 1654 1536 verum
1669 1516 1703 1536 est
1720 1513 1886 1541 indubitanter,
1905 1513 1967 1542 quod
1985 1514 2003 1536 si
2020 1514 2065 1535 An-

1215 1555 1280 1583 gelus
1297 1561 1338 1583 per
1358 1555 1480 1582 potentiam
1499 1559 1576 1581 suam,
1594 1553 1641 1575 scil.
1659 1553 1797 1575 intellectum
1810 1559 1836 1575 nc
1855 1553 2007 1581 voluntatem,
2020 1553 2063 1575 vir-

1215 1598 1286 1617 tutem
1303 1600 1369 1616 suam
1382 1600 1426 1616 non
1446 1593 1545 1621 applicat
1556 1592 1585 1615 ad
1603 1593 1679 1615 locum
1697 1592 1815 1620 operando
1828 1593 1886 1614 circa
1900 1593 1988 1621 ipsum,
2001 1592 2065 1621 quod

1214 1634 1317 1656 similiter
1333 1632 1437 1662 potentia
1459 1633 1546 1654 eius...
1560 1638 1605 1654 non
1627 1634 1661 1653 est
1678 1632 1735 1653 ratio
1758 1632 1808 1653 eius
1829 1631 1920 1653 essendi
1943 1632 2019 1659 ipsum
2042 1632 2063 1653 in

1215 1673 1275 1700 loco,
1299 1673 1340 1694 nisi
1359 1672 1415 1694 sorte
1436 1670 1541 1700 potentia
1558 1671 1607 1693 eius
1633 1671 1661 1693 sit
1682 1671 1777 1693 minoris
1799 1670 1970 1698 abstractionis,
1994 1677 2063 1699 quam

1215 1713 1243 1734 sit
1260 1712 1309 1733 cius
1325 1710 1458 1733 substantia
1472 1718 1491 1731 ».
1511 1709 1572 1732 idem
1589 1710 1611 1731 in
1629 1709 1674 1731 fine
1691 1711 1781 1737 asserit,
1804 1710 1888 1731 nullam
1907 1716 1932 1732 se
1953 1711 2065 1732 sustinere

1216 1757 1257 1773 nec
1274 1750 1397 1772 defendere
1414 1749 1537 1777 specialem
1555 1749 1686 1776 opinionem
1704 1748 1733 1771 (10
1751 1749 1793 1771 hac
1811 1755 1842 1770 re.

1278 1790 1310 1812 De
1323 1790 1366 1811 hac
1378 1790 1456 1812 ultima
1468 1792 1555 1817 quaest.
1575 1788 1596 1810 S.
1610 1788 1704 1816 Bonan,
1717 1788 1776 1810 51001
1793 1794 1835 1810 nec
1848 1788 1908 1810 Alex.
1927 1788 1983 1816 flat,
1996 1788 2065 1816 expli-

1215 1830 1257 1851 cite
1275 1835 1319 1850 non
1338 1831 1422 1850 tractat.
1442 1827 1517 1850 Verba
1536 1829 1613 1849 autem
1630 1828 1690 1855 eius,
1715 1826 1841 1849 incidenter
1867 1828 1964 1855 prolata,
1988 1827 2066 1849 tavent

1215 1869 1339 1890 sententiae
1357 1867 1476 1894 Richardi,
1495 1866 1555 1889 Scoti
1578 1870 1598 1888 et
1616 1866 1674 1888 Petri
1697 1872 1708 1887 a
1728 1866 1794 1894 Tar.,
1812 1868 1837 1887 ut
1854 1866 1890 1888 hic
1913 1873 1934 1894 q.
1954 1866 1974 1888 3.
1993 1866 2022 1888 ad
2040 1867 2064 1894 2,

1216 1914 1237 1935 ¹1·
1260 1906 1277 1929 1».
1296 1908 1317 1928 111
1336 1912 1412 1934 corp.;
1431 1906 1445 1928 l.
1464 1906 1524 1928 Sent.
1543 1905 1566 1927 d.
1585 1905 1621 1927 37.
1640 1911 1662 1932 p.
1680 1905 1702 1927 11.
1721 1911 1740 1927 a.
1764 1905 1780 1926 1.
1799 1911 1821 1933 q.
1844 1906 1860 1927 l.
1879 1904 1908 1927 ad
1930 1905 1946 1926 1,

1279 1946 1305 1968 Y.
1326 1946 1415 1967 Praeter
1433 1946 1494 1967 locos
1512 1946 1557 1967 iam
1576 1946 1668 1967 citatos:
1690 1944 1711 1965 S.
1731 1944 1824 1971 Τ110111.,
1844 1945 1856 1966 1.
1876 1945 1935 1966 Sent.
1955 1944 1976 1966 d.
1994 1944 2030 1966 37.
2044 1951 2067 1973 q.

1217 1972 1270 2007 3.⁴a.
1287 1986 1307 2013 l,
1326 1984 1408 2012 Quodl.
1426 1985 1443 2006 1.
1456 1991 1478 2013 q.
1496 1985 1512 2006 1.
1526 1990 1545 2006 a.
1559 1983 1579 2006 4.
1591 1996 1623 2000 -
1634 1984 1657 2005 B.
1676 1984 1772 2012 Albert.,
1790 1984 1804 2006 l.
1824 1984 1883 2005 Sent.
1897 1984 1918 2005 (1.
1937 1983 1973 2005 37.
1992 1990 2011 2006 a.
2025 1984 2066 2012 263

1216 2025 1238 2046 S.
1257 2031 1279 2052 p.
1297 2025 1310 2046 1.
1330 2027 1355 2046 tr.
1378 2024 1410 2046 ¹8.
1429 2030 1450 2052 q.
1469 2023 1506 2045 73.
1524 2029 1554 2045 m.
1574 2024 1594 2045 2.
1613 2030 1632 2045 a.
1654 2024 1686 2045 13.
1699 2023 1799 2045 —Petr.
1817 2029 1829 2045 a
1848 2023 1912 2049 Tar..
1931 2023 1945 2045 l.
1964 2023 2024 2045 Sent.
2043 2023 2065 2045 d.

1217 2064 1253 2086 37.
1272 2070 1294 2092 q.
1316 2063 1336 2085 t..
1358 2070 1376 2085 a.
1402 2064 1418 2085 1,
1435 2075 1467 2079 -
1483 2063 1541 2090 Β101,
1561 2062 1588 2085 de
1608 2063 1651 2084 hac
1668 2066 1690 2085 et
1710 2068 1774 2091 seqq.
1794 2068 1831 2090 qq.
1851 2063 1886 2084 hie
1904 2069 1925 2090 q.
1945 2063 1965 2084 2.
1981 2062 2065 2084 —Alii

1217 2104 1409 2124 commentatores
1427 2102 1455 2123 de
1473 2102 1515 2123 hac
1533 2104 1555 2123 et
1571 2107 1635 2130 seqq.
1654 2107 1692 2130 qq.
1716 2101 1854 2130 plerumque
1873 2103 1944 2129 agunt
1970 2100 1984 2123 l.
2003 2101 2066 2123 Sent.

1218 2141 1239 2163 d.
1260 2141 1296 2162 37.

1083 2270 1245 2306 QUAESTlo
1267 2270 1295 2297 lt.

746 2356 851 2384 Utritm
873 2355 1002 2393 Amyclas
1023 2355 1115 2384 simul
1135 2359 1160 2383 ct
1180 2355 1266 2383 semel
1285 2355 1324 2383 sit
1346 2355 1377 2383 in
1398 2354 1535 2392 pluribus
1559 2354 1637 2383 locis.

391 2454 517 2484 Secundo
539 2455 699 2492 quaeritur,
720 2458 817 2484 utrum
838 2463 913 2484 unus
932 2455 1052 2492 Angelus
1075 2454 1159 2484 simul

312 2504 339 2529 et
358 2501 443 2530 semel
468 2502 502 2530 sit
522 2502 548 2529 in
568 2502 698 2538 pluribus
720 2502 803 2534 locis,
822 2510 857 2530 an
872 2505 981 2530 tantum
1004 2502 1032 2530 in
1048 2510 1112 2530 uno.
1131 2502 1161 2529 Et

314 2547 389 2584 quod
404 2548 430 2575 in
446 2548 576 2584 pluribus
592 2549 675 2583 locis,
697 2549 824 2577 videtur:

395 2595 418 2622 1.
442 2595 532 2623 Primo
547 2603 597 2632 per
612 2596 809 2632 Augustinum,
831 2596 877 2633 qui
900 2596 979 2630 dicit,
1000 2595 1161 2633 «00011Αο-

315 2640 393 2677 gelus
415 2641 450 2669 ibi
474 2645 531 2675 051,
556 2642 604 2670 ubi
620 2642 723 2676 vult»,
739 2642 766 2670 in
782 2642 854 2670 libro
876 2643 910 2671 de
937 2642 1052 2671 Civitate
1074 2642 1122 2670 Dei
1137 2642 1159 2676 ¹3

315 2688 363 2716 sed
382 2688 505 2716 existens
528 2688 555 2716 in
574 2689 665 2722 caelo,
688 2688 748 2717 vult
766 2696 826 2717 esse
848 2690 875 2717 in
900 2692 987 2718 terra:
1010 2697 1077 2725 ergo
1103 2689 1159 2717 exi-

1218 2457 1293 2482 stens
1308 2454 1334 2482 in
1347 2453 1436 2488 caelo.
1452 2457 1493 2482 est
1508 2453 1536 2482 in
1551 2457 1637 2482 terra:
1654 2461 1720 2490 ergo
1737 2453 1820 2481 simul
1836 2456 1877 2482 est
1892 2453 1918 2481 in
1935 2453 2066 2490 pluribus

1218 2501 1292 2529 locis.

1297 2549 1322 2575 2.
1345 2548 1427 2581 110111,
1460 2547 1669 2576 Damascenus²
1697 2547 1778 2581 dicit,
1803 2558 1815 2571 «
1834 2547 1909 2583 quod
1942 2546 1977 2574 ibi
2011 2550 2065 2580 est,

1217 2595 1265 2623 ubi
1287 2598 1420 2631 operatur
1432 2605 1459 2628 ”3
1481 2594 1529 2622 sed
1552 2594 1671 2630 Angelus
1692 2593 1735 2622 vel
1759 2596 1799 2622 est
1822 2593 1864 2621 vel
1886 2596 1977 2630 potest
2004 2601 2065 2622 esse

1217 2644 1308 2669 motor
1334 2641 1414 2675 caeli,
1437 2644 1464 2669 et
1485 2644 1576 2669 motor
1591 2643 1725 2678 operatur
1741 2648 1826 2677 super
1842 2643 1930 2668 totum
1946 2640 2063 2668 mobile:

1217 2696 1283 2724 ergo
1304 2696 1378 2716 unus
1400 2687 1519 2725 Angelus
1541 2688 1568 2716 in
1590 2690 1710 2724 utraque
1732 2690 1811 2724 parte
1826 2687 2065 2715 circumferentiae

379 2830 386 2844 1
405 2830 528 2853 Collectum
555 2832 646 2854 videtur
671 2839 697 2854 cx
726 2832 783 2855 libro
801 2833 869 2855 xxu.
888 2840 906 2856 c.
926 2834 962 2855 30.
980 2840 1002 2856 n.
1025 2834 1029 2855 1
1045 2852 1049 2861 ,
1068 2833 1107 2855 uhi
1133 2833 1162 2855 de

315 2870 407 2890 aeterna
425 2869 528 2891 felicitate
546 2871 665 2892 hominum
684 2871 780 2899 loquens
797 2872 841 2893 ait:
853 2871 918 2894 Certe
936 2872 974 2894 ubi
988 2872 1049 2894 volet
1062 2873 1161 2900 spiritus,

314 2906 345 2928 ibi
363 2907 469 2934 protinus
486 2909 528 2930 crit
544 2914 636 2936 corpus.
654 2921 685 2925 —
704 2910 772 2931 Paulo
790 2910 884 2932 inferius
902 2913 953 2938 post
979 2912 1044 2933 terra
1067 2911 1118 2933 cod.
1143 2911 1160 2938 Q

314 2944 418 2973 adiungit
436 2945 514 2968 simul.

1282 2833 1291 2847 ‘2
1310 2832 1368 2855 Libr.
1387 2833 1400 2855 l.
1419 2833 1447 2855 de
1462 2833 1515 2855 Fide
1527 2833 1616 2855 orthod.
1629 2839 1648 2855 c.
1665 2832 1698 2854 13.
1712 2832 1810 2854 Textum
1823 2832 1876 2854 vide
1888 2832 1943 2854 infra
1957 2837 2010 2859 pag.
2023 2831 2064 2857 79,

1220 2874 1270 2893 uota
1289 2871 1310 2893 5.
