2243 3425
754 172 836 200 DIST.
859 173 888 200 X.
912 173 983 200 ART.
1007 173 1045 200 l[[.
1071 173 1205 209 QUAEST.
1228 173 1246 201 Ι.

119 249 192 278 011101
215 249 317 277 dicitur
339 249 413 277 Deus
434 249 513 277 nobis
535 249 614 287 loqui
644 250 750 283 solum,
782 250 846 286 quia
869 250 966 278 intelli-

120 296 173 333 git,
195 296 244 324 sed
266 296 348 324 etiam
364 296 429 332 quia
444 296 594 324 revelando
609 296 730 333 aliquam
751 296 964 325 illustrationem

119 343 147 371 in
162 342 241 371 nobis
256 342 348 371 efficit.
365 342 441 371 Unde
462 343 612 379 Gregorius
628 343 655 371 in
671 343 821 372 Moralibus
835 343 841 355 ¹
856 354 860 371 :
889 354 902 369 «
918 343 965 371 Dei

119 389 237 423 locutio,
259 389 294 417 ad
315 397 366 417 nos
397 389 564 418 intrinsecus
596 390 682 423 sacta,
715 389 826 418 videtur
858 389 966 426 potius,

119 444 204 473 quam
226 436 359 470 auditur:
381 436 465 473 quia,
492 436 559 464 dum
592 436 773 473 semetipsum
801 437 860 465 sine
889 444 967 465 mora

120 483 256 511 5011110015
278 482 414 517 insinuat,
437 482 582 520 repentina
612 483 673 511 luce
704 482 833 511 tenebras
856 486 966 511 nostrae

119 529 291 565 ignorantiae
313 529 434 558 illustrat
448 540 474 557 ».

198 576 226 604 In
249 575 362 604 homine
383 583 449 604 vero
471 584 525 604 non
548 575 639 604 solum
670 575 748 604 addit
779 574 909 613 effectum
938 575 966 604 in

5 622 256 660 vtuumnezui-alterum,
279 622 327 651 sed
349 623 431 651 etiam
454 626 553 650 (10111111.
568 625 595 650 et
608 622 727 659 sz'ymtm
747 622 880 650 medium.
896 621 964 650 Cum

1 651 194 697 1ἰιιῗιῗκεῑιωεῗῖ00101
215 677 289 697 0005
311 669 394 697 110010
416 669 540 706 loquitur
561 669 657 697 alteri.
679 677 733 697 non
749 669 840 697 solum
856 669 965 705 cogitat,

4 704 40 717 ω’
119 715 168 744 Sed
190 716 382 752 cogitationem
405 723 494 750 suam,
517 715 663 744 formando
685 723 779 744 vocem
797 715 965 750 sensibilem,

118 762 164 790 alii
187 762 387 799 interpretatur
408 767 434 791 et
456 762 585 799 explicat.
602 779 640 783 —
655 763 731 791 Ratio
753 766 856 796 autem,
879 769 966 797 quare

119 808 220 837 locutio
242 809 269 837 in
291 809 451 838 hominibus
483 817 537 837 000
560 809 651 838 501001
674 809 752 838 addit
773 813 893 842 actum,
916 809 965 837 sed

118 855 199 884 etiam
226 856 345 893 3191111111
372 856 512 888 medium,
535 856 603 885 baec
635 860 693 885 est:
724 857 789 893 quia
817 857 845 885 in
873 856 966 885 anima

118 901 190 931 alius
211 905 251 931 est
272 906 351 931 actus
372 903 562 931 conversionis
583 912 679 940 supra
699 912 744 937 se,
759 906 785 932 et
801 903 873 932 alius
887 906 966 932 actus

118 950 307 978 conversionis
327 950 368 978 acl
395 949 542 983 alternum
573 953 600 978 et
632 950 659 978 in
690 950 876 987 cogitatione²
906 958 967 979 0011-

118 997 237 1026 vertitur
258 997 351 1025 anima
374 1005 459 1033 supra
480 996 507 1025 id
529 997 604 1033 quod
627 997 711 1026 habet
734 997 763 1025 m
783 1006 827 1031 se,
850 997 878 1026 in
894 997 966 1025 locu-

118 1045 191 1072 tione
213 1052 279 1072 vero
301 1044 381 1072 offert
402 1043 508 1072 alteri:
531 1048 557 1072 et
579 1044 616 1072 ita
638 1047 761 1080 oportet,
790 1044 865 1081 quod
894 1045 966 1073 alius

117 1094 196 1119 actus
218 1091 254 1119 sit
275 1091 404 1128 cogyitare
435 1094 461 1119 et
484 1090 579 1129 loqui,
601 1094 629 1119 et
652 1091 688 1119 ita
710 1091 788 1120 addit
809 1096 909 1120 actum
931 1092 966 1120 lo-

118 1138 191 1166 cutio
214 1146 300 1175 supra
322 1138 515 1174 cogitationem
538 1138 564 1166 in
588 1138 706 1167 11001100.
730 1138 811 1167 Addit
832 1139 915 1167 etiam
930 1138 966 1166 si-

115 1193 218 1222 91111111,
240 1185 305 1222 quia
327 1185 434 1216 anima,
457 1185 593 1221 quamdiu
615 1189 657 1214 est
677 1193 741 1214 cum
763 1193 888 1222 corpore,
911 1194 965 1213 non

117 1236 158 1261 est
179 1235 243 1260 nata
265 1232 416 1268 suscipere,
438 1232 490 1260 nisi
511 1232 650 1261 mediante
676 1233 703 1260 vi
718 1233 850 1261 sensitiva
862 1244 868 1267 3
891 1233 966 1261 unde

123 1290 135 1304 <‹
150 1279 196 1316 qui
219 1279 350 1307 amittunt
372 1286 460 1306 0011111
483 1286 613 1313 sensum,
638 1287 749 1308 necesse
771 1280 874 1308 liabent
889 1280 967 1308 amit-

117 1329 175 1354 tere
197 1333 282 1353 unam
305 1325 467 1353 scientiam³
482 1336 508 1352 ».
532 1325 594 1353 Ideo
615 1326 650 1353 ad
677 1326 744 1359 hoc,
778 1326 850 1363 quod
874 1326 966 1354 anima

117 1375 280 1408 conceptum
297 1379 379 1400 suum
396 1371 475 1400 alteri
488 1372 637 1408 exprimat,
653 1375 770 1409 oportet,
782 1373 856 1409 quod
873 1373 966 1409 ipsum

117 1419 176 1448 voci
199 1418 320 1447 sensibili
336 1426 386 1455 per
408 1426 512 1454 organa
532 1418 676 1453 formatae,
692 1419 830 1448 mediante
853 1420 878 1447 vi
902 1421 967 1448 inia-

118 1466 232 1502 ginaria,
256 1465 421 1502 coniungat.
444 1469 471 1493 et
486 1465 524 1493 sic
542 1465 696 1494 similitudo
712 1466 893 1500 intelligibilis
908 1467 966 1495 sive

117 1511 256 1547 signatum
272 1512 443 1548 intelligibile
455 1520 505 1549 per
518 1512 587 1541 illud
602 1520 685 1541 suum
701 1513 810 1549 signum
824 1513 966 1548 sensibile,

116 1559 304 1588 mediantibus
316 1559 468 1588 virtutibus
484 1559 637 1591 sensilivis,
656 1560 690 1588 ad
711 1560 880 1589 intellectum
903 1562 968 1589 alte-

116 1607 177 1635 rius
188 1607 296 1635 animae
312 1606 451 1634 ascendat.
467 1623 506 1626 —-
522 1606 551 1634 Et
566 1606 618 1635 hoc
634 1607 801 1635 conveniens
816 1611 865 1635 est.
878 1611 917 1642 ut,
935 1608 967 1636 si-

117 1657 164 1682 cut
176 1654 258 1682 bomo
270 1653 440 1690 compositus
454 1658 496 1682 est
510 1662 544 1682 ex
561 1654 654 1682 anima
669 1657 695 1682 et
710 1662 841 1690 corpore,
854 1655 890 1683 ita
906 1655 967 1684 eius

119 1700 220 1729 locutio
241 1700 344 1737 aliquid
368 1701 469 1729 habeat
491 1701 651 1737 spirituale,
673 1701 778 1738 aliquid
801 1702 953 1738 corporale.

198 1747 225 1775 10
247 1746 455 1784 spiritualibus
476 1750 569 1775 autem
589 1746 762 1775 substantiis
777 1748 869 1776 medio
884 1749 967 1777 inodo

0 1798 180 1828 ›nelusi0L38103
200 1802 263 1822 nam
288 1794 389 1823 locutio
410 1802 497 1830 supra
519 1794 712 1830 cogitationem
735 1794 813 1823 addit
837 1794 967 1832 effectmn

119 1842 177 1870 sive
202 1845 379 1877 respectum,
402 1841 450 1869 sed
482 1849 535 1869 non
568 1841 645 1869 addit
677 1841 806 1870 sensibile
839 1842 965 1879 sifflimu.

118 1888 285 1925 lie-spectum
308 1888 421 1924 quidem
444 1890 470 1916 et
491 1886 621 1924 effectum
642 1887 720 1915 addit
752 1892 866 1924 propter
896 1889 966 1923 hoc,

117 1935 191 1972 quod
221 1935 364 1971 cogitatio,
386 1938 521 1971 quantum
545 1938 586 1963 est
608 1935 642 1963 de
665 1935 707 1962 sni
730 1939 846 1969 natura,
868 1939 909 1964 est
928 1944 967 1965 se-

116 1985 209 2015 creta:
232 1985 257 2010 et
280 1982 341 2010 ideo
363 1990 506 2018 nunquam
529 1981 559 2009 fit
582 1981 741 2016 manifesta,
764 1982 814 2010 nisi
846 1982 903 2019 ipse
926 1991 967 2011 co-

117 2029 207 2065 gitans
228 2028 333 2065 aliquid
350 2031 482 2065 tanquam
498 2028 621 2057 audienti
637 2028 750 2063 offerat,
766 2032 793 2057 et
816 2029 966 2065 aperiendo

118 2083 162 2109 se,
185 2075 306 2112 quodam
329 2075 407 2112 quasi
431 2078 500 2103 nutu
524 2076 677 2109 mediante,
710 2076 784 2112 quod
815 2076 840 2104 in
864 2084 892 2105 se
922 2077 967 2104 lia-

118 2122 162 2150 bet
185 2122 218 2150 ad
243 2122 412 2150 intellectum
434 2122 550 2150 alterius
579 2122 656 2159 quasi
690 2122 724 2151 ad
747 2131 844 2151 aurem
866 2123 966 2160 perlin-

118 2176 183 2205 gere
218 2169 307 2197 saciat.
337 2169 514 2198 Necessarius
549 2173 590 2197 est
622 2170 704 2197 etiam
733 2173 817 2198 (totns
855 2179 965 2204 notius,

118 2216 183 2252 quia
204 2224 258 2244 non
280 2216 376 2244 eadem
400 2217 579 2245 conversione
592 2217 599 2230 ⁴
622 2224 650 2244 se
671 2225 767 2253 supra
781 2225 811 2245 se
830 2218 966 2246 convertit

118 2265 145 2290 et
165 2271 260 2298 supra
282 2262 406 2290 alterum
431 2262 473 2291 vel
495 2263 530 2291 ad
546 2263 785 2291 alterum—Sed
802 2267 895 2292 tamen
911 2272 965 2292 non

118 2313 160 2337 est
182 2310 368 2338 necessarium
393 2310 522 2338 sensibile
543 2310 662 2347 3191111111
684 2319 734 2339 nec
760 2309 892 2347 descrens
913 2320 967 2340 me-

119 2355 212 2388 (lason,
234 2356 314 2392 qnia,
337 2364 399 2384 cum
424 2357 481 2393 ipse
504 2357 660 2386 intellectus
681 2357 825 2394 angelicus
848 2358 906 2386 sine
922 2367 967 2394 po-

119 2402 211 2430 tentiis
243 2403 382 2431 sensitivis
414 2407 495 2431 natus
526 2403 559 2430 sit
590 2403 746 2440 suscipere,
780 2404 899 2440 Angelus
932 2404 966 2432 10-

119 2456 207 2485 quens
229 2449 287 2477 sine
309 2449 430 2477 sensibili
464 2449 557 2477 medio
586 2453 668 2478 natus
700 2454 741 2478 est
773 2450 899 2478 similiter
930 2450 967 2478 of-

1813 176 1868 204 269

1023 251 1114 282 serrez
1136 254 1162 279 et
1183 251 1244 280 ideo
1265 251 1300 280 ad
1322 252 1493 289 loquendum
1510 251 1612 281 sufficit
1627 252 1678 289 ipsi
1693 253 1794 289 Angelo
1810 253 1976 290 ipsaC0ne1usio
1986 260 1996 272 ³

1023 298 1129 334 species
1161 298 1357 335 intelligibilis,
1389 307 1461 335 quae
1493 307 1529 328 ex
1564 299 1668 328 virtute
1703 299 1871 329 intellectiva

1024 343 1111 380 ipsius
1132 344 1227 380 Δ1011011
1249 344 1284 373 ad
1306 345 1456 381 imperium
1470 344 1479 357 ⁵
1502 345 1653 374 voluntatis
1673 349 1763 383 potest
1784 347 1819 375 ad
1835 347 1871 375 al-

1024 392 1115 418 terum
1137 391 1274 427 protendi.
1298 392 1328 419 Et
1349 392 1420 420 sicut
1442 392 1489 420 illa
1510 393 1631 429 species,
1653 393 1722 422 dum
1741 401 1802 422 eam
1818 394 1869 423 sibi

1023 439 1050 464 et
1071 436 1099 464 in
1120 444 1149 465 se
1170 438 1355 466 contuebatur
1388 439 1560 474 intellectus,
1582 443 1642 468 erat
1662 440 1783 469 verbum
1805 441 1871 469 iute—

1023 482 1110 516 rius,·
1131 484 1184 518 sic,
1207 484 1275 512 dum
1297 493 1358 513 eam
1381 486 1522 522 protendit
1542 487 1577 515 ad
1599 487 1735 522 alterum,
1751 488 1870 517 efficitur

1023 529 1103 566 quasi
1134 534 1221 558 nutus
1248 534 1275 559 et
1306 531 1426 559 verbum
1447 533 1583 561 exterius.
1608 534 1638 562 Et
1659 534 1724 571 quia
1745 538 1801 563 tam
1824 535 1871 564 illa

1023 575 1129 611 species
1151 584 1235 612 quam
1258 577 1348 605 virtus
1371 579 1539 614 protendens
1562 579 1637 607 illam
1658 581 1694 609 ad
1709 581 1829 609 alterum
1844 585 1872 610 et

1024 622 1083 658 ipsa
1104 623 1245 659 protensio
1266 624 1435 660 spiritualis
1456 629 1497 654 est
1509 637 1516 660 3
1538 626 1600 655 ideo
1622 635 1676 655 non
1696 628 1800 665 indiget
1815 636 1872 657 cor-

1023 669 1112 705 porali
1133 670 1227 698 medio
1249 671 1399 700 deserente.
1412 672 1510 701 —Sed
1533 673 1599 710 quia
1620 674 1709 702 virtus
1724 675 1770 703 illa
1785 675 1872 712 finita
1882 679 2012 697 Corossarium·

1022 718 1079 749 est,
1101 723 1213 745 necesse
1235 720 1276 745 est
1297 718 1332 746 ad
1355 718 1422 752 boc,
1444 719 1518 756 quod
1534 727 1608 748 unus
1627 721 1747 757 Angelus
1768 722 1872 751 intelle-

1023 765 1098 789 ctum
1121 762 1237 791 alterius
1259 764 1352 800 Angeli
1375 764 1529 801 loquendo,
1552 767 1604 795 boc
1635 772 1676 795 est
1708 768 1784 796 illam
1813 777 1872 806 spe-

1022 807 1091 835 ciem
1114 809 1322 845 protendendo,
1344 811 1461 845 excitet,
1483 812 1558 848 quod
1579 813 1657 841 finita
1678 814 1808 843 distantia
1836 816 1871 845 ad

1023 853 1141 883 invicem
1164 855 1274 884 distent.

1103 902 1142 930 Ex
1166 903 1208 931 liis
1231 903 1316 940 igitur
1338 907 1427 941 patet,
1450 906 1526 942 quod
1548 907 1598 935 etsi
1620 915 1674 935 non
1695 910 1804 937 tantum
1823 909 1872 937 dif-

1023 948 1093 977 ferat
1114 949 1141 977 in
1165 950 1266 987 103010
1288 950 1391 979 locutio
1412 954 1439 980 et
1460 953 1607 989 cogitatio,
1622 957 1759 990 quantum
1779 955 1872 984 differt

1023 995 1051 1023 iu
1072 996 1200 1031 11001100,
1223 997 1316 1026 differt
1337 1002 1429 1027 tamen
1450 999 1544 1036 aliquo
1566 1001 1657 1029 modo.
1672 1001 1735 1030 Ideo
1752 1003 1872 1031 rationes

1023 1042 1152 1071 inductae
1174 1043 1208 1072 ad
1231 1044 1302 1073 lianc
1323 1048 1431 1082 partem
1454 1047 1648 1076 concedendae
1671 1052 1743 1077 sunt.

1106 1091 1129 1118 1.
1152 1090 1190 1119 Ad
1213 1091 1282 1120 illud
1305 1092 1380 1129 quod
1403 1093 1534 1122 obiicitur
1556 1094 1591 1123 de
1612 1094 1760 1132 Gregorio,
1783 1097 1873 1125 dicen-

1023 1136 1107 1171 dum,
1130 1138 1205 1174 quod
1227 1138 1378 1175 Gregorius
1399 1140 1524 1177 loquitur
1553 1141 1587 1170 de
1619 1141 1757 1171 locutione
1779 1144 1872 1180 Angeli

1024 1184 1050 1211 in
1073 1186 1279 1221 comparatione
1312 1186 1347 1214 ad
1369 1186 1474 1221 Deum,
1496 1188 1570 1224 apud
1594 1197 1677 1225 quem
1700 1189 1779 1228 loqui
1799 1191 1873 1228 coyt-

1024 1234 1087 1258 tare
1108 1234 1164 1263 est,
1187 1232 1252 1269 quia
1273 1240 1370 1261 aurem
1383 1233 1392 1247 ⁶
1413 1234 1473 1263 0105
1495 1235 1563 1262 1111111
1586 1235 1659 1264 latet.

1103 1278 1128 1306 9.
1149 1278 1188 1307 Ad
1211 1278 1279 1307 illud
1303 1280 1378 1316 quod
1401 1280 1531 1309 obiicitur
1560 1282 1594 1310 de
1626 1282 1811 1317 Damascene,
1834 1283 1872 1312 di-

1024 1324 1159 1359 cendum,
1182 1326 1257 1361 quod
1280 1327 1408 1362 [luamvis
1432 1327 1535 1356 locutio
1560 1329 1654 1365 Δ100011
1687 1338 1739 1358 11011
1762 1330 1871 1359 differat

1023 1378 1039 1398 a
1065 1371 1229 1407 cogitatione
1259 1377 1372 1410 propter
1395 1374 1459 1409 boc,
1482 1375 1558 1411 quod
1580 1375 1654 1404 ultra
1676 1377 1871 1413 cogitationem

1024 1417 1096 1446 dicat
1118 1426 1213 1447 vocem
1235 1420 1415 1455 sensibilem,
1437 1421 1618 1451 nibilominus
1642 1427 1732 1452 lamen
1755 1432 1808 1452 non
1831 1429 1873 1453 est
1886 1430 2000 1449 Notandum-

1024 1465 1142 1493 0111111110
1164 1465 1342 1503 indifferens,
1365 1468 1447 1504 quia,
1470 1469 1519 1497 etsi
1542 1478 1596 1498 non
1619 1470 1704 1499 addat
1735 1471 1807 1499 ultra
1831 1480 1873 1501 00-

1024 1511 1183 1547 gitationem
1206 1514 1332 1542 exterius
1346 1515 1482 1551 stymonz,
1501 1516 1578 1544 addit
1602 1520 1693 1546 tamen
1709 1518 1872 1547 ulteriorem

1024 1562 1121 1586 11010111
1138 1562 1220 1596 atque
1237 1565 1414 1597 respectum,
1436 1563 1543 1592 ratione
1565 1564 1644 1593 cuius
1660 1566 1800 1594 concernit
1815 1566 1873 1594 fini-

1025 1607 1081 1633 tam
1104 1605 1280 1642 distantiam,
1302 1609 1431 1645 quamvis
1453 1610 1581 1646 cogitatio
1609 1614 1636 1639 et
1658 1612 1816 1641 intellectus
1837 1613 1872 1641 ab

1024 1653 1096 1681 omni
1121 1654 1251 1682 distantia
1272 1655 1425 1683 abstrahat.

1104 1700 1129 1729 3.
1152 1701 1190 1729 Ad
1218 1701 1286 1730 illud
1319 1702 1394 1739 quod
1425 1702 1554 1732 obiicitur
1587 1704 1621 1733 de
1653 1705 1873 1735 manifestatione

1025 1747 1094 1777 lucis
1117 1752 1143 1776 et
1165 1748 1286 1785 speculi,
1308 1749 1474 1785 dicendum,
1507 1751 1582 1787 quod
1615 1760 1669 1780 non
1701 1756 1742 1781 est
1764 1753 1872 1788 simile,

1025 1795 1090 1831 quia
1112 1794 1203 1828 lucis,
1226 1795 1269 1824 vel
1298 1796 1409 1833 specula*
1439 1797 1624 1827 manifestatio
1655 1803 1696 1828 est
1728 1800 1872 1829 naturalis.

1026 1841 1100 1870 Unde
1116 1850 1164 1870 nec
1182 1841 1233 1869 [nr
1255 1846 1345 1879 potest
1367 1843 1469 1878 lucere,
1486 1852 1536 1873 nec
1550 1845 1700 1881 speculum
1722 1847 1872 1883 suscipere,

1024 1889 1090 1926 quin
1113 1889 1195 1917 etiam
1219 1897 1247 1917 se
1270 1890 1464 1925 inanisestent;
1485 1891 1533 1920 sed
1556 1900 1611 1920 non
1640 1893 1678 1921 510
1710 1897 1752 1922 est
1780 1895 1806 1922 in
1828 1902 1874 1922 an-

1024 1936 1111 1973 gelica
1133 1937 1311 1973 cogitatione,
1335 1938 1415 1966 cuius
1437 1939 1621 1968 manifestatio
1643 1944 1684 1968 est
1706 1940 1872 1975 voluntaria,

1024 1984 1094 2011 sicul
1118 1984 1182 2012 dicit
1204 1984 1375 2021 Augustinus
1398 1993 1483 2022 super
1505 1986 1631 2015 Genesim
1654 1987 1688 2016 ad
1712 1987 1870 2016 litteram⁷:

1029 2030 1129 2058 «Dum
1152 2030 1202 2067 ipsi
1225 2031 1317 2067 Δ1110011
1341 2032 1520 2068 cogitationes
1546 2041 1611 2062 suas
1642 2034 1677 2062 ad
1706 2038 1806 2063 nutum
1830 2043 1873 2063 vo-

1025 2077 1139 2105 luntatis
1161 2077 1244 2105 modo
1266 2078 1421 2109 occultant,
1449 2079 1530 2108 modo
1562 2081 1783 2115 communicant,
1815 2082 1873 2118 qui-

1024 2124 1142 2152 busdam
1166 2124 1360 2160 spiritualibus
1382 2125 1532 2154 obstaculis
1554 2127 1663 2163 positis,
1680 2127 1723 2155 vel
1739 2128 1852 2156 remotis
1865 2151 1871 2162 ,

1024 2172 1095 2199 sicut
1117 2171 1284 2200 sensibiliter
1307 2172 1437 2201 videmus
1459 2173 1532 2201 circa
1554 2182 1711 2210 corpora».

1102 2219 1127 2246 [ι.
1151 2218 1189 2247 Δ111
1212 2218 1281 2246 illud
1304 2219 1377 2255 quod
1401 2220 1542 2254 obiicitur,
1565 2220 1639 2257 quod
1655 2221 1723 2248 011111
1739 2221 1814 2250 aliud
1831 2226 1871 2250 est

1024 2265 1102 2302 loque⁴
1123 2273 1206 2302 quam
1231 2265 1346 2297 ‹licei-ff
1369 2266 1535 2300 dicendum,
1555 2267 1629 2304 quod
1651 2268 1723 2296 sicut
1738 2267 1818 2305 loque·
1831 2272 1872 2297 est

1024 2312 1190 2349 dupliciter:
1214 2313 1245 2340 in
1264 2321 1303 2346 sc,
1326 2316 1353 2341 et
1374 2314 1414 2341 (td
1439 2313 1574 2343 atterimur.
1596 2315 1635 2343 sic
1657 2315 1739 2343 etiam
1761 2315 1809 2343 et⁸
1832 2316 1872 2344 ziz·-

1023 2367 1105 2392 cere;
1127 2362 1153 2387 et
1176 2360 1304 2396 quamvis
1326 2360 1420 2388 dicere
1444 2360 1473 2387 111
1494 2369 1523 2388 se
1545 2361 1617 2389 idem
1642 2362 1674 2389 sil
1705 2362 1778 2398 quod
1802 2362 1872 2399 cogi-

1025 2408 1081 2433 lare
1104 2405 1145 2433 vel
1169 2406 1314 2441 cogitando
1337 2406 1506 2443 inlelligere.
1535 2410 1625 2436 tamen
1656 2408 1750 2436 <licere
1771 2408 1812 2436 ad
1832 2408 1872 2436 αἰ-

1024 2455 1115 2479 fei-iun
1140 2451 1301 2480 ulteriorem
1326 2452 1408 2481 babet
1429 2457 1530 2481 actum.

1886 1100 1957 1126 5010110
1971 1105 2002 1123 op-

1890 1126 2001 1148 posuorum.

184 2616 190 2630 1
210 2616 269 2638 LIbr.
288 2617 387 2638 xxvnl.
406 2623 424 2639 c.
448 2617 464 2638 1.
483 2623 504 2638 n.
521 2617 545 2638 ἱ).

183 2656 192 2670 2
210 2655 265 2678 Cod.
283 2662 309 2678 cc
326 2662 379 2677 cnm
397 2656 433 2677 ed.
456 2656 460 2677 1
483 2657 504 2678 et
520 2655 544 2678 in
563 2655 715 2679 conversione
729 2656 818 2685 primu.

183 2694 192 2709 ³
210 2696 312 2722 Ariston,
339 2695 352 2716 1.
379 2695 463 2717 poster.
490 2702 510 2717 c,
538 2695 570 2717 11.
598 2696 629 2719 (c.
653 2696 684 2717 18.
697 2700 708 2717 l.
726 2708 757 2711 —
774 2695 805 2717 Dc
831 2696 967 2718 formatione

122 2735 188 2756 vocis
204 2735 299 2762 eiusque
317 2734 424 2756 relatione
443 2734 472 2755 ad
489 2735 662 2762 imaginativam
688 2735 735 2756 vim
759 2735 798 2756 cfr.
817 2735 919 2762 Aristot.y
945 2735 966 2756 ll.

123 2773 151 2795 de
169 2774 261 2797 Anima,
281 2776 331 2794 text,
350 2773 427 2794 87-91.
447 2772 479 2796 (c.
499 2773 532 2800 S.)
551 2777 572 2795 ct
590 2774 697 2800 August„
716 2773 744 2795 de
762 2773 884 2801 Magistro,
903 2780 921 2795 c.
947 2775 966 2796 l.

123 2811 305 2840 seqq—Paulo
324 2811 416 2833 insci-ins
434 2813 566 2833 auctoritate
589 2812 656 2834 codd.
674 2812 689 2833 L
700 2812 728 2833 W
742 2819 766 2834 aa
781 2819 806 2834 cc
819 2817 841 2835 et
853 2813 888 2835 cd.
906 2814 910 2834 1
927 2819 968 2841 po-

123 2852 211 2873 suimus
230 2850 343 2873 mediante
361 2850 383 2872 ri
399 2856 441 2878 pro
458 2850 575 2872 mediante
591 2850 628 2873 via
640 2869 645 2878 ,
666 2851 728 2879 quod
754 2851 821 2873 1101)οι
841 2852 890 2873 Vat.
914 2858 966 2874 cum

123 2890 171 2912 aliis
188 2889 255 2911 codd.
273 2893 294 2911 01
312 2889 365 2911 edd.

185 2928 194 2942 ⁴
212 2928 266 2951 Cod.
287 2929 291 2949 1
310 2928 401 2955 supplet
419 2927 548 2951 Intellectus
566 2928 694 2958 famelicus.

185 2968 194 2982 5
214 2968 261 2989 Vai,
278 2973 322 2996 pei·
340 2967 392 2989 rim.
412 2967 480 2989 Paulo
498 2968 592 2990 inferius
609 2968 675 2990 codd.
695 2968 713 2989 1<
732 2974 758 2989 aa
776 2967 907 2991 continebat
924 2974 967 2995 pro

1025 2617 1196 2645 antummum,
1217 2619 1266 2641 cod.
1286 2625 1311 2641 cc
1328 2622 1349 2641 ct
1367 2619 1403 2642 ed.
1425 2620 1429 2641 1
1453 2626 1508 2642 voro
1526 2620 1605 2648 legunt
1617 2621 1718 2644 continet
1730 2621 1868 2650 intellectus,

1024 2656 1111 2679 clii-stur
1130 2656 1225 2680 verbum
1244 2657 1349 2680 interius.

1087 2696 1096 2711 ὅ
1113 2696 1168 2718 Cod.
1188 2696 1205 2717 Y
1223 2697 1330 2718 mentem.

1087 2735 1096 2749 7
1113 2735 1174 2757 Libr.
1194 2736 1239 2757 ΧΗ.
1257 2741 1276 2757 0.
1295 2736 1331 2757 22.
1350 2742 1371 2757 n.
1390 2735 1434 2758 48:
1454 2736 1540 2759 Verum
1559 2737 1602 2759 boc
1627 2738 1729 2765 intersit,
1755 2738 1819 2766 quod
1841 2739 1870 2760 illi

1026 2774 1134 2802 [Angeli]
1153 2778 1241 2796 nostras
1260 2774 1447 2803 [cogitationes],
1466 2776 1554 2797 etiamsi
1572 2776 1682 2804 nolimus,
1695 2780 1816 2805 noverunt,
1830 2783 1870 2800 nos

1025 2817 1101 2835 aulem
1119 2814 1238 2840 ipsorum,
1258 2814 1299 2835 nisi
1318 2814 1482 2842 ostendantur,
1500 2821 1567 2837 nosse
1585 2821 1629 2837 non
1653 2821 1793 2844 possumus;
1817 2818 1870 2845 quia

1025 2852 1057 2873 sic
1074 2858 1127 2879 eas,
1147 2855 1171 2873 ut
1188 2852 1284 2879 opinory
1303 2852 1387 2874 babent
1405 2853 1426 2874 in
1446 2856 1556 2880 potestate
1574 2854 1687 2876 occultare
1713 2855 1870 2882 spiritualibus

1026 2890 1114 2915 0101115,
1134 2891 1332 2919 [pieinadmodum
1351 2897 1407 2920 nos,
1426 2892 1566 2920 quibusdam
1592 2894 1713 2916 interiectis
1731 2893 1869 2921 obstaculis,

1026 2934 1101 2952 nostra
1120 2936 1232 2958 corpora.
1251 2936 1278 2952 00
1296 2931 1394 2953 aliorum
1412 2932 1484 2953 oculis
1501 2932 1637 2961 videantur,
1656 2932 1826 2956 abscondimus

1088 2968 1097 2983 Β
1115 2968 1169 2991 Cod.
1189 2976 1214 2991 cc
1232 2972 1253 2992 et
1270 2969 1305 2991 cd.
1329 2971 1333 2991 1
1356 2971 1395 2992 cst.
