2243 3425
368 187 425 215 824

369 264 474 293 bonum
503 262 607 300 gratiae
635 263 662 289 et
687 261 791 288 bonum
820 261 946 287 naturae.
973 258 1004 286 Et
1026 257 1132 286 ratione
1153 257 1214 285 eius

370 310 442 348 quod
465 310 500 338 ad
524 309 628 337 bonum
647 306 766 344 qratiae
787 305 921 337 ordinat,
949 303 1104 332 attenditur
1130 311 1215 340 penes

369 357 457 393 ipsam
486 355 591 384 bonum
620 357 647 382 et
673 352 777 381 malum
807 351 909 384 moris3
937 350 1044 378 ratione
1066 357 1133 378 vero
1154 349 1215 377 eius

369 402 444 440 quod
466 400 615 430 naturalis
636 402 692 433 est,
713 406 767 426 non
784 400 891 426 tantum
908 396 992 425 habet
1006 404 1067 425 esse
1082 396 1110 424 in
1126 396 1215 430 iustis,

1045 179 1296 208 SENTENTIARUM
1318 179 1378 207 ΠΒ.
1400 179 1428 207 11.

1272 256 1321 285 sed
1343 257 1427 285 etiam
1449 257 1477 284 in
1498 257 1709 294 peccatoribus;
1738 260 1765 286 et
1792 257 1854 286 ideo
1876 260 2038 295 peccatum,
2060 258 2119 287 sive

1273 303 1321 331 fiat
1342 303 1377 332 ab
1398 304 1501 340 aliquo,
1523 303 1572 340 qui
1594 303 1679 332 habet
1701 304 1848 339 iustitiam,
1870 305 1928 333 sive
1950 304 1998 333 fiat
2019 313 2036 333 a
2060 312 2121 342 pee-

1273 352 1381 384 catoni,
1404 358 1515 387 semper
1535 350 1641 378 invenit
1661 350 1777 387 aliquid,
1800 351 1875 388 quod
1902 352 1994 388 privet
2015 354 2042 380 et
2063 360 2120 381 cor-

1274 399 1395 433 rumpat.

1113 485 1375 522 SOHOLION.

432 580 446 601 t.
464 579 486 601 tn
504 582 548 602 tota
567 579 609 600 hac
626 577 769 599 distinctione
786 577 872 599 veritas
889 576 997 598 catholica
1012 575 1040 597 de
1052 574 1213 604 corruptione,

369 625 428 648 quae
445 619 517 640 oritur
534 623 561 639 ex
578 619 685 645 peccato,
704 616 796 643 copiose
814 617 835 637 et
853 614 967 642 profunde
985 614 1136 642 explanatum
1154 614 1215 636 unde

367 658 512 680 eliminantur
522 656 568 679 duo
579 659 679 678 extreme
692 654 792 683 oppositi
803 660 901 681 errores,
914 659 979 676 error
990 654 1075 676 scilicet
1087 653 1216 681 Pelagiano-

369 703 429 724 rum,
441 696 559 725 quitatem
572 695 756 722 corruptionem,
775 693 899 721 praecipue
917 692 994 721 quoad
1011 697 1132 720 peccatum
1150 693 1217 720 origi-

369 736 426 763 nale,
445 734 571 763 negabant,
588 736 610 756 et
627 739 691 755 error
709 735 847 754 novatorum
865 732 950 754 saeculi
968 732 1026 754 XVt.
1045 735 1066 754 et
1084 731 1158 760 Xth,
1177 733 1216 760 qui

369 774 466 797 eandem
479 775 507 796 ita
520 772 702 801 exaggerabant,
716 774 740 794 ut
752 771 811 793 bona
826 774 922 793 naturae
939 771 1104 799 praestantiora
1123 774 1218 799 peccato

369 814 476 836 exstincta
494 818 544 835 esse
562 812 718 839 opinarentur.
735 822 767 826 —
786 809 848 837 Quid
857 809 889 832 sit
900 813 1033 838 peccatum,
1046 809 1100 832 vide
1112 810 1148 831 hie
1160 809 1217 832 dub.

373 853 390 874 1.
410 853 429 874 3.
449 853 477 878 6;
495 854 517 874 et
534 851 596 880 quod
614 851 654 872 tria
672 849 789 877 includat,
808 849 865 871 infra
879 848 901 871 d.
916 848 951 870 42.
964 849 1020 871 dul).
1038 849 1060 877 l,
1073 851 1095 871 et
1107 849 1143 871 lV.
1156 849 1217 871 Sent.

370 892 391 914 d.
411 892 446 914 ts.
465 898 487 919 p.
505 891 519 912 Ι.
537 890 592 912 dub.
612 890 632 911 ι1.
651 901 681 904 —-
697 888 800 918 Effectus
827 892 903 910 autem
930 889 1029 916 peccati,
1056 888 1095 916 qui
1116 888 1218 910 afficiunt

369 930 447 960 ipsam
465 929 607 957 subiectum,
635 930 688 950 sunt
704 928 740 950 vel
758 927 889 956 formales,
910 929 935 949 ut
955 935 965 947 α
978 927 1111 949 deformitas
1128 929 1150 949 ct
1172 933 1218 949 ma-

370 970 420 992 cula
433 978 454 997 n,
472 969 507 990 vel
525 967 664 997 simpliciter
680 965 791 996 effectivi,
821 967 860 994 qui
881 968 934 988 sunt
955 966 1105 988 «secundum
1128 968 1217 988 reatum

370 1008 477 1037 [poenae]
495 1010 517 1029 et
534 1006 651 1035 sequelam
664 1014 675 1025 n
696 1006 761 1033 (intra
788 1005 809 1027 d.
834 1005 870 1027 36.
889 1011 908 1026 a.
927 1005 948 1026 2.
966 1011 988 1033 q.
1007 1005 1027 1026 2.
1046 1005 1068 1026 in
1086 1006 1167 1033 corp.).
1185 1004 1218 1027 De

370 1048 450 1076 primis
474 1045 593 1068 effectibus
614 1046 689 1073 agitur
707 1046 728 1066 in
747 1045 789 1066 hac
807 1044 871 1072 dist.,
890 1044 918 1066 de
935 1043 1043 1066 secundis
1060 1044 1081 1065 in
1099 1047 1216 1072 sequente.

369 1098 401 1103 —-
418 1087 475 1108 lnter
492 1085 598 1112 effectus,
617 1085 656 1112 qui
673 1086 726 1106 sunt
752 1084 823 1106 ezrtra
847 1082 993 1111 subiectum,
1019 1083 1151 1110 principalis
1168 1086 1217 1111 est,

370 1125 433 1154 quod
450 1123 558 1147 obiectire
575 1123 674 1145 violatur
691 1123 725 1145 tex
743 1126 765 1145 et
782 1122 840 1145 ordo
854 1122 906 1150 Dei,
919 1125 941 1144 et
952 1122 1075 1144 offenditur
1088 1123 1137 1150 ipse
1149 1122 1217 1150 Deus,

369 1165 398 1187 de
416 1170 462 1193 quo
480 1164 520 1185 cir.
538 1163 594 1184 insi-a
618 1169 639 1191 q.
659 1162 687 1190 3;
706 1162 739 1184 llt.
757 1162 818 1184 Sent.
837 1161 859 1184 d.
877 1161 914 1183 20.
932 1167 952 1183 a.
974 1161 991 1183 1.
1009 1167 1031 1190 q.
1050 1161 1078 1189 3,
1097 1161 1133 1183 tv.
1157 1161 1218 1183 Seni.

370 1203 391 1226 d.
413 1203 445 1225 15.
465 1209 487 1230 p.
504 1203 518 1224 l.
537 1208 556 1224 a.
580 1203 596 1223 t.
615 1208 638 1230 q.
656 1202 675 1223 rt.

431 1242 454 1263 li.
473 1242 494 1263 tn
512 1240 615 1263 subiecto
642 1242 751 1268 peccante
776 1240 817 1262 tria
844 1239 985 1261 considerari
1009 1241 1121 1267 possunt:
1138 1238 1219 1268 qratia

369 1280 560 1309 supernaturalis,
580 1286 639 1308 quae
657 1278 746 1307 perficit
763 1282 884 1307 naturam;
902 1279 1001 1306 natura,
1016 1284 1075 1307 quae
1093 1278 1217 1306 perficitur,

369 1324 392 1343 et
408 1319 518 1343 habilitas
535 1320 639 1342 naturae
656 1319 685 1341 ad
698 1320 771 1346 ipsam
784 1319 889 1346 gratiam.
902 1318 934 1340 De
946 1318 1027 1340 effectu
1041 1318 1128 1346 peccati
1141 1317 1218 1347 quoad

368 1359 474 1389 qratiam
491 1364 536 1381 non
554 1361 588 1381 est
609 1358 743 1386 difficultas,
762 1364 815 1380 cum
833 1360 932 1385 constet⁷
951 1357 1015 1386 quod
1032 1358 1104 1385 gratia
1122 1357 1220 1380 sanctiti-

369 1405 424 1421 cans
439 1401 461 1421 et
473 1398 564 1421 habitus
575 1399 674 1420 caritatis
685 1400 780 1426 peccato
792 1397 881 1419 mortali
894 1397 1042 1419 essentialiter
1054 1400 1218 1425 opponuntur;

370 1437 430 1460 unde
452 1440 558 1465 peccator
580 1443 613 1459 «a
635 1437 759 1464 semetipso
781 1437 845 1464 sugat
861 1436 958 1464 gratiam
982 1435 1097 1463 divinam,
1116 1438 1137 1457 et
1158 1435 1220 1458 Deus

370 1477 451 1499 dicitur
463 1478 553 1499 auferre
565 1485 575 1496 iv
597 1476 676 1504 (supra
694 1475 716 1498 d.
735 1476 772 1498 32.
791 1482 810 1497 a.
829 1476 850 1497 2.
868 1481 890 1503 q.
909 1476 930 1497 2.
948 1474 977 1497 ad
996 1474 1042 1503 4.);
1061 1474 1124 1503 quod
1144 1476 1220 1502 magis

369 1517 495 1545 explicatur
512 1517 568 1538 intra
587 1516 609 1539 d.
627 1516 663 1538 36.
682 1522 702 1538 a.
721 1515 742 1537 3.
755 1522 777 1544 q.
791 1515 811 1537 2.
825 1515 854 1537 ad
867 1514 887 1536 5.
899 1514 1035 1537 -—Natnra
1047 1517 1123 1536 autem
1136 1515 1184 1542 ipsa
1198 1515 1219 1536 in

369 1562 394 1578 se
411 1555 540 1577 nullatenus
557 1555 727 1582 corrumpitur,
745 1554 798 1582 quia
816 1556 850 1575 est
862 1552 993 1576 subiectum
1006 1554 1106 1581 peccati,
1119 1559 1164 1575 non
1177 1554 1220 1581 ipsi

370 1594 527 1618 contrarium.
544 1606 575 1610 —
593 1594 649 1616 Tota
668 1594 737 1622 igitur
755 1593 877 1615 difficultas
894 1596 915 1615 et
933 1593 1036 1621 quaestio
1054 1595 1087 1614 est
1105 1592 1134 1614 de
1147 1593 1219 1620 tertio,

370 1634 419 1656 sive
437 1633 464 1655 de
482 1632 602 1656 habilitate
612 1651 618 1660 ‚
641 1641 650 1653 «
664 1639 723 1661 quae
742 1634 775 1654 cst
792 1631 849 1654 ordo
866 1631 921 1654 boni
934 1632 1043 1654 naturalis
1055 1631 1084 1653 ad
1097 1632 1194 1660 gratiam
1206 1639 1216 1652 n

371 1673 402 1699 (S.
421 1673 511 1701 Tuom„
524 1672 552 1695 de
566 1673 630 1700 illato,
644 1679 666 1701 q.
685 1673 705 1694 2.
724 1678 744 1694 a.
765 1672 772 1694 ¹t
783 1672 799 1693 t.
818 1671 847 1693 ad
864 1670 920 1700 14),
933 1671 983 1698 vel,
997 1674 1021 1693 ut
1034 1671 1088 1693 dicit
1100 1671 1122 1692 S.
1135 1671 1220 1693 Bonav.

370 1713 416 1741 (hie
433 1719 453 1734 a.
471 1713 492 1734 2.
510 1719 532 1741 q.
551 1712 590 1740 3.)‚
612 1720 622 1732 α
635 1715 670 1734 est
686 1711 798 1734 idoneitas
815 1711 905 1733 animae
923 1710 951 1732 ad
978 1710 1149 1738 suscipiendam
1171 1716 1221 1738 gra-

370 1752 423 1773 tiam
442 1754 463 1774 et
481 1751 509 1773 ad
527 1750 700 1779 cooperandum
726 1751 813 1778 gratiae
839 1750 883 1771 iam
905 1752 1026 1777 susceptae
1039 1758 1059 1771 ³).
1078 1749 1109 1771 Dc
1128 1750 1170 1771 hoc
1188 1756 1221 1771 re-

371 1791 439 1813 solvit
456 1791 477 1812 S.
496 1790 581 1812 Bonav.
600 1796 654 1812 cum
677 1790 726 1812 aliis
745 1788 894 1817 doctoribus⁷
913 1788 976 1817 quod
995 1790 1043 1816 ipsa
1063 1791 1156 1816 peccato
1174 1794 1222 1810 cor-

370 1830 485 1857 rumpitur
503 1835 547 1851 non
566 1829 587 1850 in
607 1829 669 1853 toto.
696 1828 736 1850 sed
760 1828 782 1849 in
804 1829 889 1857 parte,
910 1834 954 1849 non
972 1827 1101 1849 secundum
1120 1827 1142 1849 id
1160 1826 1224 1856 quod

370 1870 416 1897 est,
436 1869 477 1891 sed
494 1868 622 1891 secundum
640 1868 663 1890 id
680 1867 712 1890 ad
728 1866 792 1897 quoii
808 1868 842 1890 est
860 1867 926 1891 (infra
949 1873 968 1889 a.
988 1867 1008 1888 2.
1027 1873 1048 1896 q.
1068 1867 1088 1889 3.
1106 1870 1128 1889 et
1145 1867 1181 1889 hic
1199 1868 1220 1889 in

371 1915 434 1937 corp.
452 1908 513 1930 etad
532 1907 552 1930 4.
571 1907 610 1935 5.).
628 1907 688 1929 Haec
706 1910 728 1929 et
745 1907 785 1928 alia
806 1907 826 1928 in
846 1908 934 1935 quaest.
957 1906 974 1927 1.
993 1909 1014 1928 ct
1032 1906 1052 1927 2.
1071 1905 1130 1928 dicta
1149 1909 1174 1928 ut
1192 1907 1221 1928 sa-

371 1948 436 1970 cilius
454 1947 620 1975 intelligantur⁷
639 1952 710 1974 pauca
731 1948 901 1973 praenotamus.

436 1987 455 2008 t.
474 1985 531 2008 Cum
554 1986 661 2007 voluntas
678 1991 702 2007 se
720 1986 793 2012 ipsam
812 1987 914 2012 moveat,
933 1987 997 2007 actus
1014 1985 1158 2007 voluntarius
1176 1991 1221 2007 non

371 2028 457 2048 tantum
476 2028 510 2047 est
521 2031 534 2047 st
547 2024 675 2051 voluntate,
690 2024 731 2046 scd
743 2025 811 2046 etiam
824 2023 849 2045 in
862 2023 989 2051 voluntate,
1005 2024 1057 2052 quia
1071 2030 1115 2045 non
1134 2026 1221 2045 tantum

371 2068 405 2087 est
414 2064 507 2087 emissio
517 2067 588 2092 actus,
598 2064 639 2086 sed
651 2065 719 2086 etiam
732 2065 781 2086 eius
793 2063 893 2093 receptio
904 2064 934 2089 (S.
949 2063 1039 2090 Timui,
1052 2063 1080 2085 de
1090 2063 1154 2090 Malo,
1165 2070 1186 2091 q.
1200 2064 1221 2085 2.

371 2110 391 2126 a.
413 2104 446 2126 ti.
465 2104 494 2126 ad
513 2103 551 2131 4.).
570 2104 626 2125 Hinc
643 2105 688 2130 est,
708 2103 771 2131 quod
790 2102 845 2125 dum
863 2105 928 2124 actus
944 2101 1065 2124 naturalis
1078 2102 1131 2124 ninii
1144 2104 1223 2124 causat

371 2144 393 2165 in
411 2146 505 2171 agente,
523 2145 614 2165 econtra
636 2151 645 2161 α
658 2148 686 2164 ex
703 2141 793 2164 actibus
809 2141 935 2164 moralibus
947 2144 1021 2169 potest
1033 2142 1122 2163 causari
1135 2141 1221 2169 aliquid

371 2183 393 2204 in
412 2184 506 2210 agente,
524 2184 549 2203 ut
566 2181 657 2203 habitus
673 2184 695 2203 et
713 2180 844 2208 dispositio,
870 2180 906 2202 vel
932 2181 1000 2202 etiam
1026 2179 1112 2208 aliquid
1131 2180 1222 2207 opposi-

372 2224 420 2243 tum
434 2229 443 2241 n
465 2220 547 2247 (ibid).
575 2220 644 2242 Porro
669 2222 733 2241 actus
755 2219 830 2241 matus
847 2221 881 2241 est
897 2225 909 2240 a
927 2219 1044 2240 voluntate
1062 2221 1086 2240 ut
1102 2218 1178 2246 actio,
1200 2219 1221 2240 in

372 2261 489 2282 voluntate
507 2262 531 2282 ut
547 2259 641 2288 passio,
668 2259 730 2281 undo
751 2258 873 2287 corruptio
891 2259 964 2286 ipsius
981 2260 1045 2280 actus
1062 2261 1095 2280 est
1112 2264 1124 2279 a
1142 2258 1222 2280 volun-

372 2301 416 2321 tate
433 2303 458 2321 ut
475 2298 674 2328 corruptio-arlia,
695 2299 716 2320 iu
734 2299 851 2320 voluntate
876 2300 901 2320 ut
926 2297 1142 2327 corruptio-passio.
1170 2297 1221 2320 Cor-

373 2339 450 2366 ruptio
475 2339 549 2365 enim,
574 2338 648 2360 active
674 2340 762 2365 sumta.
785 2340 841 2359 <test
866 2338 923 2359 aetio
950 2343 1002 2359 cum
1026 2337 1155 2363 desectum
1180 2342 1222 2359 nec

376 2385 386 2397 α
399 2377 465 2405 culpa
479 2377 554 2405 privat
567 2377 643 2405 ipsum
656 2379 745 2403 actum,
758 2376 799 2398 scd
812 2377 888 2404 privat
899 2375 1004 2398 ordinem
1017 2378 1082 2397 actus
1094 2376 1115 2397 in
1129 2375 1196 2397 tinem
1208 2384 1218 2395 ι)

374 2417 419 2445 (tiic
436 2423 458 2445 q.
482 2417 497 2439 Ι.
516 2417 545 2439 ad
563 2418 584 2439 ⁴2.
603 2417 630 2443 5;
649 2417 689 2438 cfr.
707 2417 729 2438 S.
748 2416 844 2444 Ttiom.,
863 2416 899 2437 hic
917 2422 936 2438 a.
955 2415 995 2445 5.).

436 2457 457 2479 2.
476 2455 673 2485 Corr‘qutz'o-actio
691 2459 724 2478 est
742 2456 763 2477 in
781 2462 806 2477 se
823 2458 845 2477 et
857 2455 942 2477 directe
954 2455 1022 2477 volita
1035 2458 1057 2477 et
1068 2455 1147 2483 libera,
1160 2454 1221 2477 unde

373 2496 395 2517 iu
413 2496 462 2524 ipsa
486 2496 560 2524 primo
583 2499 605 2518 et
629 2501 670 2523 pcr
692 2501 716 2517 se
742 2495 857 2517 invenitur
882 2493 944 2516 ratio
971 2493 1054 2523 calpae
1076 2495 1125 2516 sive
1151 2493 1220 2523 culpo

1272 574 1380 598 actualis.
1400 575 1614 605 Corruptz'o-passio
1632 577 1747 599 ordinarie
1765 583 1809 599 non
1827 579 1862 599 est
1885 578 1954 600 volita
1981 579 2022 600 nisi
2040 578 2124 600 indire-

1274 617 1307 637 cte
1318 633 1323 642 ‚
1350 615 1413 643 quod
1438 616 1534 643 sufficit⁷
1560 618 1585 638 ut
1610 622 1652 638 suo
1670 615 1741 638 modo
1758 617 1879 644 participet
1896 616 2013 639 rationem
2030 616 2121 646 culpae.

1273 654 1374 683 Utraque.
1391 656 1468 676 autem
1489 655 1622 683 corruptio,
1648 655 1733 677 scilicet
1758 656 1830 683 ipsius
1856 656 1924 678 actus
1941 658 1963 678 et
1978 655 2121 684 voluntatis,

1274 699 1346 715 unum
1364 693 1420 721 quid
1437 694 1583 721 constituunt,
1601 694 1650 716 sive
1672 702 1681 714 ιι
1694 694 1761 722 culpa
1774 697 1808 716 est
1820 694 1928 717 differens
1940 695 2123 722 comparatione,

1272 737 1323 754 una
1340 733 1415 753 tamen
1433 737 1474 759 per
1491 733 1614 755 essentiam
1626 741 1636 752 υ
1659 732 1704 760 (liic
1721 739 1744 761 q.
1764 733 1803 760 2.)-

1338 770 1359 792 3.
1377 770 1576 799 corruptio-actio
1602 772 1637 793 est
1662 771 1748 800 aliquid
1768 773 1895 800 transien53
1914 772 2123 802 corruptio-passio

1274 812 1360 837 potest,
1379 812 1492 832 transacto
1510 813 1573 837 actu⁷
1592 816 1712 832 remanere
1731 811 1752 832 in
1770 811 1887 833 voluntate
1906 814 1930 833 ut
1946 814 2067 839 peccatum
2085 811 2125 835 ha-

1275 847 1376 876 bituate,
1397 848 1459 877 quod
1485 851 1519 871 est
1544 852 1593 872 tum
1619 855 1691 877 prava
1717 849 1822 872 eiusdem
1840 849 1959 879 dispositio
1977 853 1999 872 et
2015 850 2123 880 vitiatio,

1275 891 1323 910 tum
1341 887 1427 917 calpa,
1447 888 1532 910 scilicet
1552 896 1563 908 «ι
1577 889 1599 910 in
1618 888 1699 911 ordine
1717 888 1746 911 ad
1764 895 1831 911 suam
1849 895 1941 911 causam
1955 898 1965 910 n
1987 889 2018 918 (S.
2033 890 2124 918 Thom,

1274 927 1296 948 S.
1315 927 1329 948 1.
1349 926 1372 948 ll.
1391 932 1412 955 q.
1431 927 1467 948 86.
1485 933 1505 949 a.
1525 927 1545 949 ’1.
1563 927 1593 949 ad
1611 927 1631 949 3.
1650 930 1672 950 et
1689 933 1709 950 a.
1728 927 1766 956 2.).
1785 928 1906 950 Peccatum
1923 929 1993 956 igitur
2010 928 2125 951 habituale

1274 966 1296 987 in
1313 971 1353 993 se,
1371 965 1495 988 formaliter
1512 966 1643 994 loquendo,
1662 972 1705 988 non
1725 969 1759 989 est
1775 972 1791 989 a
1805 966 1939 995 voluntate,
1953 967 1995 989 sed
2007 967 2032 990 in
2043 967 2125 990 volun-

1275 1005 1321 1027 tate
1338 1007 1363 1027 ut
1379 1006 1595 1034 corruptio-passio,
1614 1012 1673 1034 quae.
1696 1009 1773 1028 tamen
1790 1012 1806 1029 a
1822 1006 1943 1029 volimtate
1960 1007 2028 1030 trahit
2044 1009 2067 1029 et
2083 1008 2125 1029 ori-

1275 1044 1353 1072 ginem
1370 1046 1391 1066 et
1409 1045 1520 1066 rationem
1539 1044 1629 1074 calpae.
1646 1057 1678 1061 -—
1694 1044 1791 1073 Culpam
1810 1047 1887 1067 autem
1908 1046 1966 1068 hanc
1987 1046 2126 1068 recentiores

1275 1083 1374 1111 theologi
1393 1089 1445 1106 cum
1465 1084 1486 1106 S.
1504 1084 1632 1111 Augustino
1657 1086 1741 1106 vocant
1765 1085 1860 1107 reatum
1886 1083 1986 1114 calpae,
2006 1087 2031 1106 ut
2047 1084 2126 1107 distin-

1275 1125 1359 1150 guatur
1376 1129 1387 1145 a
1406 1122 1478 1152 culpa
1495 1123 1591 1146 actuali.
1609 1124 1702 1152 Antiqui
1719 1127 1796 1146 autem
1809 1123 1941 1146 Scholastici
1953 1126 2075 1152 utramque
2088 1130 2126 1146 no-

1276 1162 1336 1184 mine
1348 1161 1432 1191 calpae
1443 1161 1613 1190 exprimebant,
1632 1168 1715 1185 vocem
1733 1165 1808 1185 autem
1827 1164 1909 1185 reatus
1921 1162 2071 1185 reservabant
2082 1169 2125 1191 pro

1275 1201 1344 1223 reatu
1352 1206 1443 1230 poenae
1460 1201 1510 1223 sive
1522 1199 1663 1230 obliqatione
1675 1201 1704 1223 ad
1718 1207 1817 1229 poenam
1829 1201 1987 1224 sustinendam
2005 1201 2055 1230 (cfr.
2068 1202 2125 1224 inira

1276 1240 1297 1262 d.
1311 1239 1347 1262 42.
1361 1239 1416 1262 dub.
1433 1240 1468 1267 t.).

1339 1278 1360 1300 4.
1378 1279 1440 1301 Sicut
1457 1279 1479 1300 in
1497 1281 1591 1306 peccato
1609 1283 1642 1301 est
1659 1279 1750 1301 aversio
1767 1282 1789 1301 et
1806 1280 1927 1301 conversio
1938 1297 1943 1307 ‚
1964 1287 1974 1300 α
1987 1280 2020 1302 sic
2036 1280 2057 1301 iu
2075 1279 2125 1309 ipso

1275 1317 1358 1341 habitu
1375 1319 1461 1345 peccati
1487 1320 1521 1340 est
1544 1317 1647 1347 privatio
1666 1317 1757 1340 habitus
1774 1317 1828 1340 boni
1847 1318 2000 1346 [rectitudinis
2017 1325 2126 1346 superna-

1275 1357 1355 1380 turalis
1371 1360 1393 1379 et
1411 1357 1529 1385 naturalis]
1551 1360 1573 1380 et
1590 1357 1705 1386 quaedam
1723 1356 1854 1380 ltabilitatio
1873 1357 1901 1380 ad
1919 1361 1996 1380 actum
2014 1359 2126 1386 peccati...

1276 1399 1298 1418 ct
1313 1396 1415 1426 privatio
1432 1396 1527 1424 [scilicet
1545 1403 1587 1424 per
1603 1400 1679 1419 actum
1698 1396 1847 1425 culpabilem]
1865 1396 1988 1419 habilitatis
2005 1397 2081 1419 bonae
2093 1400 2127 1420 est

1276 1437 1353 1464 ipsum
1376 1439 1513 1464 peceatum,
1536 1435 1673 1464 formaliter
1698 1436 1830 1465 loquendo;
1854 1437 1902 1464 ipsa
1921 1442 1977 1459 vero
1995 1435 2126 1460 liabilitatio

1276 1477 1326 1498 sive
1343 1476 1446 1504 pronitas
1462 1475 1492 1498 ad
1509 1478 1585 1498 actum
1603 1477 1690 1504 peccati
1703 1482 1747 1498 non
1763 1478 1796 1498 est
1813 1480 1942 1504 peccatum,
1955 1477 1997 1498 nisi
2014 1476 2127 1499 materia-

1278 1514 1331 1537 liter
1348 1514 1476 1543 loquendo,
1495 1521 1537 1542 pro
1555 1520 1582 1536 eo
1599 1514 1663 1543 quod
1680 1521 1725 1536 non
1743 1517 1777 1537 est
1794 1514 1881 1544 calpa,
1901 1515 1943 1537 nisi
1956 1515 2068 1544 quamdiu
2081 1521 2127 1537 ma-

1277 1557 1315 1576 net
1332 1553 1362 1576 ibi
1376 1553 1480 1583 privatio
1494 1562 1504 1574 n
1527 1553 1606 1581 (supra
1625 1553 1647 1576 d,
1665 1554 1701 1576 32.
1720 1560 1740 1576 a.
1759 1554 1779 1576 ri.
1798 1561 1820 1583 q.
1843 1555 1878 1583 1.).
1897 1554 1954 1577 Hinc
1965 1555 2030 1577 facite
2047 1554 2127 1577 intelli-

1277 1594 1350 1622 gitur,
1378 1593 1442 1622 quod
1468 1599 1521 1615 cum
1547 1592 1741 1622 corruptio-actio
1767 1594 1916 1616 essentialiter
1933 1596 1955 1616 et
1981 1599 2074 1622 semper
2099 1594 2127 1617 sit

1277 1631 1363 1661 culpa,
1384 1638 1427 1654 non
1446 1638 1535 1660 poena3
1554 1631 1764 1661 cormiptio-passio
1788 1633 1809 1654 in
1832 1636 1927 1660 peccato
1951 1632 2059 1655 habituali
2082 1632 2126 1655 sub

1278 1671 1369 1693 diversa
1388 1672 1560 1699 comparatione
1578 1671 1661 1693 habeat
1678 1672 1790 1694 rationem
1806 1674 1853 1694 tum
1865 1671 1964 1701 calpae,
1979 1674 2027 1694 tum
2038 1677 2127 1701 poenae

1278 1711 1343 1738 (infra
1363 1711 1384 1733 d.
1403 1710 1438 1732 36.
1457 1710 1513 1733 dub.
1532 1712 1552 1732 2.
1570 1714 1592 1733 et
1609 1717 1628 1733 a.
1651 1711 1667 1732 1.
1687 1711 1726 1740 2.).

1341 1749 1362 1771 5.
1380 1750 1439 1772 Scot.
1459 1750 1504 1777 (tV.
1523 1750 1583 1772 Sent.
1602 1749 1624 1772 d.
1647 1749 1679 1771 t4.
1699 1756 1720 1778 q.
1742 1750 1761 1772 t.
1780 1756 1801 1771 n.
1820 1750 1840 1772 6.
1859 1750 1891 1776 7.)
1917 1749 2010 1772 videtur
2028 1750 2126 1777 docere,

1278 1789 1340 1817 quod
1359 1792 1479 1816 peccatum
1498 1788 1613 1811 habituale
1635 1790 1743 1811 consistat
1768 1789 1790 1810 in
1816 1788 1959 1811 ordinatione
1984 1790 2075 1817 passiva
2098 1789 2127 1812 ad

1276 1833 1378 1856 poenam
1388 1835 1395 1853 ‚·
1414 1830 1489 1849 tamon
1508 1834 1552 1849 non
1569 1827 1652 1850 eodem
1672 1827 1741 1849 modo
1759 1828 1897 1855 explicatur.
1920 1830 1944 1850 ut
1961 1828 2036 1850 videri
2053 1830 2128 1856 potest

1278 1866 1309 1888 ibi
1327 1867 1348 1888 in
1367 1866 1452 1888 scholio
1470 1871 1491 1889 et
1508 1867 1530 1888 in
1548 1866 1718 1889 Commentario
1737 1866 1785 1893 (ed.
1804 1866 2127 1895 Waddingi).—Nominales

1278 1909 1354 1928 autem
1373 1905 1499 1934 negabant,
1518 1910 1638 1933 peccatum
1656 1906 1745 1928 actuale
1767 1912 1817 1928 esse
1839 1906 2010 1933 corruptionem
2032 1906 2128 1929 alicuius

1278 1945 1348 1973 honi,
1366 1945 1429 1973 quod
1447 1945 1476 1967 sit
1493 1944 1517 1967 in
1535 1945 1670 1973 voluntate,
1691 1945 1731 1967 sed
1755 1946 1890 1973 volucrunt,
1908 1951 1959 1968 esse
1980 1948 2068 1968 tantum
2080 1951 2128 1968 cor-

1279 1986 1410 2012 ruptionem
1427 1985 1523 2007 alicuius
1539 1985 1696 2013 rectitudinisy
1716 1991 1775 2014 quae
1796 1986 1870 2007 inesse
1891 1985 1986 2008 deberet
2002 1985 2068 2008 actui
2084 1985 2128 2014 vel,

1279 2028 1303 2047 ut
1321 2025 1368 2047 vult
1382 2024 1496 2050 Occlmm,
1510 2024 1628 2048 volantati
1645 2025 1694 2053 (cfr.
1712 2025 1773 2052 Eiet,
1792 2025 1828 2047 tiic
1851 2031 1873 2053 q.
1891 2026 1976 2051 unica).
1988 2037 2019 2040 —
2031 2026 2076 2047 tam
2093 2032 2129 2048 su-

1279 2069 1320 2090 pra
1339 2063 1370 2091 (d.
1389 2063 1425 2085 33.
1443 2070 1463 2085 a.
1486 2064 1502 2085 t.
1520 2070 1541 2092 q.
1566 2064 1582 2085 Ι.
1600 2064 1621 2084 in
1639 2063 1720 2091 schol.)
1748 2062 1898 2085 observatum
1920 2066 1966 2091 est,
1984 2062 2057 2085 verba
2079 2068 2128 2085 ‘ma-

1279 2101 1334 2124 cula
1351 2104 1373 2123 et
1389 2101 1528 2131 deformitas
1555 2108 1600 2124 non
1622 2102 1643 2123 in
1662 2101 1745 2124 eodem
1763 2108 1832 2124 sensu
1850 2103 1910 2124 sumi
1928 2108 1940 2124 a
1958 2102 1980 2124 S.
1998 2102 2084 2124 Bonav.
2108 2104 2130 2124 et

1278 2147 1290 2162 a
1309 2141 1330 2162 S.
1350 2141 1447 2163 Ttioma.

1343 2179 1375 2200 tu.
1394 2179 1425 2201 De
1448 2180 1464 2201 t.
1482 2182 1504 2201 et
1521 2180 1542 2201 2.
1560 2180 1628 2201 liuius
1645 2179 1732 2201 articuli
1751 2182 1838 2208 quaest.
1856 2179 1892 2201 alii
1916 2180 2019 2207 magistri
2036 2179 2080 2202 sub
2098 2179 2129 2202 di-

1279 2218 1352 2239 versis
1370 2218 1439 2240 titulis
1456 2220 1477 2239 et
1494 2218 1634 2247 plerumque
1647 2219 1713 2240 unica
1728 2219 1862 2247 quaestione
1874 2222 1969 2241 tractant
1980 2224 1984 2240 :
1997 2219 2058 2241 Alex.
2071 2219 2128 2247 Hal.y

1278 2256 1300 2278 S.
1320 2262 1341 2284 p.
1360 2256 1383 2278 tt.
1402 2263 1423 2285 q.
1442 2256 1478 2278 923.
1498 2263 1528 2278 m.
1547 2258 1567 2279 2.
1584 2263 1604 2279 a.
1623 2257 1643 2278 3.
1661 2257 1674 2286 g
1693 2257 1718 2285 5,
1737 2264 1759 2286 q.
1782 2256 1831 2279 104.
1850 2263 1881 2279 m.
1900 2258 1920 2279 8.
1939 2263 1958 2279 a.
1979 2256 1999 2279 4.
2017 2257 2128 2286 —Scot.,

1278 2296 1300 2317 in
1319 2299 1417 2324 utroque
1435 2296 1531 2324 scripto,
1550 2297 1585 2318 liic
1603 2303 1624 2325 q.
1644 2297 1716 2319 unica.
1730 2308 1762 2312 —
1777 2297 1798 2318 S..
1818 2297 1913 2324 Tuom,
1932 2297 1968 2319 hic
1986 2303 2005 2319 a.
2024 2297 2044 2319 5.
2068 2300 2089 2319 et
2107 2296 2128 2319 d.

1279 2334 1315 2357 34.
1334 2341 1354 2357 a.
1372 2335 1401 2361 ὃς
1419 2335 1440 2357 S.
1460 2336 1474 2357 l.
1492 2335 1515 2357 tt.
1534 2342 1555 2364 q.
1574 2335 1610 2358 85.
1629 2342 1648 2357 a.
1668 2336 1676 2357 l
1691 2343 1696 2363 ;
1715 2335 1744 2358 (le
1762 2336 1829 2364 Malo,
1847 2343 1868 2365 q.
1886 2337 1906 2358 ⁴2.
1925 2342 1944 2358 a.
1964 2336 2000 2358 ll.
2019 2336 2083 2359 —B.
2096 2336 2130 2358 Al-

1279 2375 1349 2402 bert.‚
1366 2376 1388 2397 S.
1408 2382 1428 2403 p.
1448 2375 1461 2397 Ι.
1480 2378 1506 2398 tr.
1525 2376 1545 2397 6.
1565 2381 1586 2404 q.
1605 2375 1642 2397 27.
1661 2381 1691 2398 m.
1710 2375 1731 2398 4.
1750 2388 1780 2391 —
1798 2376 1855 2398 petr.
1882 2382 1893 2398 a
1921 2376 1987 2403 Tan,
2013 2376 2050 2398 hic
2067 2382 2089 2404 q.
2108 2376 2129 2398 2.

1278 2421 1298 2437 a.
1321 2415 1338 2436 t.
1357 2415 1376 2436 2².
1396 2427 1426 2429 —
1443 2414 1549 2436 menard.
1568 2420 1580 2436 a
1599 2414 1670 2442 Med,
1689 2415 1725 2437 liic
1743 2421 1764 2437 a.
1786 2415 1803 2437 t.
1822 2422 1843 2444 q.
1863 2416 1883 2442 2,
1902 2421 1922 2437 a.
1941 2415 1962 2437 2.
1980 2422 2002 2444 q.
2023 2415 2042 2437 1.
2061 2414 2082 2437 4.
2098 2427 2130 2431 —

1279 2454 1354 2482 AEgid.
1372 2455 1410 2481 R..
1429 2455 1465 2476 hic
1483 2461 1504 2483 q.
1527 2454 1544 2476 1.
1562 2460 1582 2476 a.
1601 2454 1629 2482 3;
1648 2454 1671 2476 d.
1689 2454 1726 2477 34.
1744 2461 1766 2483 q.
1785 2455 1805 2476 2.
1824 2461 1843 2477 a.
1857 2454 1877 2476 3.
1890 2454 2043 2482 —Durand.,
2057 2454 2078 2476 d.
2091 2454 2129 2476 34.

1279 2500 1301 2522 q.
1321 2493 1341 2515 4.
1359 2505 1390 2509 —
1407 2493 1499 2520 Dionys.
1518 2492 1606 2520 Carta,
1624 2494 1660 2515 tiic
1678 2500 1700 2522 q.
1723 2494 1739 2515 1.

1142 2583 1305 2621 QUAESTIO
1327 2584 1356 2612 Π.

700 2672 805 2700 Utrum.
823 2674 978 2709 peccatam
998 2670 1038 2699 sit
1058 2670 1124 2707 ipsa.
1146 2669 1419 2707 corruptio-passio,
1442 2669 1633 2698 essentialiter
1655 2669 1805 2707 loquendo.

454 2757 580 2786 Secundo
607 2758 768 2795 quaeritur.
796 2761 894 2786 utrum
923 2761 1069 2795 peceatum
1097 2757 1132 2786 sit
1161 2757 1221 2794 ipsa

377 2804 636 2841 corruptio-passio,
657 2805 841 2834 essentialiter
863 2805 1010 2842 loquendo.
1027 2805 1058 2833 Et
1072 2804 1148 2842 quod
1170 2804 1220 2839 sic,

379 2848 497 2877 videtur.

1363 2758 1383 2785 l.
1411 2757 1597 2791 «Peccatum,
1619 2757 1691 2786 sicut
1720 2757 1786 2785 dicit
1812 2756 1987 2790 Anselmus¹‚
2010 2764 2065 2784 non
2087 2759 2233 2786 esti-'undamn-

1278 2804 1355 2832 aliud
1377 2812 1461 2841 quam
1483 2803 1608 2832 absentia
1624 2804 1667 2832 vel
1683 2804 1806 2832 carentia
1828 2803 1963 2835 iustitiae,
1980 2803 2029 2832 ubi
2044 2803 2128 2831 debet

1279 2858 1339 2879 esse
1352 2862 1377 2884 υς
1399 2851 1448 2879 sed
1477 2851 1596 2887 privatio
1625 2851 1745 2880 iustitiae
1771 2850 1882 2887 passiva
1911 2858 1965 2878 non
1987 2853 2029 2879 est
2050 2849 2127 2878 aliud

443 2979 449 2993 ¹
468 2981 499 3002 De
511 2980 569 3003 Casu
583 2982 676 3011 diaboli⁷
695 2989 713 3005 c.
727 2984 746 3006 Ε),
766 2987 787 3006 et
801 2985 839 3011 tss;
858 2984 887 3006 de
899 2985 1015 3013 Conceptu
1034 2987 1116 3013 virgin.
1134 2988 1156 3008 ct
1173 2986 1230 3013 orig.
1248 2992 1312 3014 pecc.
1331 2992 1350 3008 c.
1369 2986 1389 3008 3.
1408 2988 1430 3008 et
1447 2986 1467 3008 6.
1486 2985 1530 3008 Csr.
1549 2991 1619 3013 supra
1638 2991 1691 3013 pag.
1709 2984 1762 3013 722,
1781 2986 1833 3006 nota
1851 2984 1872 3006 3.
